1902 3126
138 165 198 202 2⁰8

140 246 196 271 eo.
239 231 323 273 Sed,
354 229 384 265 si
422 228 494 264 diei
536 227 659 271 liceat,
696 226 917 271 permixtum

140 285 192 317 est
242 280 311 314 hor
355 277 489 311 festum
531 273 786 319 compassione
834 285 917 320 per-

141 327 322 366 maxima,
347 326 500 369 propter
532 331 643 367 quam
681 324 717 356 et
751 331 818 357 nos
840 322 917 366 plo-

140 384 223 409 rare
267 372 504 407 deberemus.
545 367 787 414 Conspiciunt
821 369 918 404 enim

141 431 225 456 euni
270 420 514 458 reverenter,
561 419 596 451 et
636 414 918 450 considerantes

140 469 257 503 Deum
289 476 330 500 ac
365 464 564 499 Dominum
597 472 717 503 suum,
740 465 776 497 et
805 461 918 497 totius

141 512 270 549 mundi
315 512 551 552 Creatorem,
592 509 653 554 qui
693 509 753 543 (lat
795 518 917 544 escam

141 561 240 597 omni
262 558 377 602 carni,
394 557 445 593 sic
463 556 711 597 humiliatum,
726 558 761 589 et
779 559 919 589 susten-

139 607 282 642 tatione
325 605 396 639 ribi
426 603 630 649 corporalis
662 602 918 645 indigentem,

139 658 173 690 et
197 653 455 688 comedentem
488 650 583 686 sirnt
617 653 763 684 ceteros
788 650 832 683 de
854 658 918 692 po-

140 701 243 747 pulo,
280 702 475 734 moventur
519 697 777 741 compassione
811 705 921 739 snper

143 758 200 784 eo.
225 749 267 782 Et
286 746 396 781 credo
417 744 514 791 quod
539 743 568 779 si
587 743 698 778 corde
717 742 919 777 ati‘ectucjiso

606 159 750 193 PRIMAE
787 157 948 192 PARTIS
987 157 1124 191 CAPUT
1162 156 1290 189 XXIII

990 226 1026 261 in
1049 227 1119 261 lioc
1140 228 1238 261 statu
1268 233 1352 259 eum
1378 222 1601 268 1=espicereS‚
1626 225 1662 258 et
1682 232 1766 259 eum

990 272 1201 318 aliqualiter
1230 270 1419 316 diligeres,
1440 280 1483 306 ex
1504 269 1627 305 valida
1658 279 1766 305 com-

990 320 1163 366 passione
1202 319 1383 364 plorares.
1412 316 1579 352 Tandem
1619 319 1766 352 susten·

991 367 1133 402 tatione
1165 365 1235 400 cibi
1259 368 1444 410 percepta,
1485 365 1522 399 et
1563 362 1769 408 gratiarum
1796 382 1801 388 ·

990 414 1135 449 actione
1175 412 1332 455 reddita,
1356 410 1536 447 Dominus
1573 412 1681 446 Jesus
1707 419 1770 444 vo-

990 461 1072 495 lens
1110 460 1155 494 ad
1203 461 1356 494 Matrem
1398 457 1535 500 redire,
1577 458 1687 501 roepit
1724 455 1769 491 de

994 510 1117 541 monte
1157 506 1395 541 descendere.
1438 504 1616 549 Conspire
1656 502 1769 538 etiam

992 564 1091 587 nnnc
1111 554 1202 587 bene
1221 552 1518 596 eum,quomodo
1536 551 1637 585 solus
1653 549 1769 591 vadit,

993 599 1100 635 nudis
1124 598 1295 643 pedibus,
1320 598 1498 632 Dominus
1522 597 1707 640 omnium,
1733 598 1770 631 et

990 646 1023 693 ei
1067 646 1308 680 veliementer
1343 647 1570 696 compatere,
1609 647 1644 679 et
1678 642 1770 678 vade

993 703 1141 736 semper
1162 702 1245 726 cum
1274 702 1331 735 eo,
1354 701 1521 727 serviens
1544 700 1614 735 lpsi
1635 700 1672 725 ιη
1691 699 1772 725 om-

994 739 1102 775 nibus
1124 738 1300 774 studiose.

875 859 1042 895 ORATIO

191 980 289 1012 Bone
309 978 411 1018 Jesu,
437 975 499 1020 qui
519 974 650 1009 ductus
674 972 711 1007 in
739 972 886 1007 deserto
921 982 943 1006 a
974 969 1126 1015 Spiritu,
1145 970 1322 1015 Jejunaiis
1359 969 1608 1015 quadraginta
1642 969 1774 1005 diebus

140 1027 175 1060 et.
197 1024 379 1063 nos-tibus,
410 1025 445 1056 et
472 1024 600 1066 postea
626 1019 796 1055 esuriens
834 1022 1057 1053 tentatorem
1095 1021 1196 1053 tunm
1232 1016 1430 1062 superasti,
1454 1016 1501 1051 da
1536 1015 1642 1059 milii,
1667 1015 1775 1052 mise-

138 1071 269 1112 ric-ors,
294 1080 358 1114 per
381 1068 553 1103 virtutem
575 1065 810 1102 abstinentiae
833 1069 867 1100 et
889 1064 1129 1100 continentiae
1158 1064 1330 1110 jejunare
1351 1075 1373 1100 a
1398 1063 1497 1098 vitiis
1539 1066 1575 1098 et
1597 1062 1773 1108 peccatis,

139 1119 281 1153 esurire
309 1120 345 1151 et
376 1115 479 1150 sitire
508 1114 706 1159 justitiam,
731 1117 767 1149 et
801 1116 838 1148 ut
874 1116 1100 1148 tentatorem
1142 1122 1278 1154 meum,
1300 1111 1375 1146 imo
1419 1113 1624 1145 tentatores
1654 1120 1773 1152 meos,

86 1172 93 1175 ’
140 1164 336 1205 mundum,
360 1172 524 1205 carnem,
548 1161 751 1199 diabolum,
775 1162 885 1203 Deus,
908 1163 971 1194 tna
992 1159 1126 1203 gratia,
1153 1160 1263 1202 Deus,
1290 1162 1353 1193 tuo
1375 1157 1509 1193 auxilio
1540 1158 1683 1192 valeam
1714 1167 1774 1192 su-

138 1221 270 1256 perare
295 1222 302 1244 ι
323 1213 356 1244 et
376 1209 463 1254 qnia
483 1210 641 1243 tentatio
665 1211 721 1243 est
747 1207 822 1242 vita
851 1210 991 1245 nostra,
1015 1210 1047 1241 et
1078 1205 1229 1241 miseria
1258 1216 1369 1250 super
1395 1208 1548 1242 terram.
1572 1207 1774 1245 memento,

140 1259 310 1295 Domine,
337 1260 473 1291 nostrae
496 1255 656 1290 miseriae
677 1265 719 1289 ac
738 1254 892 1297 laboris,
911 1257 947 1289 et
972 1254 1018 1287 da
1038 1253 1145 1287 nobis
1161 1255 1195 1287 in
1212 1252 1421 1287 tentatione
1445 1262 1520 1287 non
1542 1251 1692 1293 cadere,
1711 1250 1776 1285 sed

138 1315 206 1350 per
223 1308 323 1339 tuam
345 1303 590 1338 tentationem
618 1312 766 1346 semper
798 1301 963 1344 vincere,
986 1304 1022 1336 et
1049 1300 1201 1335 tandem
1227 1300 1272 1335 ab
1296 1299 1471 1334 omnibus
1504 1296 1777 1334 tentationibus

141 1350 434 1386 misefflcorditer
454 1348 619 1385 liberari.
643 1350 774 1384 Amen.

778 1561 960 1608 CAPUT
995 1563 1145 1607 XXIII

465 1708 513 1735 DE
544 1706 783 1736 TESTIMONIO
812 1706 973 1735 JOANNIS
993 1707 1042 1734 DE
1073 1705 1237 1734 CHRISTO
1267 1705 1333 1734 DEI
1349 1704 1469 1735 AGNO.

810 1819 829 1854 J
834 1817 967 1853 oannis
988 1827 1069 1863 cap.
1097 1818 1123 1852 Ι.

200 1946 212 1967 1
250 1932 496 1966 TEsTmommx
522 1931 675 1966 JOANNIS
711 1941 754 1964 nn
782 1930 935 1965 Cnmsro

149 1990 193 2015 L'T
228 1979 346 2014 Assxo.
368 1999 413 2002 —
444 1978 571 2012 Altera
602 1979 727 2011 autem
759 1977 817 2011 die
853 1980 937 2021 post

151 2035 365 2071 regressum
393 2035 415 2060 a
446 2024 609 2066 deserto,
630 2025 731 2059 venit
756 2024 936 2059 Dominus

150 2073 197 2108 ad
215 2072 432 2114 Jordanem,
456 2074 492 2105 et
525 2073 680 2106 ιῙοαηηεε
703 2071 799 2106 vidit
834 2081 934 2113 eum,

152 2118 427 2155 scilicetJesum
455 2118 553 2152 adse
573 2119 784 2159 venientem,
814 2120 936 2153 osten-

151 2166 279 2210 ditque
307 2175 391 2199 eum
415 2163 547 2209 digito,
569 2168 602 2199 et
623 2164 834 2200 exclamans
849 2166 903 2199 ait
923 2177 934 2199 .·

150 2215 241 2249 Ecce
262 2212 392 2254 Aenus
414 2213 493 2251 Dei,
518 2221 592 2246 ecce
612 2213 676 2256 qui
698 2213 795 2246 tollit
812 2222 938 2257 pecca-

153 2262 229 2294 tum
248 2258 389 2293 mundi.
410 2257 479 2293 Ubi
497 2258 664 2303 tangitur
678 2258 935 2294 testimonium

151 2304 311 2342 ,Ioannis
329 2305 375 2340 de
391 2303 537 2340 Christo
550 2304 749 2349 dupliciter
768 2316 776 2340 :
798 2305 934 2350 primo,

154 2354 337 2398 quantum
354 2351 401 2387 ad
417 2351 496 2396 ejus
507 2361 635 2386 veram
647 2351 934 2397 humanitatem,

154 2400 191 2435 in
216 2409 288 2444 qua
308 2409 376 2444 pro
396 2397 504 2433 nobis
524 2397 740 2433 immolatus
759 2401 834 2443 est,
853 2409 937 2435 cum

158 2445 324 2482 dicitur:
354 2446 445 2480 Ecce
479 2445 607 2489 Agnus
645 2444 724 2487 Dei,
764 2445 802 2480 id
831 2449 886 2481 est
917 2457 939 2481 a

156 2494 233 2529 Deo
269 2491 419 2535 missus,
441 2494 484 2527 ut
518 2490 642 2527 hostia
677 2492 939 2537 acceptissima

157 2538 437 2582 immolandus;
473 2538 650 2583 secundo,
673 2542 854 2584 quantum
891 2540 938 2574 ad

160 2587 241 2633 ejus
269 2585 517 2630 divinitatem,
540 2595 625 2621 eum
653 2585 823 2621 subditur
845 2597 853 2620 z
877 2585 938 2630 qui

154 2633 253 2669 tollit
272 2635 467 2679 peccatum
501 2632 644 2676 mundi,
679 2632 768 2678 quia
802 2632 935 2668 tollere

155 2683 330 2726 peccata,
374 2682 431 2716 est
467 2679 660 2726 proprium
700 2678 814 2715 solius
858 2678 938 2715 Dei.

159 2729 248 2764 Haec
272 2728 409 2774 quippe
435 2730 494 2764 est
521 2729 634 2764 cau'sa
668 2737 742 2774 qua
766 2724 881 2771 venit,
900 2728 942 2762 ut

1007 1928 1199 1975 pereuntis
1219 1928 1349 1964 mundi
1379 1931 1533 1975 peccata
1565 1928 1783 1975 suscipiens,

1008 1976 1149 2021 peccati
1172 1976 1294 2011 labem
1317 1979 1353 2011 et
1371 1975 1538 2011 omnium
1559 1979 1720 2011 mortem
1745 1975 1785 2011 in

1009 2034 1062 2067 se,
1099 2023 1162 2068 qui
1193 2022 1289 2058 vinei
1318 2034 1393 2058 non
1427 2026 1567 2069 posset,
1603 2023 1783 2058 aboleret.

1007 2072 1091 2106 Jam
1122 2073 1276 2106 venerat
1312 2073 1349 2105 et
1383 2081 1459 2105 non
1497 2071 1784 2115 agnoscebatur,
1835 2100 1840 2105 .

1009 2118 1075 2153 sed
1096 2128 1194 2153 nunc
1220 2117 1512 2152 demonstratur.
1539 2118 1630 2152 Ecce
1648 2119 1706 2152 est
1724 2116 1787 2151 hic

1010 2175 1122 2209 quem
1179 2163 1488 2199 desideraverunt
1534 2163 1783 2208 PatrIarchae‚

1010 2222 1121 2257 quem
1169 2211 1518 2257 praenuntiaverunt
1568 2211 1785 2256 Prophetae,

1010 2269 1120 2303 quem
1153 2257 1394 2304 praesignavit
1426 2258 1510 2293 Lex.
1538 2259 1630 2293 Ecce
1658 2258 1788 2302 Agnus

1008 2306 1088 2350 Dei,
1110 2316 1195 2341 ecce
1219 2305 1281 2351 qui
1302 2304 1399 2340 tollit
1418 2307 1608 2351 peccatum
1639 2304 1784 2351 mundi,

1009 2363 1051 2388 ac
1079 2352 1108 2387 si
1153 2352 1319 2388 diceret:
1341 2353 1434 2387 Ecce
1471 2351 1651 2387 innocens
1687 2351 1786 2387 inter

1008 2402 1237 2446 peccatores,
1274 2400 1399 2445 Justus
1446 2398 1546 2434 inter·
1582 2398 1782 2445 reprobos,

1009 2446 1092 2493 pius
1130 2446 1229 2482 inter
1267 2446 1423 2492 impios;
1463 2445 1503 2481 in
1531 2456 1602 2491 quo
1640 2444 1784 2481 nullum

1010 2496 1202 2539 peccatum
1241 2492 1362 2539 potuit
1400 2491 1582 2536 inveniri,
1622 2494 1659 2528 et
1697 2491 1783 2528 ideo

1009 2543 1143 2586 potens
1182 2542 1238 2575 est
1276 2540 1407 2575 tollere
1441 2542 1593 2586 peccata
1635 2538 1782 2583 mundi,

1010 2588 1109 2623 unde
1131 2587 1225 2622 sicut
1241 2597 1362 2632 agnus
1377 2587 1523 2623 oblatus
1538 2589 1594 2622 est
1613 2596 1680 2632 pro
1700 2595 1784 2632 pec-

1011 2634 1102 2670 catis
1118 2634 1355 2680 populorum,
1377 2633 1463 2679 quia
1488 2633 1526 2669 in
1552 2643 1595 2669 eo
1617 2629 1673 2668 est
1697 2642 1782 2678 gra-

1009 2681 1074 2725 tia,
1097 2685 1134 2716 et
1163 2681 1280 2717 virtus
1310 2681 1508 2727 purgativa
1529 2683 1782 2726 peccatorum.

1059 2741 1076 2763 2
1095 2729 1217 2765 AGNus
1232 2739 1299 2765 eun
1308 2739 1430 2766 merus
1444 2739 1569 2765 Fussm‘r
1583 2728 1756 2764 Cflmsrus
1767 2725 1785 2761 ‘1
