1902 3126
169 203 225 237 130

167 273 225 309 vel
247 271 293 307 ad
316 267 468 316 propria
493 264 750 309 redeuntibus,
782 268 822 301 ut
848 276 954 301 seor-

167 329 250 358 sum
282 317 351 352 viri
391 319 426 352 et
459 323 626 350 seorsum
653 312 841 356 mulieres,
866 323 953 358 pro-

169 370 254 414 pter
274 362 495 400 munditiam
517 359 694 397 castitatis
721 359 951 404 incederent,

168 418 211 450 ut
233 413 280 448 ab
304 410 463 447 invicem
484 407 731 450 continentes,
757 407 875 453 magis
899 418 953 442 re-

170 459 302 506 ligiose
324 457 526 493 secundum
548 453 655 500 Legis
675 453 887 506 dationem,
905 454 954 489 se-

172 511 231 543 sta
261 506 508 545 celebrarent,
537 506 573 538 et
599 512 645 537 ue
677 512 805 537 eorum
840 505 953 536 mix-ta

171 553 351 591 societate
377 550 517 596 aliquid
544 548 729 585 inhonesti
756 547 952 592 continge-

168 605 246 644 ret·,
262 598 366 646 pueri
380 602 502 635 autem
518 607 600 632 cum
616 595 778 641 quolibet
798 598 951 640 parente

169 648 429 684 indifferenter
454 645 509 681 ire
536 646 723 689 poterant.
757 642 858 677 Unde
888 643 950 677 Jo-

149 696 259 741 ,seph
286 693 419 729 videns
441 701 597 738 puerum
622 692 748 725 Jesum
773 700 846 724 non
873 699 953 724 esse

168 752 309 785 secum,
331 741 486 786 putabat
507 748 590 774 eum
612 747 691 772 esse
712 746 796 771 cum
819 735 948 779 Maria,

168 789 210 825 in
230 788 407 824 comitatu
424 785 642 826 mulierum3
665 786 700 818 et
718 794 738 818 e
756 793 949 826 converso,

169 835 287 871 Maria
308 834 461 880 putabat
486 842 570 868 eum
593 840 671 866 esse
692 839 777 866 cum
796 830 948 875 Joseph‚

169 882 209 918 in
225 883 403 918 comitatu
419 880 595 915 virorum.

219 933 239 965 6
273 930 400 964 Minis.
426 937 542 961 nomn
571 936 614 959 m:
638 934 824 959 Atussmxss
846 923 947 958 Fini.

170 995 215 1003 —
243 976 300 1012 Sic
332 984 419 1017 ergo
449 975 621 1007 venerunt
648 973 715 1005 iter
740 969 851 1005 unius
878 971 952 1004 diei

170 1033 193 1059 a
235 1015 444 1058 Jerusalem
482 1019 560 1053 sine
601 1018 735 1060 Puero,
767 1027 850 1052 cum
880 1017 949 1052 hac

169 1067 445 1105 existimatione
469 1065 567 1111 quod
592 1067 689 1100 esset
710 1063 746 1098 iu
773 1063 950 1099 comitatu

167 1115 337 1151 virorum
354 1115 411 1149 vel
427 1112 639 1148 mulierum.
655 1112 697 1146 Et
715 1121 797 1146 cum
813 1109 849 1145 in
865 1121 948 1146 sero

173 1162 365 1198 venissent
409 1160 456 1195 ad
501 1159 622 1194 locum
662 1157 723 1193 ubi
767 1157 948 1203 hospitari

171 1209 375 1254 debebant,
399 1207 529 1242 videns
556 1204 716 1240 Domina
739 1204 859 1250 ipsum
883 1206 948 1240 Jo-

174 1257 266 1302 seph
289 1256 367 1291 sine
389 1255 524 1296 Puero,
546 1253 635 1288 Jesu
656 1261 766 1297 quem
794 1261 877 1286 cum
904 1262 947 1287 eo

169 1303 327 1339 rediisse
361 1301 551 1343 credebat,
580 1299 709 1334 dolore
734 1298 947 1334 vehementi

171 1359 366 1393 concussa,
392 1358 475 1384 cum
510 1345 697 1392 lacrymis,
720 1356 787 1391 per
816 1346 947 1381 domos

172 1407 281 1443 quam
295 1398 472 1432 decenter
490 1396 636 1441 poterat
656 1403 738 1428 sero
753 1392 945 1437 circuibat,

169 1448 205 1480 et
237 1445 282 1480 de
309 1444 390 1490 ipso
423 1444 542 1478 Puero
571 1441 776 1486 quaerebat.
808 1440 947 1485 Joseph

164 1502 255 1527 vero
284 1501 408 1533 senex,
431 1500 514 1525 cum
542 1489 631 1523 ssetu
659 1497 741 1523 eam
763 1488 944 1532 sequeba-

167 1542 228 1574 tur
240 1542 274 1574 et
291 1537 501 1573 associabat
522 1547 530 1570 z
547 1538 593 1570 Et
613 1535 847 1580 requirebant
867 1545 945 1569 eum

166 1588 262 1621 inter
281 1588 448 1629 coynutos
478 1586 510 1618 et
540 1586 654 1617 notos,
681 1582 796 1623 Vade,
822 1584 858 1616 et
892 1585 943 1625 tu,

168 1643 320 1678 semper
354 1641 438 1666 cum
467 1629 520 1666 eis
554 1632 590 1665 et
629 1639 754 1674 quaere
787 1638 943 1674 puerum

166 1681 296 1717 ,Iesum
320 1679 437 1714 donec
464 1675 646 1712 invenias.
672 1677 792 1711 Puero
819 1677 944 1711 autem

162 1737 184 1763 a
215 1726 433 1772 parentibus
456 1728 544 1759 tunc
569 1733 642 1758 non
662 1722 826 1765 invento,
853 1733 942 1774 qua—

167 1774 241 1810 lem
261 1773 425 1819 quietem
444 1772 584 1807 habere
607 1773 793 1814 poterant,
807 1772 846 1804 tu
864 1780 941 1815 ipse

163 1820 300 1867 cogita,
328 1824 361 1855 et
383 1818 541 1854 maxime
563 1818 693 1858 Mater,
717 1827 797 1861 quae
820 1815 941 1862 ipsum

163 1868 302 1905 arctius
321 1866 512 1911 diligebat.
536 1866 579 1900 Et
596 1864 681 1899 licet
701 1863 833 1899 anotis
850 1874 939 1899 con-

161 1915 380 1958 fortaretur,
399 1918 524 1948 tamen
548 1911 733 1947 consolari
747 1921 822 1946 nou
839 1914 941 1956 pote-

163 1966 223 1998 rat
247 1973 254 1997 :
279 1961 366 2007 quid
388 1960 486 1995 enim
510 1962 587 1995 erat
608 1958 767 2005 perdere
786 1958 939 1993 Jesum?

161 2009 341 2055 Conspice
367 2008 461 2044 bene
481 2006 614 2052 ipsam,
638 2009 674 2041 et
697 2005 939 2041 vehementer

168 2057 201 2093 ei
234 2058 468 2101 compatere3
491 2052 578 2099 quia
604 2053 642 2088 in
664 2062 801 2098 magna
821 2062 937 2098 angu-

163 2104 235 2140 stia
250 2108 305 2139 est
317 2112 414 2138 nunc
427 2100 553 2137 anima
565 2110 644 2136 sua.
658 2101 880 2145 Numquam,
891 2111 935 2135 ex

163 2161 236 2197 quo
257 2152 347 2186 nata
361 2152 417 2184 est
436 2146 745 2193 usquetunc,suit
758 2146 797 2182 in
812 2150 930 2183 tanta.

155 2199 238 2234 Non
261 2207 349 2242 ergo
375 2196 572 2231 turbemur
601 2194 748 2239 quando
772 2193 930 2230 tribula-

155 2244 279 2281 tiones
293 2244 583 2285 habemus,cum
595 2241 708 2277 etiam
726 2241 833 2277 Matri
853 2252 928 2277 suae

155 2302 233 2329 non
269 2288 478 2337 pepercerit
516 2288 709 2324 Dominus.
747 2288 803 2324 Ad
841 2299 928 2325 suos

155 2338 255 2377 enim
271 2348 334 2374 eas
353 2335 478 2372 venire
487 2334 681 2381 permittit,
695 2338 730 2370 et
743 2345 810 2381 per
826 2335 926 2381 ipsas

149 2386 297 2433 signum
318 2394 393 2420 suae
415 2381 626 2418 dilectionis
652 2381 728 2417 suis
748 2383 923 2418 ostendit.

148 2433 317 2470 Tandem
337 2429 495 2467 Domina
514 2428 554 2464 in
583 2439 770 2465 cameram
803 2440 842 2465 se
865 2440 924 2466 re-

147 2480 302 2518 cludens
326 2481 363 2514 et
385 2477 432 2513 ad
450 2475 660 2512 orationem
679 2480 715 2512 et
734 2476 924 2522 planctum

147 2538 188 2565 se
213 2528 448 2568 convertens,
470 2533 537 2570 per
561 2525 679 2559 totam
705 2527 852 2559 noctem
877 2524 922 2559 il-

148 2575 238 2619 lam,
256 2571 544 2618 angustiabatur
564 2580 676 2616 super
704 2569 838 2606 dilecto
863 2571 922 2607 Fi-

145 2621 195 2658 lio
217 2631 284 2658 suo
295 2621 396 2657 Jesu.
411 2619 518 2654 Mane
528 2628 617 2654 vero
632 2617 815 2663 sequenti,
830 2620 921 2654 tem-

146 2668 288 2717 pestive
317 2667 468 2703 domum
491 2667 678 2709 exeuntes,
701 2675 784 2700 eum
807 2665 920 2701 etiam

144 2726 214 2763 per
247 2712 528 2751 circumstantia
567 2712 650 2748 loca
687 2712 916 2758 quaerebant,

146 2773 235 2800 nam
255 2761 396 2799 reditus
415 2771 482 2807 per
503 2759 628 2807 plures
647 2758 727 2796 vias
752 2759 916 2806 patebat.

143 2808 416 2848 circumeundo
436 2807 552 2855 igitur
580 2816 666 2845 eum
694 2805 734 2843 in
760 2809 918 2854 utraque

676 194 821 227 PRIMAE
858 195 1018 229 PARTIS
1057 195 1197 228 CAPUT
1234 195 1293 227 XV

1027 265 1201 301 comitiva
1227 264 1483 311 requirebant,
1511 263 1548 300 id
1575 267 1631 300 est
1662 265 1799 302 iterum

1027 317 1063 349 et
1092 313 1226 349 iterum
1253 313 1484 358 quaerebant,
1514 311 1674 348 maxime
1699 311 1800 350 inter

1026 364 1205 406 cognatos
1242 364 1279 395 et
1318 362 1425 395 notos
1466 358 1620 404 amicOS,
1663 360 1728 405 qui
1761 359 1801 396 in

1025 410 1184 453 utroque
1211 406 1389 443 comitatu
1419 409 1536 442 erant.
1573 407 1650 450 Quo
1686 406 1800 443 etiam

1025 458 1112 489 tunc
1147 465 1221 490 non
1260 454 1424 496 invento,
1463 455 1580 489 Mater
1620 453 1699 489 sine
1733 464 1801 500 spe

1027 500 1258 545 anxiabatur,
1281 504 1317 536 et
1337 500 1520 536 consolari
1544 511 1617 536 non
1638 502 1798 547 poterat.

1026 549 1110 583 Haec
1131 547 1329 592 diligenter
1349 547 1527 592 recogita,
1547 547 1696 593 quantis
1717 548 1801 584 vul-

1008 614 1009 617 =
1024 594 1177 630 neribus
1189 598 1225 630 ct
1239 594 1464 630 cruciatibus
1475 606 1538 630 cor
1552 595 1670 631 beatae
1682 594 1801 641 Virgi—

1022 641 1080 676 nis
1093 641 1217 676 Mariae
1230 644 1317 676 tunc
1333 641 1539 677 sauciatum
1555 641 1694 686 fuerat3
1714 652 1798 688 quae

1023 688 1196 733 suspiria,
1207 698 1288 733 quae
1300 688 1477 731 lamenta,
1491 699 1583 733 quas
1593 689 1800 725 anxietates

1022 734 1231 779 pertulerit,
1254 745 1337 770 cum
1357 735 1555 780 quaesitum
1570 735 1703 772 Filium
1723 746 1800 772 non

1022 781 1188 817 invenit!
1218 783 1301 818 Jam
1329 781 1487 827 experiri
1518 781 1642 828 coepit,
1677 782 1798 829 qualis

1023 832 1120 864 esset
1140 830 1287 864 futurus
1308 829 1415 864 dolor
1435 830 1528 875 eJus,
1551 830 1597 865 de
1615 840 1687 875 quo
1704 839 1798 876 prae-

1021 875 1111 911 dixit
1134 875 1166 911 ei
1193 875 1342 911 Simeon
1362 875 1489 911 dicens
1509 888 1516 911 :
1541 879 1654 912 Tuam
1679 878 1797 922 ipsius

1021 925 1180 958 animam
1196 924 1437 969 pertransibit
1463 924 1623 967 gladius.
1646 922 1797 960 Nescie-

1019 970 1083 1005 bat
1116 970 1228 1015 Virgo
1253 969 1342 1015 quid
1365 974 1507 1015 ageret,
1533 970 1620 1016 quia
1646 971 1795 1007 thesau-

1020 1027 1103 1052 rum
1122 1017 1191 1052 sibi
1212 1017 1272 1062 pie
1293 1017 1537 1053 commissum
1557 1028 1580 1053 a
1599 1018 1690 1062 Deo,
1711 1028 1797 1064 per-

1019 1063 1177 1099 diderat.
1216 1064 1320 1100 Unde
1348 1064 1644 1101 lamentabiliter
1677 1065 1798 1111 potuit

1019 1110 1144 1147 dicere
1165 1110 1260 1147 illud
1281 1111 1435 1147 Genesis
1464 1123 1471 1146 z
1500 1113 1592 1147 Puer
1620 1122 1701 1147 vero
1727 1122 1798 1148 non

1019 1161 1212 1204 comparet.
1241 1161 1273 1193 et
1303 1169 1364 1202 eqo
1392 1169 1460 1203 quo
1489 1159 1571 1194 ibo?
1594 1158 1798 1195 Considera
1836 1157 1839 1159 ’

1019 1204 1080 1240 hic
1109 1205 1208 1250 quod
1242 1205 1352 1241 beata
1384 1205 1512 1252 Virgo,
1540 1206 1586 1241 de
1606 1209 1710 1242 terra
1731 1216 1799 1243 sua

1020 1252 1172 1297 expulsa
1201 1254 1238 1287 et
1273 1252 1310 1287 in
1345 1253 1542 1298 AEgxptum
1580 1253 1724 1298 fugata,
1757 1252 1797 1288 in

1018 1301 1124 1334 tanta
1147 1298 1391 1334 tribulatione
1414 1300 1533 1344 posita
1556 1299 1689 1335 Filium
1720 1310 1796 1336 non

1017 1346 1192 1391 perdidit,
1210 1346 1275 1381 sed
1295 1349 1497 1392 postquam
1514 1346 1562 1382 ad
1579 1345 1799 1383 festivitates

1018 1392 1084 1427 ivit
1115 1393 1237 1438 ipsum
1268 1392 1393 1429 amisit
1425 1405 1433 1428 ε
1464 1404 1532 1440 per
1561 1393 1660 1439 quod
1688 1393 1798 1430 datur
1833 1394 1835 1396 ’

1017 1439 1174 1486 intelligi
1208 1440 1309 1486 quod
1327 1442 1435 1476 Jesus
1457 1451 1556 1487 saepe
1575 1441 1615 1476 in
1635 1440 1798 1477 adversi—

1017 1490 1093 1523 tate
1132 1487 1354 1531 custoditur,
1396 1491 1433 1523 et
1470 1487 1509 1523 in
1546 1487 1796 1534 prosperitate

1016 1533 1199 1580 perditur.

1064 1596 1082 1627 7
1101 1581 1174 1617 Cca
1192 1593 1278 1617 posr
1299 1592 1458 1617 Tamum
1478 1592 1652 1617 mamus
1668 1592 1794 1618 mmm·

1015 1629 1215 1664 Cnmsrcs‘?
1242 1650 1286 1654 —
1306 1630 1431 1664 Tertia
1450 1639 1538 1664 vero
1557 1628 1630 1673 die,
1643 1640 1713 1665 non
1736 1630 1792 1665 in—

1013 1677 1193 1710 venientes
1224 1686 1307 1711 eum
1333 1677 1487 1719 req-nessi
1515 1679 1599 1711 sunt
1627 1678 1666 1711 in
1690 1677 1794 1712 Jeru-

1013 1723 1137 1763 salem,
1160 1733 1182 1758 a
1200 1733 1272 1767 qua
1293 1733 1360 1768 per
1379 1732 1493 1758 unam
1514 1722 1654 1758 dietam
1673 1733 1794 1759 reces-

1014 1772 1152 1814 serant,
1177 1769 1315 1805 ibidem
1340 1781 1418 1805 eum
1441 1772 1676 1814 requirentes.
1700 1771 1795 1807 Puta

1014 1817 1113 1861 quod
1140 1827 1223 1852 cum
1259 1816 1386 1853 labore
1419 1816 1536 1852 multo
1568 1815 1728 1861 itineris,
1758 1820 1795 1853 et

1012 1863 1186 1909 lacrymis
1207 1863 1378 1909 plurimis
1398 1863 1511 1899 beata
1531 1863 1643 1907 Virgo
1656 1863 1793 1900 iterato

1011 1911 1123 1946 rediit
1134 1911 1358 1955 Jerusalem,
1370 1913 1405 1946 et
1420 1909 1660 1956 appropriate
1671 1910 1794 1957 potuit

1011 1957 1137 1994 dicere
1165 1957 1255 1993 illud
1289 1957 1432 1994 Cantici
1462 1969 1470 1992 ε
1500 1958 1656 2000 Quaesivi
1687 1968 1791 2003 quem

1009 2006 1136 2049 diligit
1164 2007 1288 2041 anima
1316 2016 1406 2049 mea,
1435 2006 1588 2050 quaesivz·
1620 2005 1725 2040 illum
1758 2008 1792 2041 et

1007 2063 1077 2088 non
1103 2054 1238 2093 inveni,
1264 2051 1404 2088 scilicet
1426 2051 1525 2087 inter
1551 2054 1731 2097 cognatos
1753 2054 1791 2088 et

1006 2103 1135 2144 notos3
1162 2110 1310 2144 surgam
1325 2110 1429 2145 ergo,
1442 2098 1565 2134 eundo
1583 2099 1629 2135 de
1647 2099 1729 2135 loco
1739 2098 1788 2135 ad

1005 2146 1142 2190 locum,
1163 2150 1197 2182 et
1215 2147 1372 2183 circuibo
1394 2148 1579 2182 civitatem
1591 2156 1658 2191 per
1677 2147 1789 2188 vicos,

1004 2198 1037 2229 et
1068 2195 1226 2240 plateas,
1261 2197 1295 2230 et
1327 2203 1486 2239 quaeram
1519 2203 1623 2238 quem
1660 2192 1789 2238 diliqit

1003 2244 1128 2276 anima
1151 2252 1289 2277 mem...
1312 2243 1508 2285 Etfactum
1529 2243 1593 2282 est,
1611 2242 1697 2285 post
1719 2241 1788 2276 tri-

1002 2289 1114 2323 dacum
1151 2288 1363 2325 amissionis
1392 2288 1487 2333 eJus,
1521 2286 1561 2322 in
1591 2297 1664 2333 quo
1693 2295 1787 2332 prae-

999 2335 1202 2381 figuratum
1217 2339 1273 2372 est
1293 2335 1457 2372 triduum
1484 2333 1615 2370 mortis
1635 2334 1730 2379 ejus,
1747 2333 1788 2370 in

997 2393 1071 2428 quo
1097 2383 1320 2419 credebatur
1356 2381 1539 2425 amissus,
1567 2383 1700 2427 quarto
1727 2379 1789 2417 die

995 2440 1118 2474 mane,
1140 2432 1353 2466 invene-runt
1377 2431 1482 2466 illum
1520 2431 1559 2464 in
1580 2428 1724 2473 templo,
1745 2431 1789 2464 ut

995 2478 1200 2513 secundum
1217 2478 1450 2513 Ambrosium
1467 2476 1575 2512 daret
1587 2473 1783 2519 indicium,

995 2524 1084 2569 quia
1102 2528 1187 2571 post
1203 2524 1369 2561 triduum
1382 2521 1619 2569 triumphalis
1638 2520 1783 2568 passio-

994 2571 1052 2607 nis
1078 2575 1307 2617 resurgeret,
1335 2571 1399 2618 qui
1427 2571 1651 2607 credebatur
1681 2577 1785 2621 mor-

992 2620 1091 2663 tuus,
1125 2621 1163 2654 et
1187 2621 1275 2655 tunc
1299 2629 1384 2655 cum
1406 2617 1529 2664 gloria
1550 2616 1689 2652 immor
1700 2613 1786 2655 tali-

990 2665 1078 2702 tatis
1111 2669 1166 2701 est
1200 2665 1386 2702 inventus.
1423 2665 1649 2701 Invenerunt
1681 2671 1784 2709 ergo

991 2722 1078 2748 eum
1097 2711 1135 2748 in
1147 2714 1299 2766 templo,
1314 2712 1355 2748 in
1373 2713 1454 2749 loco
1475 2710 1606 2756 utique
1623 2709 1780 2754 devoto,

990 2758 1030 2795 in
1056 2759 1138 2796 loco
1171 2761 1238 2796 Del
1265 2762 1407 2797 sancto.
1435 2759 1517 2795 Non
1549 2757 1778 2794 invenerunt

990 2815 1076 2844 eum
1104 2806 1143 2843 in
1172 2806 1336 2853 theatro,
1361 2809 1426 2844 aut
1452 2805 1548 2851 foro,
1577 2804 1636 2842 vel
1666 2802 1779 2849 ludo,
