1902 3126
377 169 572 204 JOANNES
608 166 888 203 CONFITETUR
926 169 974 203 SE
1013 170 1097 202 NON
1135 170 1241 203 ESSE
1277 167 1523 202 CHRISTUM.
1714 165 1771 200 165

133 242 361 290 praeparate,
376 240 475 275 viam
487 238 646 277 Domini,
666 236 808 272 scilicet
825 247 914 282 quo-

134 288 185 326 ad
206 287 468 325 mandatorum
490 284 748 330 impletionem
766 294 774 327 ;
797 287 913 319 rectas

133 337 250 381 facite
285 335 432 370 semitas
471 341 563 376 φας,
603 329 745 366 scilicet
789 331 914 376 quoad

134 381 378 419 consiliorum
421 377 795 430 supererogationem
820 406 829 422 ,
872 382 914 413 ut

132 428 216 476 ipse
234 428 283 464 ad
303 437 369 462 vos
388 435 516 461 venire
537 424 726 470 dignetur,
744 428 781 460 et
797 424 834 459 in
853 435 915 460 vo-

132 475 193 513 bis
212 473 399 517 habitare,
417 471 480 518 qui
504 471 576 507 nisi
598 482 665 518 per
682 471 781 507 viam
802 474 838 507 et
857 481 913 507 se-

131 522 246 559 mitas
265 523 386 556 rectas
417 519 536 555 nescit
558 518 747 562 incedere,
780 519 834 554 vel
866 518 913 554 ad

131 567 307 606 homines
336 566 491 603 intrare.
525 566 630 601 Unde
669 565 867 601 Psalmista
902 576 911 601 t

134 617 230 654 Vias
253 619 348 656 tuas,
377 615 539 654 Domine,
573 613 780 648 demonstra
805 614 911 654 mihi,

131 665 169 700 et
186 663 336 699 semitas
348 665 430 697 tuas
447 661 551 695 edoce
566 670 634 695 me.
658 660 824 696 Primum
842 659 914 696 cla-

130 710 263 747 mabat
283 708 332 745 ad
353 718 499 751 omnes,
530 707 735 743 secundum
758 707 804 743 ad
825 717 914 753 pro-

131 756 316 794 ficientes.
340 756 384 791 Et
401 755 459 790 hae
473 753 631 798 semitae,
652 764 720 800 per
735 764 828 800 quas
841 753 914 789 cito

131 802 401 850 compendiose
421 800 639 848 pervenitur
659 801 706 836 ad
739 801 913 846 patriam,

129 850 268 888 melius
287 849 545 886 rectificantur
565 848 604 883 in
631 848 853 892 solitudine,
876 848 913 883 id

131 901 191 936 est
222 897 261 933 in
291 896 569 933 mundanorum
597 895 851 941 elongatione,
878 898 915 931 ct

131 943 353 983 omnimodo
368 942 633 989 temporalium
643 942 912 987 abstractione,

131 1002 182 1030 ne
206 1001 274 1038 per
302 990 416 1027 colles
443 989 571 1025 devios
592 989 791 1025 mundante
813 989 914 1025 oble-

132 1037 324 1083 ctationis,
340 1036 533 1082 contingat
548 1037 740 1073 oberrare.
759 1037 832 1072 Has
852 1047 915 1072 au-

132 1089 212 1123 tem
240 1084 394 1122 semitas
425 1084 577 1130 quidam
608 1083 819 1129 obliquant,
851 1082 914 1129 qui

130 1133 297 1181 speciem
314 1131 524 1168 sanctitatis
543 1132 834 1178 praetendentes,
855 1130 914 1167 vel

129 1179 304 1218 habitum
336 1179 530 1225 religionis
553 1183 758 1225 gestanteS,
787 1177 824 1213 in
852 1178 916 1214 ob-

131 1227 332 1265 servantiis
345 1226 539 1273 religionis
561 1229 598 1261 et
616 1225 784 1262 consiliis
806 1236 916 1261 evan-

132 1274 278 1322 gelicis,
302 1285 378 1310 non
398 1277 498 1310 recte
521 1274 728 1317 ambulant,
757 1283 825 1308 nec
846 1271 916 1308 sei-

131 1331 223 1370 psos
242 1321 282 1357 in
307 1321 381 1357 illis
402 1320 622 1356 rectificant.
647 1321 726 1364 Vel,
749 1330 815 1366 per
835 1319 914 1355 vias

132 1379 219 1416 quae
245 1367 412 1415 aptiores
444 1372 543 1411 sunt,
567 1371 724 1414 possunt
757 1366 915 1413 intelligi

132 1415 324 1460 actiones;
341 1425 409 1461 per
430 1415 596 1457 semitas,
619 1425 701 1461 quae
719 1414 840 1460 magis
855 1424 915 1450 oc-

131 1463 243 1500 cultae
262 1467 362 1506 sunt,
391 1462 515 1498 cordis
541 1462 786 1498 intentiones.
812 1461 913 1496 Unde

130 1513 264 1558 parate
287 1509 385 1545 viam
407 1508 572 1553 Domini,
595 1519 662 1555 per
677 1509 764 1544 mali
785 1508 913 1544 deser-

130 1557 290 1603 tionem,
311 1559 349 1593 et
367 1557 455 1592 boni
486 1557 767 1602 operationem;
791 1559 913 1591 rectas

130 1604 243 1642 facite
261 1605 415 1640 semitas
429 1604 523 1650 ejus,
536 1603 572 1639 id
592 1607 661 1647 est,
683 1602 913 1639 intentiones

129 1650 310 1696 occultas,
331 1650 442 1687 facite
464 1654 599 1694 rectas,
621 1661 694 1686 non
717 1650 910 1693 distortas,

128 1698 273 1736 scilicet
288 1708 356 1746 pro
375 1697 540 1741 aeternis,
566 1708 642 1733 non
663 1708 729 1744 pro
750 1696 912 1733 terrenis

129 1744 289 1784 faciatis.
300 1745 530 1781 Resormatio
541 1744 715 1791 imaginis
724 1744 762 1779 in
772 1747 910 1789 mente,

126 1793 170 1831 in
188 1794 260 1830 hoc
299 1792 517 1837 attenditur,
553 1793 651 1838 quod
673 1791 786 1828 facies
811 1802 913 1827 men-

128 1840 180 1878 tis
200 1840 395 1876 incurvata
416 1839 464 1875 ad
486 1843 641 1883 terram,
657 1850 724 1886 per
743 1843 913 1875 terreno-

127 1897 214 1925 rum
234 1886 541 1931 oblectationem,
563 1887 731 1932 erigatur
746 1896 910 1930 sursum,

130 1937 169 1972 et
188 1933 419 1971 rectificetur
434 1943 502 1979 per
516 1933 723 1969 coelestium
742 1933 912 1969 conside-

130 1981 319 2019 rationem
357 1984 395 2017 et
430 1980 683 2016 dilectionem.
730 1980 835 2016 Unde
874 1981 912 2015 in

130 2027 294 2067 Canticis
323 2027 460 2074 legitur
489 2039 497 2064 :
525 2030 627 2064 Reeti
660 2028 824 2071 diliqunt
850 2031 910 2071 te,-

130 2075 211 2120 ubi,
229 2076 436 2112 seeundum
458 2075 697 2118 Bernardum,
730 2074 821 2110 recti
858 2073 914 2109 in-

130 2123 365 2170 telliguntur,
394 2122 456 2169 qui
480 2133 502 2159 a
522 2122 684 2159 terrenis
711 2125 799 2157 sunt
826 2122 911 2157 abs-

130 2171 256 2215 tracti,
302 2180 344 2207 ac
381 2169 698 2216 contemplatione
749 2173 784 2204 et
819 2168 911 2204 dile-

130 2217 256 2255 ctione
270 2218 338 2253 toti
353 2217 401 2253 ad
415 2228 580 2264 superna
601 2215 727 2253 erecti.
744 2215 848 2252 Unde
861 2215 915 2251 di-

131 2264 182 2302 cit
202 2265 303 2312 quod
321 2275 491 2311 quaerere
511 2268 547 2300 et
569 2274 702 2310 sapere
723 2273 804 2309 quae
825 2265 914 2298 sunt

131 2321 246 2359 super
281 2314 436 2356 terram,
467 2311 630 2347 curvitas
663 2311 800 2346 animae
840 2313 911 2352 est,

131 2357 308 2396 meditari
327 2369 415 2394 vero
437 2361 472 2394 et
491 2359 708 2395 desiderare
730 2368 812 2403 quae
833 2367 913 2393 sur-

132 2415 217 2443 sum
232 2409 333 2449 sunt,
354 2405 552 2442 rectitudo.
573 2405 637 2442 Cui
663 2405 776 2441 etiam
801 2403 912 2440 recti-

131 2452 271 2498 tudini,
312 2453 517 2489 secundum
546 2453 721 2489 eumdem
757 2454 913 2488 Bernar-

131 2500 234 2542 dum,
263 2502 464 2536 attestatur
494 2504 640 2536 statura
670 2504 796 2536 erecta
830 2509 913 2534 cor-

131 2547 236 2595 poris
250 2547 418 2583 humani.
436 2548 530 2590 Quid
550 2546 650 2583 enim
666 2546 912 2590 indecentius,

133 2604 247 2642 quam
274 2605 428 2630 curvum
459 2599 560 2630 recto
592 2604 748 2641 corpore
782 2603 914 2640 gerere

134 2641 332 2678 animum?
357 2642 540 2678 Perversa
564 2652 625 2678 res
651 2647 708 2678 est
727 2645 764 2677 et
790 2641 912 2685 l'oeda;

134 2687 278 2726 luteum
297 2699 375 2733 vas,
392 2690 491 2735 quod
513 2693 569 2725 est
589 2699 723 2736 corpus
740 2689 786 2725 de
799 2692 913 2732 terra,

134 2736 264 2773 oculos
296 2737 438 2773 habere
472 2746 637 2780 sursum,
667 2737 781 2772 coelos
819 2736 914 2772 libe-

136 2792 179 2821 re
197 2783 401 2831 respicere,
429 2783 664 2832 spiritualem
689 2794 778 2821 vero
803 2783 915 2820 coele-

989 241 1161 284 stemque
1188 241 1397 273 creaturam
1421 246 1509 272 suos
1535 245 1556 271 e
1582 233 1773 271 contrario

990 285 1134 327 oculos,
1164 284 1199 319 id
1226 288 1281 319 est
1311 284 1480 319 internos
1508 293 1640 319 sensus
1660 285 1773 328 atque

989 332 1150 367 affectus
1170 331 1321 365 trabere
1345 330 1521 365 deorsum
1550 330 1586 364 in
1607 328 1770 365 terram!

1036 393 1055 425 7
1078 378 1255 421 Quonono
1282 388 1374 411 uoxs
1389 388 1605 412 iiuiiirmrun
1621 388 1662 412 ET
1683 387 1771 412 vAL-

989 437 1043 461 Lis
1064 423 1268 461 mrLETun‘?
1289 443 1332 449 ——
1350 424 1393 458 Et
1415 423 1589 458 subditur
1611 435 1618 458 :
1643 424 1771 459 Omnis

989 473 1114 513 vallis,
1144 471 1182 506 id
1221 473 1277 506 est
1315 470 1478 515 populus
1509 470 1680 514 Geutilis,
1713 469 1771 506 vel

989 519 1215 565 quicumque
1232 516 1400 559 humiliS,
1418 517 1641 561 implebitur,
1663 517 1772 553 bonis

989 565 1248 613 spiritualibus
1285 562 1428 599 scilicet
1462 562 1584 607 gratia
1611 563 1646 598 in
1674 573 1771 609 prae-

989 613 1101 656 senti,
1129 615 1166 648 et
1195 609 1317 658 gloria
1343 608 1381 645 in
1409 609 1558 652 sutur03
1593 613 1626 644 et
1656 612 1773 646 omnis

987 671 1088 696 mons
1110 663 1143 694 et
1166 660 1283 699 collis,
1309 657 1347 693 id
1376 659 1432 692 est
1454 655 1634 692 Judaicus
1652 666 1771 702 popu-

988 707 1059 750 lus,
1080 707 1138 742 vel
1172 705 1399 752 quicumque
1434 703 1632 748 superbus
1652 704 1771 738 humi-

988 755 1156 794 liabitur,
1172 752 1210 788 id
1229 756 1287 788 est
1307 749 1564 793 evacuabitur,
1581 748 1670 794 quia
1686 759 1772 795 gra-

987 801 1078 838 tiam
1105 803 1142 837 et
1175 800 1335 846 gloriam
1368 797 1528 834 amittet.
1551 798 1645 831 Deus
1677 798 1774 832 enim

986 848 1153 895 superbis
1172 848 1326 887 resistit,
1347 844 1547 881 humilibus
1566 846 1687 878 autem
1707 844 1773 880 dat

986 897 1162 940 qratiam.
1191 895 1236 930 Et
1264 905 1273 929 ε
1306 894 1377 937 Qui
1407 902 1445 927 se
1470 891 1626 931 exaltat,
1650 891 1772 926 humi-

988 944 1165 986 liabitur3
1188 945 1220 977 et
1243 942 1307 986 qui
1326 950 1363 975 se
1381 939 1568 978 humiliat,
1591 938 1773 974 exaltabi-

988 994 1061 1026 tur.
1083 991 1188 1025 Mons
1206 988 1309 1031 dicit,
1323 989 1505 1033 quantum
1523 985 1571 1021 ad
1586 985 1770 1031 majores3

989 1040 1026 1073 et
1050 1036 1171 1080 collis,
1209 1040 1392 1081 quantum
1427 1033 1475 1069 ad
1514 1031 1696 1068 minores.
1724 1033 1774 1068 Et

988 1088 1093 1120 erunt
1118 1094 1251 1129 prava,
1281 1082 1317 1117 id
1345 1085 1403 1117 est
1434 1080 1548 1116 corda
1584 1079 1772 1115 malorum

987 1142 1056 1178 per
1076 1130 1298 1177 injustitiam
1322 1128 1494 1171 distorta,
1520 1128 1634 1162 erunt
1653 1129 1692 1161 in
1712 1126 1772 1161 di-

987 1183 1099 1219 recta,
1123 1178 1160 1213 id
1187 1181 1242 1213 est
1274 1186 1342 1223 per
1375 1174 1592 1220 aequitatem
1612 1172 1772 1219 justitiae

988 1225 1309 1268 rectificabuntur,
1322 1227 1359 1259 et
1373 1220 1584 1268 adjustitiae
1597 1219 1772 1266 regulam

988 1273 1223 1319 dirigentur;
1253 1274 1285 1307 et
1311 1281 1455 1316 aspera,
1478 1268 1515 1304 id
1538 1271 1594 1304 est
1627 1270 1772 1303 mentes

989 1320 1180 1357 iracundae
1200 1323 1236 1355 et
1256 1318 1435 1361 immites,
1458 1318 1498 1351 in
1516 1317 1597 1350 vias
1616 1315 1767 1361 planas,

988 1368 1026 1404 id
1071 1371 1129 1403 est
1164 1377 1232 1412 per
1270 1365 1499 1401 infusionem
1539 1361 1685 1408 gratiae‚
1721 1361 1771 1397 ad

989 1413 1316 1451 mansuetudinem
1325 1413 1645 1453 convertentur,et
1657 1407 1772 1444 corda

987 1466 1119 1498 contra
1151 1460 1342 1496 Christum
1368 1458 1545 1493 indurata
1572 1455 1771 1491 mollifica-

987 1510 1155 1552 buntur;
1176 1511 1210 1543 et
1225 1507 1376 1547 videbit,
1396 1504 1503 1540 oculo
1525 1502 1712 1549 corporali
1733 1501 1773 1538 in

987 1556 1109 1603 primo
1145 1556 1323 1597 adventu,
1363 1553 1480 1588 omnis
1511 1561 1607 1590 earo,
1641 1549 1678 1584 id
1714 1551 1773 1585 est

986 1602 1111 1640 omnis
1132 1602 1260 1646 homo,
1282 1603 1359 1635 tam
1382 1597 1555 1641 GentiliS,
1570 1606 1684 1642 quam
1704 1597 1771 1633 Ju-

985 1651 1104 1693 daeus,
1128 1650 1302 1685 Salutare
1329 1648 1407 1685 Dei.
1429 1645 1468 1681 id
1497 1648 1554 1681 est
1580 1643 1772 1680 Christum

985 1697 1052 1734 Dei
1089 1697 1234 1733 Filium.
1264 1693 1508 1731 Dividebatur
1542 1691 1644 1727 enim
1682 1694 1774 1727 tunc

985 1743 1237 1781 communitas
1250 1741 1447 1778 hominum
1463 1739 1502 1775 in
1520 1739 1614 1775 duas
1627 1741 1771 1784 partes,

986 1792 1127 1829 scilicet
1162 1790 1201 1826 in
1234 1789 1401 1832 Judaeos,
1436 1790 1473 1823 et
1511 1785 1702 1829 Gentiles3
1735 1787 1773 1821 et

985 1839 1092 1876 multi
1118 1838 1164 1874 de
1196 1838 1255 1873 his
1277 1835 1453 1873 omnibus
1475 1832 1694 1870 hominibus
1712 1831 1771 1868 vi-

985 1887 1120 1923 derunt
1145 1895 1231 1921 eum
1249 1884 1287 1920 in
1309 1882 1468 1926 mundo,
1484 1880 1585 1917 inter
1596 1878 1772 1916 homines

986 1936 1290 1970 conversantem.
1314 1932 1442 1966 Potest
1459 1928 1573 1965 etiam
1595 1928 1667 1962 hoc
1685 1936 1772 1962 ver-

985 1981 1075 2017 bum
1101 1978 1259 2024 intelligi
1296 1977 1342 2013 de
1365 1977 1446 2011 visu
1474 1974 1672 2021 spirituali,
1697 1983 1771 2018 quo

985 2028 1114 2064 vident
1134 2036 1220 2063 eum
1239 2023 1413 2061 conversi
1434 2022 1482 2059 ad
1504 2021 1619 2056 fidem
1641 2020 1771 2056 catho-

986 2075 1112 2118 licam,
1151 2084 1195 2109 ex
1226 2071 1405 2108 omnibus
1434 2068 1618 2106 Gentibus
1654 2066 1769 2103 totius

987 2121 1130 2158 mundi.
1153 2117 1488 2163 Vel,videbiteum
1506 2115 1544 2151 iu
1566 2116 1689 2151 forma
1702 2114 1770 2150 hu-

987 2179 1100 2205 mana
1142 2166 1265 2204 omnis
1303 2166 1439 2208 homo,
1479 2167 1557 2199 tam
1599 2161 1767 2208 reprobi,

987 2226 1099 2263 quam
1120 2215 1228 2251 electi
1250 2213 1288 2249 in
1312 2211 1477 2249 secundo
1495 2209 1676 2254 adventu,
1698 2207 1768 2245 sci-

987 2264 1074 2300 licet
1093 2263 1132 2298 in
1152 2261 1214 2297 die
1230 2259 1377 2308 judicii.

1035 2314 1056 2347 8
1072 2312 1274 2347 BArrizAnr:
1284 2317 1443 2343 POTERAT
1453 2307 1473 2343 J
1477 2316 1630 2341 OANNES.
1646 2323 1694 2331 —-
1706 2304 1768 2344 Et,

987 2368 1070 2394 cum
1093 2358 1197 2393 missi
1218 2354 1408 2399 aJudaeis,
1428 2352 1604 2404 audirent
1624 2352 1774 2403 aJoan-

986 2416 1047 2449 ne,
1087 2404 1190 2451 quod
1229 2414 1306 2439 non
1355 2404 1435 2438 erat
1474 2401 1613 2445 aliquis
1655 2401 1771 2433 tr1um

986 2452 1268 2500 praedictorum,
1286 2460 1381 2496 quos
1392 2447 1659 2494 exspectabant
1674 2447 1771 2480 tam·

988 2510 1100 2546 quam
1121 2508 1306 2546 personas
1336 2496 1538 2539 solemnes,
1566 2495 1772 2535 inter-roya-

986 2550 1116 2583 verunt
1131 2558 1211 2582 eum
1231 2549 1265 2581 et
1285 2545 1461 2580 dixerant
1480 2544 1513 2577 ei
1536 2553 1546 2575 .-
1565 2539 1662 2583 Quid
1683 2547 1768 2582 erqo

989 2595 1170 2640 baptizas,
1191 2602 1330 2629 novum
1349 2591 1462 2627 ritum
1484 2585 1711 2640 inducendo,
1731 2586 1770 2621 et

988 2641 1156 2678 osticium
1197 2639 1365 2676 alienum
1403 2634 1636 2681 usurpando,
1674 2642 1707 2667 si
1734 2634 1774 2684 tu

988 2701 1059 2725 ηοη
1081 2699 1116 2724 es
1139 2689 1318 2727 Christus,
1340 2684 1599 2733 quipotestate
1620 2687 1775 2726 propria

989 2735 1210 2783 baptizabit,
1230 2743 1344 2779 neque
1363 2733 1481 2771 Elias,
1506 2739 1567 2775 qui
1591 2738 1628 2780 in
1649 2730 1773 2762 trans-

988 2783 1044 2821 itu
1059 2781 1236 2821 ,Iordanis
1261 2778 1491 2827 baptismum
1516 2773 1774 2822 signlficabat,
