1902 3126
461 132 515 166 DE
552 130 687 166 PRIMA
726 130 1062 166 DISCIPULORUM
1101 132 1361 168 VOCATIONE.
1663 137 1725 170 2¹3

100 205 206 240 cator
226 200 415 247 Evangelii
452 201 563 237 debet
595 210 677 236 esse
701 203 878 236 constans

98 249 137 287 in
177 248 445 296 praedicatione
473 246 574 283 verbi
613 246 692 290 Dei,
725 250 761 282 et
793 246 876 282 dili-

100 301 234 344 genter
266 295 505 332 considerare
542 304 758 339 processum
792 294 877 330 vitae

100 343 252 387 Christi,
287 345 323 378 et
352 351 427 377 non
467 340 588 376 solum
622 341 877 385 considerare,

98 391 165 428 sed
201 390 313 427 etiam
354 387 578 434 praedicare;
611 391 648 424 et
682 388 878 424 audientes

98 438 236 474 debent
255 436 388 471 devote
412 434 579 480 recipere
606 435 719 471 talem
741 435 877 481 praedi-

97 484 303 525 cationem;
330 485 365 517 et
386 482 567 518 Dominus
583 484 694 519 Jesus
714 484 762 519 ad
783 483 877 519 tales

97 529 328 568 convertitur
354 539 421 575 per
456 529 708 574 clementiam,
727 534 764 566 et
785 530 878 566 reci-

95 578 149 625 pit
175 587 242 623 per
274 577 450 622 gratiam,
473 579 510 613 et
545 588 609 614 eos
644 577 796 613 instruit
833 578 879 613 de

94 623 317 661 necessariis
341 624 388 660 ad
409 624 568 660 salutem
589 638 599 660 :
625 625 724 662 unde
748 624 877 662 subdi-

95 675 156 709 tur
179 671 322 706 sructus
348 671 567 708 testimonii.

144 731 162 755 2
176 719 380 755 Convensio
405 720 536 755 Donum
553 731 598 755 AD
616 731 706 755 onos
725 731 878 756 DISCIPU-

93 777 157 802 Los
195 777 397 806 snouENTEs
439 778 492 801 sn.
528 786 572 792 —
600 769 648 802 Et
683 768 879 802 audierunt

93 823 172 850 eum
191 813 261 849 duo
281 814 457 858 discipuli
475 815 690 859 loquentem,
709 818 746 850 et
762 813 881 850 credi·

93 860 232 897 derunt
260 860 440 906 magistro
477 860 659 907 loquenti,
697 872 740 897 ac
776 872 879 897 com-

93 907 287 944 mendanti
315 910 456 953 desum,
480 911 516 944 et
548 908 596 944 de
634 919 678 944 eo
716 908 880 944 testimo-

94 955 196 992 nium
211 955 445 1001 perhibenti3
462 959 495 991 et
512 958 626 991 secute·
643 960 728 991 sunt
743 958 878 997 Jesum,

94 1002 142 1039 ad
175 1004 331 1039 verbum
362 1002 533 1047 Joannis,
556 1006 597 1038 ut
623 1002 746 1048 potius
774 1003 878 1039 illum

93 1049 267 1086 audirent
303 1061 415 1096 quam
443 1051 648 1094 Joannem,
673 1051 881 1096 gaudentes

92 1107 133 1133 se
172 1097 324 1133 tandem
361 1097 548 1133 invenisse
574 1097 693 1142 illum,
725 1099 771 1134 de
805 1109 878 1144 quo

92 1143 203 1180 toties
224 1146 410 1180 Joannem
426 1144 626 1181 audierant
645 1145 876 1191 loquentem.

92 1191 364 1237 Relinquentes
395 1194 597 1236 Joannem,
629 1192 746 1228 secuti
777 1196 876 1236 sunt,

94 1248 171 1275 non
215 1242 361 1275 tantum
399 1239 572 1286 passibus
613 1240 766 1285 pedum,
813 1240 878 1275 sed

94 1285 208 1322 etiam
233 1286 433 1322 devotione
469 1286 557 1322 fidei
594 1291 631 1322 et
667 1286 878 1322 imitatione

94 1343 266 1380 operum,
287 1344 372 1369 eum
395 1344 505 1379 quem
526 1333 644 1380 ipsius
661 1334 877 1370 testimonio

95 1384 368 1427 cognoverunt,
390 1380 508 1426 ipsius
540 1391 690 1427 quoque
722 1381 879 1418 Joannis

95 1437 178 1464 esse
208 1428 444 1474 magistrum,
467 1427 727 1464 desiderantes
751 1428 783 1465 ei
811 1428 877 1464 ad-

94 1475 255 1519 haererc,
291 1480 329 1512 et
365 1476 446 1522 ejus
487 1475 696 1512 doctrinam
733 1475 877 1512 audire.

93 1522 291 1560 Admirare
315 1523 538 1569 simplicem,
563 1527 601 1560 et
624 1523 819 1567 humilem,
843 1527 880 1559 et

90 1570 240 1607 facilem
291 1570 561 1616 discipulorum
618 1571 876 1614 vocationem,

94 1616 177 1654 sine
214 1617 315 1652 omni
349 1617 561 1664 objectione
592 1620 629 1654 et
663 1622 877 1664 perscruta-

92 1664 198 1701 tione
240 1664 390 1700 sactam.
429 1664 620 1710 Benignus
655 1671 776 1700 autem
808 1666 877 1700 Do-

93 1711 218 1748 minus
260 1714 376 1752 Jesus,
402 1711 533 1748 sitiens
569 1723 700 1748 eorum
731 1715 768 1748 et
797 1722 877 1748 om-

91 1758 196 1796 nium
233 1760 408 1804 salutem,
431 1770 622 1796 conversus
655 1760 702 1796 ad
734 1770 812 1803 eos,
835 1770 879 1795 ex

93 1816 162 1844 sua
184 1807 432 1852 benignitate,
459 1806 522 1853 qui
550 1817 700 1853 semper
719 1817 877 1843 conver-

91 1853 184 1891 titur
204 1854 251 1890 ad
273 1865 337 1890 eos
365 1854 428 1900 qni
455 1854 503 1890 ad
527 1865 567 1890 se
591 1858 877 1898 convertuntur,

93 1911 138 1938 ac
160 1900 294 1947 recipit
326 1901 533 1945 venientes,
556 1906 589 1937 et
607 1903 734 1937 videns
761 1901 880 1938 oculis

95 1948 366 1985 misericordiae
397 1953 434 1984 et
460 1947 718 1995 benignitatis,
743 1960 799 1984 eos
830 1960 882 1984 se-

94 1999 244 2042 quentes
269 2007 319 2037 se,
345 2000 385 2032 ut
418 1996 526 2032 daret
560 1995 615 2031 eis
647 1996 693 2032 de
721 2007 760 2032 se
781 1996 880 2032 fidu-

96 2042 193 2080 ciam
234 2047 271 2080 et
307 2043 519 2087 audaciam,
547 2043 638 2079 dicit
661 2045 711 2078 eis
743 2057 753 2078 .·
785 2043 881 2086 Quid

96 2093 288 2138 quaeritis?
318 2091 431 2134 Quasi
450 2091 591 2127 dicenet
612 2092 770 2127 Paratus
798 2101 881 2127 sum

94 2138 143 2176 ad
170 2142 335 2174 vestram
367 2139 610 2175 voluntatem.
640 2140 719 2174 Non
755 2138 845 2174 dicit
870 2150 878 2174 :

95 2186 213 2231 Quem
236 2186 403 2233 quaeritis
417 2186 435 2222 ‘2
455 2186 543 2232 quia
560 2186 606 2222 de
624 2197 785 2232 persona
802 2185 883 2222 illu-

96 2233 228 2270 minati
251 2244 318 2280 per
336 2235 518 2270 Joannem
535 2238 666 2277 erant;
689 2234 755 2269 sed
772 2233 881 2269 dicit:

96 2280 192 2325 Quid
219 2281 415 2327 quaeritis?
439 2281 526 2328 quia
556 2281 665 2317 scivit
699 2282 799 2327 quod
837 2281 883 2317 de

98 2327 220 2364 salute
240 2328 381 2375 aliquid
402 2329 547 2366 discere
562 2329 795 2375 quaerebant.
811 2329 885 2364 Nec

96 2374 206 2422 petiit
233 2376 305 2412 hoc
334 2387 376 2412 ex
413 2376 643 2423 ignorantia,
671 2380 711 2412 ut
743 2375 884 2422 aliquid

98 2421 242 2467 discat;
275 2423 341 2459 sed
365 2427 404 2459 ut
437 2435 505 2470 per
532 2424 882 2470 interrogationem,

97 2470 220 2516 magis
257 2470 462 2507 familiares
496 2471 620 2515 saciat,
643 2475 680 2507 et
701 2476 739 2507 ut
763 2482 805 2507 ex
825 2482 885 2507 eo-

97 2527 184 2554 rum
216 2518 476 2565 responsione,
509 2518 793 2555 convenientius
819 2529 885 2554 eos

99 2563 251 2612 dirigat.
276 2567 382 2610 Quod
408 2566 588 2602 Dominus
623 2566 670 2602 ad
705 2577 770 2603 eos
794 2577 883 2602 cou-

97 2613 271 2658 vertitur,
300 2614 399 2660 quod
436 2625 501 2650 eos
540 2613 706 2660 respicit,
730 2617 767 2650 et
800 2624 884 2650 cum

98 2658 154 2697 eis
176 2660 359 2707 loquitur,
385 2661 594 2698 clementiae
626 2665 662 2697 et
687 2662 795 2698 bonae
822 2672 884 2697 vo-

98 2706 255 2745 luntatis
279 2713 334 2745 est
368 2709 572 2754 indicium;
607 2709 749 2746 sciebat
785 2708 884 2746 enim

100 2764 176 2803 quo
200 2756 339 2794 affectu
357 2758 613 2805 sequebantur
632 2767 731 2794 eum.
750 2758 791 2794 ln
811 2767 885 2804 quo

955 200 1184 237 daturnobis
1198 202 1368 250 intelligi,
1379 204 1477 249 quod
1491 204 1664 241 omnibus
1675 204 1738 250 qui

955 247 1140 283 Christum
1159 250 1262 294 sequi
1286 250 1469 297 incipiunt
1492 262 1583 297 puro
1605 252 1733 296 corde,

955 294 1018 328 dat
1046 294 1221 330 fiduciam
1249 300 1286 331 et
1319 308 1422 343 spem
1453 298 1735 344 misericmdiae,

955 340 1058 375 etad
1080 352 1145 376 eos
1171 352 1211 377 se
1239 345 1434 388 convertit,
1460 351 1499 381 ut
1519 357 1628 391 opem
1665 346 1737 382 mi-

955 387 1169 423 sericordiae
1206 399 1282 424 suae
1312 391 1365 426 eis
1401 392 1602 438 impendat.
1633 393 1738 430 Unde

956 436 1232 479 chrysostomus
1247 449 1257 470 .-
1274 451 1292 468 «
1312 437 1403 473 Hinc
1420 439 1625 483 erudimur,
1649 440 1737 486 quia

955 492 1038 518 cum
1071 492 1140 517 nos
1176 483 1274 518 bene
1316 484 1410 520 velle
1454 486 1735 532 inroepcrimus,

954 533 1044 565 tunc
1064 529 1201 565 multas
1225 530 1290 566 dat
1312 531 1420 566 nobis
1445 534 1574 569 salutis
1596 534 1737 570 occasi-

954 587 1058 612 ones.
1102 576 1206 613 Unde
1239 580 1276 613 et
1310 579 1561 622 Theophilus:
1594 595 1612 612 «
1646 581 1738 617 Vide

955 628 1079 660 autem
1100 624 1200 676 quod
1234 626 1475 670 sequentibus
1495 637 1534 661 sc
1559 628 1738 663 Dominus

955 674 1141 707 convertit
1176 671 1325 716 faciem,
1348 676 1384 708 et
1405 673 1565 718 respexit
1594 685 1602 708 ε
1636 674 1737 718 quia,

956 717 1027 754 nisi
1062 729 1130 764 per
1162 719 1300 755 bonam
1335 721 1593 765 operationem
1616 722 1739 765 ipsum

955 769 1104 802 secutus
1116 765 1245 810 fueris,
1264 766 1311 802 ad
1331 766 1512 803 visionem
1533 767 1639 803 faciei
1657 768 1739 813 ejus

956 823 1161 859 numquam
1196 813 1426 860 pertingens,
1451 826 1572 860 neque
1599 814 1647 850 ad
1668 816 1736 850 do-

956 871 1057 896 mum
1077 861 1157 906 ejus
1178 862 1320 907 poteris
1337 862 1549 908 pervenire.
1574 876 1592 893 »

1002 911 1022 943 5
1048 909 1120 943 ILm
1141 919 1389 944 inrssaaoeimr
1408 921 1478 945 nnn
1502 922 1545 944 nn
1569 921 1657 945 Loco
1678 922 1739 946 ns-

955 966 1167 990 fflTATlOle.
1186 975 1228 981 —
1245 956 1316 998 Qui
1336 957 1511 992 dia-erunt
1531 959 1586 992 ei.-
1606 958 1738 999 Rubbi,

955 1003 1052 1047 quod
1072 1003 1211 1038 dicitur
1229 1005 1523 1049 interpretatum,
1544 1007 1737 1048 Magister,

954 1050 1018 1084 ubi
1048 1050 1226 1085 habitas?
1259 1051 1366 1096 quasi
1393 1051 1563 1087 dicerent
1591 1063 1598 1087 z
1622 1052 1738 1098 Magi-

955 1096 1110 1133 sterium
1153 1101 1257 1133 tuum
1298 1102 1335 1134 et
1374 1098 1585 1134 doctrinam
1636 1103 1738 1134 tuam

955 1143 1172 1189 quaerimus.
1206 1146 1299 1181 Ecce
1336 1145 1465 1192 paucis
1508 1146 1740 1182 voluntatem

955 1202 1075 1236 suam,
1099 1195 1135 1227 et
1170 1202 1235 1227 cur
1261 1202 1346 1228 eum
1371 1197 1622 1238 sequerentur
1647 1192 1741 1228 insi-

955 1242 1093 1281 nuant;
1115 1238 1276 1285 sapienti
1297 1239 1396 1275 enim
1418 1241 1535 1276 multa
1549 1251 1590 1275 ex
1610 1239 1740 1285 paucis

955 1285 1208 1322 innotescunt.
1240 1286 1306 1322 Ubi
1338 1287 1515 1323 habitas?
1545 1287 1652 1332 quasi
1682 1286 1739 1323 di-

955 1336 1084 1368 cerent
1105 1344 1112 1368 t
1139 1332 1205 1369 Ubi
1227 1337 1284 1369 est
1305 1334 1507 1380 hospitium
1534 1338 1653 1378 tuum,
1678 1333 1741 1370 ubi

955 1384 1147 1425 tamquam
1166 1380 1229 1426 qui
1251 1384 1448 1417 transeunt
1466 1381 1704 1417 conversaris
1720 1381 1739 1416 ‘2

955 1429 1006 1463 De
1029 1427 1230 1473 hospitiolo
1253 1432 1438 1473 quaerunt,
1463 1439 1539 1464 non
1562 1429 1607 1464 de
1628 1429 1741 1464 domo

954 1475 1047 1521 ejus,
1068 1485 1181 1520 quam
1203 1485 1279 1510 uon
1300 1476 1478 1519 habebat,
1503 1475 1591 1521 quia
1626 1475 1740 1511 Filius

955 1521 1119 1557 hominis
1138 1532 1213 1557 non
1235 1522 1399 1558 habebat
1421 1522 1482 1558 ubi
1506 1526 1618 1568 capnt
1631 1532 1742 1559 suum

956 1568 1169 1605 reclinaret.
1193 1568 1291 1604 Nihil
1322 1569 1455 1605 habuit
1484 1569 1667 1606 Dominus
1701 1569 1740 1605 in

954 1621 1069 1660 terra,
1094 1618 1233 1662 praeter
1256 1615 1407 1652 unicum
1431 1617 1579 1652 titulum
1609 1616 1737 1661 Pilati;

954 1667 991 1699 et
1006 1663 1114 1699 nobis
1129 1663 1255 1709 plures
1268 1663 1366 1699 tituli
1383 1675 1457 1700 non
1474 1663 1682 1700 sufficiunt!
1696 1684 1742 1690 -—

955 1710 1162 1756 Moraliter,
1185 1710 1372 1747 Christum
1389 1711 1628 1757 interrogant
1644 1724 1651 1748 :
1672 1711 1741 1748 Ubi

954 1758 1132 1795 habitas?
1165 1757 1271 1805 quasi
1301 1759 1438 1795 vellent
1475 1759 1584 1803 scire,
1611 1759 1744 1804 quales

954 1806 1094 1842 debent
1115 1816 1194 1842 esse
1216 1805 1404 1850 homines,
1428 1806 1489 1852 qui
1518 1806 1620 1853 digni
1640 1808 1740 1850 sunt,

954 1858 995 1890 ut
1015 1852 1184 1890 Christus
1210 1853 1249 1889 in
1273 1854 1327 1889 eis
1349 1853 1493 1890 habitet
1516 1865 1524 1889 z
1550 1859 1588 1890 ut
1613 1864 1739 1890 exem-

955 1901 1016 1947 plo
1033 1911 1178 1945 eorum,
1195 1911 1235 1937 se
1253 1900 1349 1937 tales
1367 1901 1585 1944 exhibeant,
1607 1901 1645 1936 iu
1661 1900 1742 1946 qui-

954 1950 1024 1984 bus
1045 1948 1216 1984 habitare
1248 1948 1349 1984 velit.
1373 1968 1418 1974 —
1440 1947 1593 1993 Mystice
1614 1952 1740 1984 autem

956 1995 1189 2031 delectabilis
1213 1998 1270 2031 est
1301 1994 1373 2030 ista
1394 1995 1551 2041 quaestio
1573 1999 1741 2031 coutem-

956 2042 1141 2089 plantium
1161 2042 1297 2086 lucem,
1320 2042 1357 2077 in
1378 2053 1454 2088 qua
1469 2044 1565 2078 Deus
1582 2042 1740 2078 habitat.

960 2090 1062 2126 Unde
1098 2089 1298 2125 Psalmista
1323 2100 1332 2125 :
1356 2092 1519 2130 Domine,
1541 2090 1660 2125 dilexi
1681 2090 1742 2125 de-

957 2148 1072 2173 corem
1092 2138 1220 2172 domus
1256 2142 1339 2178 tuae,
1362 2141 1395 2172 et
1415 2139 1530 2173 locum
1566 2138 1743 2173 habitati-

957 2187 1036 2220 onis
1062 2186 1188 2229 ylorz'ae
1210 2188 1293 2221 tuae.
1318 2185 1546 2227 Quaerebant
1568 2195 1659 2230 ergo
1681 2185 1744 2220 ha-

958 2232 1180 2269 bitationem
1202 2232 1296 2278 ejus,
1320 2232 1415 2268 sicut
1443 2231 1599 2268 studiosi
1627 2231 1744 2268 disci-

959 2279 1049 2326 puli,
1088 2283 1128 2316 ut
1165 2282 1321 2326 possent
1358 2280 1405 2315 ad
1443 2290 1528 2315 eum
1566 2280 1742 2325 frequen-

959 2332 1016 2363 ter
1051 2326 1194 2371 venire,
1229 2330 1266 2363 et
1301 2338 1385 2363 cum
1412 2326 1493 2373 ipso
1528 2328 1744 2373 frequenter

958 2374 1078 2421 loqui,
1099 2377 1137 2411 et
1168 2376 1215 2411 ab
1246 2385 1290 2410 eo
1311 2374 1460 2411 instrui.
1486 2374 1591 2410 Unde
1612 2374 1710 2409 Beda
1729 2385 1740 2408 .-

960 2437 978 2456 «
1001 2422 1184 2459 Nolebant
1204 2422 1422 2458 transitorie
1440 2421 1658 2467 magisterio
1679 2431 1743 2457 ve-

959 2469 1080 2506 ritatis
1101 2470 1257 2516 perfrui,
1286 2470 1352 2506 sed
1376 2468 1610 2505 mansionem
1641 2478 1743 2521 quae-

959 2519 1104 2563 rebant,
1127 2521 1165 2553 ut
1188 2517 1336 2564 plenius
1363 2518 1410 2553 ab
1431 2527 1475 2553 eo
1498 2519 1652 2567 possent
1686 2525 1740 2567 in-

959 2565 1076 2610 strui;
1104 2565 1171 2601 sed
1202 2576 1272 2601 nos
1298 2564 1445 2611 quoties
1470 2565 1741 2598 lin-arnatioms

959 2612 1096 2650 Christi
1131 2612 1332 2649 transitum
1366 2612 1412 2647 ad
1444 2613 1605 2645 mentem
1630 2609 1745 2645 redu-

959 2660 1091 2703 cimus,
1113 2660 1273 2697 sollicito
1295 2659 1407 2695 corde
1429 2668 1514 2694 eum
1548 2666 1740 2709 rogemus,

959 2713 999 2745 ut
1037 2707 1245 2744 mansionis
1281 2711 1430 2743 aeteruae
1471 2704 1743 2740 habitationem

959 2755 1069 2793 nobis
1079 2756 1256 2802 dignetur
1266 2753 1478 2791 ostendere.
1495 2765 1513 2786 »
1533 2753 1616 2799 lpse
1637 2761 1740 2796 vero,
