1902 3126
440 176 490 209 DE
531 174 900 207 PRAESENTATioxi:
944 174 1102 206 lJOMlNl
1144 173 1183 205 ix
1221 171 1449 205 TEMPU'M.
1712 167 1764 200 toi

120 243 318 289 montium,
346 248 382 280 et
411 244 447 280 in
479 242 756 280 summitatibus
786 243 896 279 arbo-

120 300 218 334 rum,
238 291 471 337 frequentior
498 290 549 325 illi
571 289 805 326 conversatio
827 294 897 334 est,

119 340 161 373 ut
178 338 277 383 quod
294 338 350 374 vel
366 336 525 374 maxime
540 336 772 382 propositum
790 336 896 383 pudi-

119 384 216 420 citiae
247 384 368 428 decet,
397 384 531 420 doceat
557 394 626 419 nos
653 386 804 420 teri-ena
831 384 897 420 de-

119 431 277 477 spicere,
305 434 342 467 et
375 441 504 467 amare
540 430 738 467 coelestia:
766 444 783 463 »
818 431 898 467 haec

118 478 339 514 Ber-nardus.

165 526 185 560 8
203 525 371 562 Siueoxis
389 536 557 561 stomun.
578 545 623 551 —
639 527 687 561 Et
704 535 778 561 eece
796 526 897 561 homo

118 574 197 607 erat
215 573 256 606 in
280 573 494 613 Jerusalem,
518 574 577 608 eui
594 583 721 608 nomen
738 573 896 614 Simeon,

115 617 214 654 inter
233 619 448 656 sacerdotes
473 620 637 656 famosus
663 623 700 655 et
726 619 896 656 nomina-

117 668 198 709 tus3
221 669 254 701 et
276 667 378 702 homo
400 669 466 702 iste
484 668 610 712 justus
631 671 709 704 erat
735 667 772 702 in
795 666 895 703 omiii

116 712 336 758 operatione
358 713 461 758 boni,
484 718 516 750 et
537 716 728 750 timoratus
751 713 787 750 in
809 725 897 750 caii-

114 759 190 796 tela
208 760 316 804 mali;
334 761 391 796 vel
403 762 540 807 Justus,
555 765 654 798 recte
667 772 706 798 se
724 762 897 798 habendo

114 806 162 843 ad
195 807 422 854 proximum,
459 812 495 844 et
539 808 736 845 timoratus
774 809 897 855 quoad

113 854 246 898 Deum,
261 854 349 900 quia
364 855 517 892 difficile
530 855 676 902 justitia
697 855 777 892 sinc
793 860 896 892 casto

115 904 154 937 et
183 901 288 938 filiali
319 902 454 939 timore
481 903 626 939 Domini
656 903 894 939 custoditur:

114 947 229 985 timor
258 949 358 986 enim
394 949 558 993 Domini,
582 950 739 996 justitiae
772 954 807 986 et
841 961 899 986 ce-

113 998 282 1032 terarum
315 996 492 1033 virtutum
532 1001 657 1033 custos
692 1001 774 1040 est,
806 999 898 1042 quia

115 1044 392 1090 quantojiistus
409 1044 603 1080 ardentius
623 1045 739 1080 Deum
761 1043 897 1089 diligit,

112 1092 219 1126 tanto
249 1091 444 1134 solertius,
466 1091 573 1127 illum
606 1091 801 1127 offendere
835 1102 895 1126 ca-

112 1141 186 1174 vet.
207 1137 360 1174 Illorum
381 1138 480 1174 enim
503 1138 763 1183 operationem
784 1139 898 1174 comi-

112 1188 214 1221 tatur
239 1185 400 1231 jiistitia,
424 1196 582 1232 quorum
612 1190 756 1221 mentes
784 1185 898 1221 timor

112 1232 178 1268 Dei
198 1231 401 1277 illuminat,
420 1237 581 1269 testante
600 1233 812 1276 Psalmista,
834 1232 895 1278 qui

116 1278 170 1316 ait
192 1291 200 1315 :
229 1281 362 1315 Beatus
390 1282 446 1315 vir
472 1283 536 1325 qui
563 1282 663 1316 timet
689 1282 894 1320 Dominum,

116 1329 216 1370 etc.;
250 1331 287 1362 et
324 1327 539 1369 Salomone,
572 1327 634 1372 qui
669 1327 760 1362 dicit
792 1339 799 1362 z
827 1328 897 1370 Qui

114 1376 216 1409 timet
250 1376 376 1415 Deum,
402 1375 497 1409 nihil
529 1376 700 1419 neylz'yit.
730 1375 772 1409 Et
802 1375 896 1410 bene

108 1421 233 1467 justus
268 1425 370 1465 erat3
400 1421 446 1457 ad
475 1422 684 1467 proximum
723 1432 762 1457 se
795 1425 896 1457 recte

111 1469 290 1512 habebat,
309 1468 397 1514 qula
418 1479 491 1504 nou
513 1479 619 1504 suam
641 1468 893 1512 solummodo,

111 1515 177 1551 sed
204 1519 241 1552 et
267 1515 381 1552 totius
408 1515 532 1562 populi
562 1516 720 1551 salutem
749 1526 893 1562 quiere-

113 1563 191 1606 bat,
224 1567 437 1609 exspectans
464 1564 742 1598 consolationem
766 1564 892 1604 lsrael,

111 1609 150 1646 in
183 1609 371 1646 desiderio
405 1613 441 1646 et
474 1621 539 1656 spe
575 1610 661 1646 boni
703 1609 892 1656 promissi,

113 1657 238 1704 quoad
251 1657 336 1694 fidei
350 1661 386 1693 et
398 1657 475 1704 spei
492 1657 767 1701 rectitudinem,
781 1668 892 1703 quam

110 1705 288 1741 habebat.
325 1704 486 1740 Minores
519 1705 670 1751 quidem
701 1709 892 1751 exspecta-

109 1752 201 1789 bant
217 1752 514 1789 consolationem
532 1752 791 1798 temporalem,
813 1763 894 1798 per-

109 1798 336 1846 promissum
350 1799 479 1835 salutis
491 1803 698 1843 auctorem,
712 1803 751 1835 iit
769 1801 830 1845 qui
847 1799 893 1835 ab

110 1847 258 1883 Herode
275 1857 362 1892 rege
377 1848 495 1893 pressi
516 1848 676 1890 Fuerant,
697 1847 733 1882 in
753 1847 892 1883 adven-

110 1897 150 1930 tu
171 1894 376 1930 Salvatoris
404 1894 565 1938 liberati,
594 1894 890 1930 consolationem

111 1940 339 1987 acciperent.
364 1942 525 1987 Maj0res
547 1952 650 1984 vero,
675 1945 714 1977 ut
741 1942 892 1978 Simeon

113 1992 149 2025 et
169 1989 400 2035 hujusmodi,
419 1993 532 2025 etiam
553 1988 786 2035 spiritualem
808 2000 895 2024 con-

112 2035 349 2080 solationem,
372 2041 408 2072 et
438 2036 738 2082 redemptionem
765 2047 787 2072 a
813 2036 893 2072 dia-

114 2084 200 2120 bolo
222 2084 502 2130 exspectabant.
521 2083 734 2120 Consolatio
757 2083 893 2129 quippe

112 2130 241 2175 lsrael,
264 2131 301 2167 id
325 2135 396 2175 est,
418 2132 575 2166 videntis
595 2133 720 2171 Deum,
744 2130 892 2166 Domini

112 2178 296 2214 adventus
324 2178 362 2214 in
393 2189 506 2214 carne
535 2178 627 2221 suit;
653 2177 769 2213 sancti
793 2177 894 2214 enim

112 2229 253 2272 patres,
277 2236 370 2271 quos
391 2230 511 2261 metus
535 2225 731 2271 originalis
753 2227 893 2271 peccati

113 2272 382 2316 contristabat,
423 2283 489 2319 pei·
528 2272 675 2308 Domini
717 2274 894 2308 lucarna-

114 2319 255 2356 tionem
301 2319 489 2356 consolari
534 2320 752 2356 credebant.
795 2321 895 2355 llanc

115 2366 413 2403 consolationem
443 2367 607 2410 Simeon,
639 2366 700 2412 qui
730 2368 896 2402 obediens

116 2413 399 2460 interpretatur,
415 2416 668 2460 exspectabat,
686 2425 797 2460 quem
818 2425 895 2450 ma-

116 2464 200 2497 tura
233 2465 324 2497 aztas
356 2461 401 2496 de
433 2461 572 2497 mundo
603 2461 703 2497 exire
733 2462 894 2508 compel-

112 2508 234 2551 lebat;
259 2512 383 2544 tamen
411 2513 564 2554 propter
591 2508 819 2545 desiderium
844 2509 895 2544 vi-

114 2555 228 2592 dendi
258 2555 471 2598 Dominum,
501 2555 536 2590 iii
563 2566 676 2592 carne
704 2557 893 2592 manebat.

113 2605 160 2639 Et
183 2604 345 2649 Spiritus
372 2604 541 2643 Sinicius,
571 2613 612 2638 ac
640 2603 896 2640 sanctificator

113 2660 155 2686 ex
192 2650 393 2697 praesentia
429 2650 563 2686 summi
599 2650 702 2694 boni,
741 2655 819 2687 erat
857 2653 895 2687 in

113 2707 164 2739 eo,
182 2701 362 2744 quantum
385 2698 431 2733 ad
453 2697 583 2743 gratiae
605 2698 892 2744 plenitudinem,

115 2754 226 2790 quam
238 2745 468 2792 possidebat,
479 2745 540 2790 qui
551 2756 625 2781 11011
637 2745 756 2781 solum
767 2745 897 2782 habuit

115 2791 275 2838 gratiam
292 2793 577 2839 justificantem,
598 2797 708 2840 prout
728 2803 894 2830 commu—

980 242 1078 278 niter
1093 239 1422 286 liabeturajiistis,
1435 237 1499 274 scd
1515 236 1628 272 etiam
1644 246 1767 282 quan-

980 295 1059 325 tum
1092 289 1139 324 ad
1174 286 1491 328 illuminationes,
1522 288 1558 320 et
1595 283 1765 319 consola-

979 335 1102 372 tiones
1155 333 1300 369 divinas
1348 332 1542 379 speciales.
1592 330 1766 366 Dicturus

980 381 1217 428 Evangelista
1231 381 1276 416 de
1293 380 1482 422 Simeoiie,
1499 378 1588 424 quia
1606 377 1765 424 Spiritus

979 431 1138 467 Sanctus
1149 427 1282 465 eratin
1295 438 1353 470 ee,
1368 425 1548 472 pra=misit
1562 425 1661 470 quod
1683 429 1763 460 erat

974 478 1099 524 justus
1120 480 1156 512 et
1177 475 1389 516 timoratus,
1413 472 1587 518 quoniam
1612 471 1762 507 illorum

979 525 1094 561 corda
1128 525 1225 560 Deus
1261 520 1461 562 inhabitat,
1493 518 1554 564 qui
1590 518 1764 554 timentes

981 569 1294 618 Deumjustitiam
1311 571 1475 609 servant,
1490 565 1589 601 uude
1604 565 1682 610 ipse
1699 576 1765 610 per

981 620 1207 665 proplietam
1223 616 1313 653 dicit
1329 627 1337 650 :
1357 616 1473 660 Super
1487 623 1589 657 quem
1609 614 1765 656 quiescet

979 668 1143 713 Spiritus
1166 675 1278 706 meus,
1304 664 1378 698 nisi
1407 670 1515 706 super
1539 660 1710 694 humilem
1732 663 1764 693 ct

980 716 1155 760 quietum,
1169 716 1202 748 et
1224 713 1429 747 trementem
1447 717 1625 743 sermones
1644 716 1735 741 meos
1747 710 1764 740 ¹!

1029 777 1048 809 9
1062 763 1148 797 Eius
1164 770 1307 795 vinexni
1322 758 1464 794 Cuius-Ti
1479 764 1764 806 aesini-gitium..—

978 811 1025 845 Et
1044 809 1089 844 ab
1108 807 1189 855 ipso
1211 807 1355 853 Spiritu
1375 804 1521 843 Sancto,
1541 811 1602 846 qui
1623 810 1689 846 per
1713 810 1765 834 in-

979 855 1213 892 habitantem
1241 852 1399 899 gratiam
1435 850 1472 885 in
1503 859 1562 900 eo.
1582 850 1683 890 crat,
1708 857 1763 899 re—

977 914 1150 950 sponsum
1176 901 1215 937 in
1246 898 1482 936 orationibus
1509 906 1585 931 suis
1619 895 1765 930 devotis

978 954 1178 997 acceperat,
1204 945 1443 984 invisibiliter
1471 944 1508 979 in
1532 945 1670 995 mente,
1697 951 1764 993 per

979 999 1162 1034 occultam
1189 994 1491 1042 inspirationem,
1517 994 1552 1026 et
1582 989 1761 1041 intellexit

978 1046 1024 1081 de
1057 1044 1193 1081 Christi
1231 1043 1410 1084 adventu,
1439 1037 1761 1090 quod-Christum

979 1102 1091 1138 quem
1120 1091 1272 1127 videbat
1298 1087 1415 1125 oculis
1444 1088 1593 1127 mentis,
1620 1083 1761 1119 videret

978 1139 1096 1175 oculis
1113 1136 1296 1184 corporis,
1314 1138 1516 1179 antequam
1537 1135 1762 1178 praesentem

980 1185 1104 1221 siniret
1128 1184 1260 1227 vitam;
1284 1194 1354 1218 non
1372 1183 1533 1216 risurum
1547 1189 1584 1213 se
1599 1182 1761 1217 mortem,

978 1235 1052 1268 nisi
1067 1235 1170 1278 prius
1189 1232 1326 1267 videret
1340 1230 1523 1265 Christum
1541 1227 1695 1261 Domini.
1714 1225 1762 1260 Ex

979 1291 1051 1326 ‹1uo
1064 1282 1166 1326 patet
1177 1278 1276 1325 qiiod
1287 1288 1354 1323 pro
1368 1276 1438 1311 hoc
1452 1273 1554 1320 prius
1568 1275 1760 1324 orayerat3

978 1327 1066 1373 quia
1090 1328 1161 1363 hoc
1185 1326 1375 1372 sperabat,
1398 1326 1434 1358 et
1462 1320 1762 1372 consolationem

979 1374 1093 1411 lsrael
1128 1373 1379 1419 exspectabat.
1403 1371 1505 1405 Tunc
1540 1377 1639 1403 enim
1681 1369 1760 1401 erat

977 1422 1103 1468 opinio
1126 1419 1335 1457 communis
1364 1416 1462 1463 apud
1490 1414 1762 1466 intelligentes,

977 1469 1078 1515 quod
1097 1468 1316 1504 imminebat
1335 1465 1518 1501 adventus
1537 1462 1688 1514 cinisii,
1708 1471 1763 1496 se-

975 1517 1140 1552 cundum
1167 1515 1275 1560 signa
1301 1524 1322 1549 a
1344 1510 1574 1548 Patriarcliis
1604 1512 1639 1543 et
1671 1508 1760 1543 Pro-

974 1563 1098 1609 plietis
1122 1563 1222 1598 data.
1250 1563 1292 1597 Et
1323 1560 1408 1596 ideo
1442 1557 1590 1609 Simeon
1619 1555 1664 1590 de
1692 1555 1763 1590 hoe

975 1610 1179 1647 ferventius
1191 1611 1308 1645 Deum
1323 1608 1475 1644 orabat:
1492 1608 1524 1640 et
1542 1614 1585 1656 in⁸
1601 1604 1758 1648 Spiritu,

975 1658 1012 1694 id
1030 1661 1085 1694 est
1106 1668 1173 1704 per
1194 1655 1465 1693 revelationem
1491 1650 1763 1702 Spiritus-San-

974 1705 1037 1750 cti,
1060 1709 1098 1741 et
1119 1705 1200 1751 ipso
1227 1703 1366 1750 Spiritu
1389 1702 1540 1743 Sancto,
1563 1708 1625 1744 qui
1653 1708 1691 1732 in
1717 1707 1760 1733 eo

973 1756 1070 1797 erat,
1100 1753 1274 1800 jubente,
1296 1751 1393 1786 venit
1427 1751 1465 1783 in
1495 1746 1681 1798 templum,
1706 1747 1760 1787 ut,

973 1800 1069 1837 sicut
1105 1808 1330 1846 responsum
1366 1800 1403 1832 et
1440 1802 1670 1845 promissum
1713 1792 1759 1827 ab

972 1848 1105 1884 eodem
1140 1846 1280 1893 Spiritu
1318 1845 1535 1889 acceperat,
1571 1840 1760 1893 Cliristiim

974 1894 1137 1939 Domini,
1155 1894 1190 1930 id
1212 1897 1268 1930 est
1287 1895 1442 1928 unctum
1464 1901 1485 1925 a
1504 1891 1678 1940 Domino,
1697 1897 1761 1922 an-

973 1945 1125 1988 tequam
1146 1944 1373 1983 moreretur,
1393 1937 1550 1973 videret.
1569 1939 1596 1971 t)
1617 1938 1759 1980 quanto

973 1988 1161 2025 desiderio
1201 1986 1350 2023 videndi
1392 1984 1608 2026 Dominum,
1646 1991 1761 2034 senex

973 2036 1043 2073 iste
1064 2035 1305 2073 beatissimus
1327 2033 1523 2075 aestuabat,
1547 2038 1659 2076 quem
1680 2037 1759 2075 jam

973 2088 1065 2120 retas
1080 2084 1126 2119 de
1141 2084 1211 2119 1100
1231 2081 1356 2118 seculo
1372 2080 1473 2116 exire
1490 2075 1666 2123 cogebat!
1688 2075 1760 2111 Sed

976 2131 1038 2167 Dei
1058 2129 1252 2177 responsio
1269 2125 1658 2177 retiiiebat,qiiiaiion
1680 2127 1762 2159 erat

976 2182 1135 2214 mortem
1155 2177 1315 2219 visurus,
1330 2176 1366 2212 id
1388 2178 1458 2218 est,
1478 2176 1684 2210 sentiturus
1702 2169 1758 2222 vel

976 2230 1212 2272 experturus,
1240 2223 1311 2260 nisi
1348 2223 1450 2269 prius
1482 2220 1633 2272 videret
1653 2218 1759 2255 Cliri-

977 2278 1074 2310 stum
1110 2271 1272 2315 Domini,
1306 2270 1481 2307 Mcssiam
1513 2275 1758 2318 promissum,

975 2320 1092 2357 oculis
1112 2318 1383 2366 corporalibus.
1408 2319 1483 2353 lloc
1505 2325 1594 2361 ergo
1616 2313 1760 2349 deside-

975 2369 1096 2412 rabat,
1108 2368 1179 2403 lioc
1188 2365 1521 2407 mentetractabat,
1531 2363 1601 2415 hoc
1612 2370 1762 2412 semper

975 2416 1178 2461 cogitabat,
1202 2414 1331 2451 dicens
1355 2425 1362 2448 :
1394 2411 1475 2448 Scio
1505 2420 1593 2455 quia
1620 2411 1759 2449 veniet,

976 2463 1053 2499 scio
1084 2462 1172 2509 quia
1205 2462 1339 2498 videbo
1373 2470 1472 2496 cum.
1505 2457 1577 2494 Sed
1609 2454 1759 2509 quando

975 2509 1128 2546 veniet?
1149 2509 1306 2553 Quando
1338 2518 1422 2544 eum
1459 2505 1592 2541 videbo
1606 2503 1628 2555 ’.ζ
1655 2504 1759 2543 Nem,

976 2557 1134 2594 Domine
1153 2559 1257 2600 Jesu,
1273 2556 1375 2592 solve
1391 2553 1480 2590 milii
1502 2553 1579 2588 liiec
1598 2548 1758 2600 1111011111,

976 2609 1011 2641 et
1035 2615 1093 2641 me
1106 2605 1185 2651 jam
1207 2614 1307 2640 nunc
1330 2603 1471 2648 inpare
1493 2599 1547 2651 ire
1569 2599 1756 2643 permitte.

977 2653 1070 2688 Dum
1096 2655 1222 2688 autem
1244 2653 1322 2687 baec
1345 2659 1472 2685 secum
1494 2647 1649 2682 diceret.
1669 2642 1757 2694 (111111

977 2699 1047 2736 hoc
1067 2698 1256 2735 desiderio
1272 2699 1461 2739 aestuaret,
1478 2693 1617 2729 (lictum
1633 2695 1687 2725 cst
1707 2689 1758 2724 illi

976 2757 998 2783 a
1026 2746 1165 2793 Spiritu
1201 2747 1335 2783 Sancto
1366 2756 1373 2779 2
1398 2744 1489 2794 Ecce
1516 2740 1623 2776 adest
1649 2746 1760 2783 quem

977 2799 1182 2841 exspectas,
1204 2803 1315 2839 quem
1349 2799 1508 2836 quiri-is,
1543 2797 1641 2823 nuuc
1676 2794 1761 2820 etim
