1897 3167
470 197 522 229 DE
559 195 857 229 CONCEPTIONE
897 195 1164 229 SALx'ATffltts
1203 199 1372 232 NosTttl.
1698 204 1738 237 33

102 268 324 311 Arimathia,
346 268 384 303 in
406 277 478 312 quo
501 270 652 302 notatur
679 266 878 307 sortitudo;

101 317 189 364 quia
209 316 387 353 audacter
407 312 574 349 introivit
590 312 636 348 ad
659 312 881 356 Pilatum,et

99 364 207 411 petiit
247 371 382 408 corpus
418 362 520 397 Jesu.
553 361 715 403 Quartus
739 360 880 406 ¹loseph

97 414 239 453 Justus,
262 409 298 444 in
320 419 392 454 quo
417 411 568 443 notatur
590 407 750 453 justitia,
778 407 879 443 unde

94 462 132 496 et
147 459 272 504 Justus
298 459 352 492 est
390 454 618 491 nominatus.
641 455 729 490 Tale
753 454 879 499 itaque

94 505 251 542 decebat
271 503 411 539 habere
440 513 576 538 nomen
599 512 777 548 sponsum
800 501 882 537 Vir-

93 551 206 599 ginis,
228 551 266 586 in
298 561 370 596 quo
399 549 632 586 inveniretur
659 548 879 596 mysterium

94 598 217 636 omnis
254 597 416 633 virtutis.
464 597 623 633 Additur
667 600 792 633 autem
837 597 880 631 de

93 647 198 682 domo
224 645 357 684 David.
396 644 443 680 ad
470 644 743 681 ostendendum
778 644 879 690 quod

96 693 266 732 Christus
292 691 487 728 descendit
513 692 559 728 de
584 691 726 728 semine
747 690 878 736 David,

96 740 191 777 sicut
210 740 331 776 suerat
343 749 409 785 per
423 739 629 786 Prophetas
643 739 878 785 praedictum.

98 787 198 824 Licet
224 786 326 823 enim
355 787 495 833 ,loseph
532 797 607 822 non
636 786 747 822 fuerit
774 790 881 832 pater

98 834 317 878 salvatoris,
336 838 463 869 tamen
475 833 588 880 Virgo
607 833 794 877 Maria,de
809 844 883 879 qua

99 881 269 920 Christus
301 891 452 917 carnem
476 880 692 927 assumpsit,
732 880 800 917 fuit
835 880 882 916 de

99 929 232 967 eadem
252 928 353 965 tribu
372 939 455 964 cum
482 929 636 975 Joseph,
659 927 813 974 scilicet,
836 928 883 964 de

100 976 200 1014 tribu
222 976 342 1022 ipsius
363 976 492 1012 David.

148 1028 169 1068 4
185 1025 312 1060 Nonas
329 1025 507 1067 Vmfflms,
523 1035 625 1059 crirs
636 1035 722 1059 Tuas
737 1035 880 1058 sexsus.

104 1092 148 1099 —
169 1071 303 1108 Merito
332 1075 456 1107 autem
483 1070 634 1106 additur
656 1082 664 1106 ε
687 1073 734 1107 Et
759 1081 886 1106 nomen

105 1120 274 1164 Viryinis
291 1119 414 1154 Maria
433 1118 526 1154 :hoc
549 1119 650 1154 euim
671 1117 885 1154 venerabile

104 1176 258 1210 nomen,
276 1165 461 1211 triplicem
478 1166 591 1201 habet
606 1165 884 1212 interpretatio-

102 1223 188 1250 nem
202 1212 242 1249 in
259 1212 394 1258 triplici
416 1212 555 1260 lingua.
575 1212 754 1249 llebraice
775 1212 886 1248 inter-

101 1263 272 1308 pretatur
282 1262 388 1295 stella
400 1262 526 1300 maris,
537 1259 593 1296 vel
610 1261 884 1303 illuminatrioe5

103 1308 234 1344 Latine
252 1307 562 1353 etymologizatur
581 1318 680 1342 mare
699 1318 884 1349 antarum,-

103 1355 254 1402 Syriace
269 1365 358 1390 vero
377 1356 524 1390 (lomina
538 1359 789 1401 nuncupatur.
804 1355 886 1400 Ipsa

102 1402 171 1439 t'uit
191 1400 307 1438 maris
325 1402 433 1438 stella
449 1402 485 1437 in
503 1401 583 1437 Filii
600 1402 662 1438 Dei
676 1401 886 1445 nativitate,

101 1454 190 1486 tunc
210 1448 312 1485 enim
333 1449 456 1485 emisit
478 1449 626 1485 radium
643 1453 762 1485 totum
784 1460 889 1485 mun-

102 1497 191 1533 dum
210 1496 507 1539 illuminanten1;
532 1507 635 1532 mare
656 1507 826 1532 amarum
850 1495 885 1531 iu

102 1543 182 1580 Filii
202 1543 393 1590 passione,
430 1543 517 1589 quia
546 1547 635 1579 tune
665 1542 782 1590 ipsius
805 1542 886 1579 ani-

102 1601 202 1628 mam
210 1590 453 1637 pertransivit
470 1590 620 1638 gladius
634 1602 642 1634 ;
654 1591 719 1627 sed
731 1590 886 1626 domina

100 1638 140 1674 in
171 1648 241 1674 sua
275 1637 547 1684 assumptione,
585 1638 735 1684 quando
773 1648 887 1685 super

96 1686 235 1722 choros
262 1686 492 1731 Angelorum
513 1689 569 1722 est
591 1686 767 1722 exaltata.

148 1736 168 1768 5
192 1734 307 1768 Pium
343 1745 621 1769 INTERPRETATIO
648 1745 793 1769 Nomms
813 1734 888 1769 MA-

102 1792 188 1816 RLt-:t
203 1792 334 1816 STELLA
348 1793 452 1816 mnis
473 1792 541 1816 νει,
561 1792 828 1817 ιιιωιιΝΑτΗιΧ.
841 1802 885 1806 -

101 1827 221 1864 Maria
244 1827 344 1864 dicta
372 1832 428 1864 est
456 1829 564 1864 stella
590 1831 718 1870 maris,
738 1828 775 1864 in
796 1839 884 1875 pec-

101 1878 273 1912 catorum
297 1875 559 1920 conductione,
588 1876 676 1922 quia
697 1887 764 1922 per
782 1887 887 1912 mare

105 1923 219 1969 hujus
254 1923 369 1959 seculi
404 1934 468 1959 eos
502 1923 631 1970 dirigit
665 1924 713 1960 ad
734 1927 887 1970 portum

104 1969 353 2017 poenitentiae,
377 1975 411 2006 et
440 1970 494 2006 sic
518 1971 566 2007 ad
601 1971 733 2007 Filium
754 1972 889 2018 perdu-

105 2017 180 2062 cit;
201 2016 241 2053 in
266 2018 372 2063 cujus
395 2018 509 2054 etiam
531 2019 679 2064 signum
698 2018 735 2054 in
756 2018 890 2055 nativi-

103 2067 182 2102 tate
223 2065 359 2101 Christi
401 2065 510 2102 stella
546 2065 665 2113 Magis
700 2066 888 2112 apparuit,

104 2122 189 2159 quae
206 2122 272 2148 eos
287 2113 334 2148 ad
350 2117 479 2149 natum
496 2114 680 2150 Infantem
692 2113 887 2160 perduxit:

108 2159 209 2196 unde
230 2159 326 2196 oculi
357 2161 525 2197 omnium
553 2166 794 2208 peccatorum
816 2161 890 2197 sint

105 2207 154 2243 ad
174 2207 309 2254 ipsam,
335 2207 427 2244 sirut
447 2208 542 2244 oculi
565 2208 732 2245 omnium
757 2212 888 2245 nauta-

108 2265 190 2291 rum
223 2254 270 2291 ad
299 2255 459 2291 stellam.
499 2257 602 2292 Unde
636 2257 846 2292 Ber-nardus
877 2270 887 2292 :

105 2316 126 2334 «
146 2302 198 2338 Ne
235 2306 384 2338 avertas
417 2303 544 2340 oculos
582 2307 667 2340 tuos
698 2314 720 2339 a
743 2304 888 2350 fulgore

104 2349 218 2395 hujus
243 2349 394 2394 sideris,
417 2350 446 2386 si
474 2362 548 2387 non
575 2351 632 2387 vis
666 2351 773 2388 obrui
804 2362 890 2398 pro-

102 2395 220 2433 cellis.
244 2397 272 2433 O
293 2396 452 2443 quisque
484 2403 519 2435 te
547 2398 726 2445 intelligis
755 2398 794 2435 in
816 2400 889 2435 hu-

95 2445 160 2491 jus
181 2443 297 2480 seculi
331 2445 517 2490 profluvio
545 2446 664 2491 magis
684 2446 781 2483 inter
798 2457 888 2494 pro-

103 2491 218 2528 cellas
255 2495 294 2528 et
318 2496 562 2539 tempestates
602 2496 735 2535 liuere.
775 2505 888 2541 quam

101 2549 218 2586 super
236 2542 377 2575 terram
402 2540 611 2585 ambulare,
639 2541 782 2595 respice
804 2542 890 2579 stel-

105 2587 195 2632 lam,
216 2597 310 2623 voca
325 2587 498 2624 Mariam.
522 2587 557 2624 Si
576 2589 734 2635 ,jactaris
755 2600 890 2636 super-

109 2633 179 2670 biae
224 2634 351 2679 undis,
380 2635 409 2671 si
444 2635 674 2681 ambitionis,
697 2636 726 2673 si
761 2637 890 2674 detra-

109 2680 246 2718 ctionis
264 2710 272 2726 ‚
316 2681 345 2718 si
404 2683 657 2720 zemulationis
681 2712 690 2728 ,
747 2685 891 2732 respice

109 2727 273 2773 stellam,
295 2740 386 2766 voca
412 2730 582 2766 Mariam.
610 2731 644 2768 Si
683 2731 890 2776 iracundia,

110 2779 175 2812 aut
206 2776 378 2822 avaritia,
421 2782 484 2814 aut
518 2778 680 2815 carnalis
715 2779 893 2817 illecebra

112 2822 323 2860 naviculam
363 2825 595 2862 concusserit
639 2826 777 2864 mentis
793 2855 802 2872 ,
839 2838 894 2865 re-

198 2881 289 2916 Vth
303 2884 391 2918 stu
408 2886 567 2925 Cuiusn,
584 2886 705 2918 Toxius
727 2886 752 2919 1.

957 265 1057 311 spire
1078 267 1240 320 stellam,
1262 280 1352 305 voca
1375 271 1590 309 Mariam.Si
1611 273 1737 310 crimi-

959 323 1047 348 num
1089 319 1322 352 1mmamtate
1350 319 1534 363 turbatus,
1565 320 1619 356 vel
1654 332 1739 357 con-

957 359 1122 395 scientiae
1145 361 1312 398 s‹editate
1340 366 1529 410 confusus,
1559 368 1737 405 barathro

957 406 1235 453 desperationis
1262 408 1420 456 incipias
1447 414 1656 459 absorberi,
1680 427 1739 452 re-

957 454 1058 500 spice
1085 454 1248 499 stellam,
1269 467 1360 492 voca
1379 459 1547 496 Mariam.
1574 464 1612 497 ln
1638 463 1739 509 peri-

957 501 1064 544 culis,
1094 501 1132 537 in
1171 503 1366 547 angustiis,
1405 504 1441 540 in
1476 509 1587 543 rebus
1616 510 1740 546 dubiis

958 548 1112 585 Mariam
1134 549 1272 595 cogita,
1305 551 1459 587 Mariam
1490 553 1642 599 iuvora;
1666 569 1739 593 non

957 596 1111 632 recedat
1131 597 1177 633 ab
1198 608 1277 642 ore,
1299 610 1373 634 non
1392 601 1541 636 recedat
1563 613 1584 637 a
1606 605 1739 640 corde:

957 647 994 679 et
1019 648 1058 680 ut
1081 643 1260 691 impetres
1283 646 1362 690 eius
1398 647 1579 683 orationis
1606 651 1742 687 suffra-

957 691 1060 738 gium
1084 719 1093 735 ,
1146 702 1191 727 ne
1237 692 1391 729 deseras
1445 697 1744 733 conversationis

957 739 1183 785 exemplum.
1202 741 1323 785 Ipsam
1337 751 1499 786 sequens
1512 753 1583 778 non
1601 744 1743 788 devias,

958 785 1078 832 ipsam
1114 797 1252 832 rogans
1288 798 1363 823 non
1402 789 1595 835 desperas,
1624 791 1744 838 ipsam

957 833 1127 879 cogitans
1148 845 1223 869 non
1245 845 1369 879 erras3
1394 835 1475 882 ipsa
1497 841 1649 875 tenente
1668 850 1744 876 non

957 881 1117 925 corruis,
1142 881 1223 927 ipsa
1249 887 1470 929 protegente
1496 895 1569 920 non
1592 888 1744 931 metuis,

957 927 1039 974 ipsa
1063 929 1225 965 ducente
1254 940 1330 965 non
1352 930 1535 977 fatigaris,
1556 932 1636 979 ipsa
1664 945 1748 980 pro-

957 975 1049 1022 pitia
1079 976 1135 1029 'ad
1172 980 1320 1023 portum
1364 979 1538 1031 pervenis
1570 992 1578 1015 :
1620 981 1672 1017 sie
1708 982 1745 1018 in

958 1027 1157 1070 temetipso
1215 1025 1374 1071 experiri
1430 1026 1571 1073 poteris
1633 1039 1745 1075 quam

959 1071 1093 1107 merito
1111 1070 1251 1107 dictum
1271 1072 1318 1107 sit
1343 1085 1351 1108 :
1375 1077 1409 1109 et
1428 1085 1555 1110 nomen
1580 1078 1746 1120 l·⁷t'7·9inz's

957 1120 1094 1160 Maria,
1105 1118 1220 1155 maris
1237 1120 1346 1156 stella
1362 1132 1370 1156 z
1387 1135 1405 1153 »
1424 1122 1502 1157 hirc
1522 1124 1746 1161 Bet-nardus.

960 1168 1052 1202 Item
1092 1167 1343 1202 illuminati-iat
1383 1168 1630 1215 interpretata
1662 1175 1744 1215 est,

960 1213 1048 1259 quia
1074 1213 1274 1260 splendore
1311 1216 1457 1261 gratim,
1499 1220 1535 1252 et
1568 1219 1747 1265 exemplis

961 1272 1037 1297 suae
1068 1261 1314 1297 sanctissimae
1335 1263 1418 1299 vitae
1451 1265 1630 1301 muudum
1662 1265 1745 1302 illu-

961 1308 1107 1344 stravit.
1133 1309 1235 1344 Unde
1257 1309 1302 1345 de
1339 1321 1383 1346 ea
1405 1310 1501 1346 canit
1542 1313 1706 1349 Ecclesia
1736 1325 1743 1349 :

963 1356 1074 1401 CuJ'us
1110 1358 1188 1391 vitet
1227 1358 1366 1399 inclyta
1400 1362 1548 1393 cunctus
1582 1361 1748 1396 illustrat

962 1405 1156 1439 Ecclesias.
1180 1403 1271 1439 Hine
1298 1404 1350 1440 ait
1379 1405 1478 1441 idem
1504 1408 1712 1443 Reman-dns
1735 1421 1746 1443 .·

965 1466 981 1483 «
1004 1451 1106 1486 Tolle
1132 1451 1201 1486 hoc
1231 1462 1367 1497 corpus
1388 1453 1525 1497 solare,
1553 1454 1615 1490 ubi
1638 1455 1748 1491 dies?

962 1498 1064 1534 Tolle
1095 1498 1266 1542 Mariam,
1295 1500 1392 1535 hanc
1428 1501 1544 1536 maris
1583 1502 1746 1545 stellam,

962 1544 1053 1591 quid
1075 1544 1146 1580 nisi
1177 1546 1297 1592 caligo
1324 1546 1532 1591 involvens,
1557 1552 1592 1584 et
1615 1551 1749 1586 umbra

962 1591 1109 1636 mortis,
1132 1603 1175 1628 ac
1197 1593 1431 1630 densissimae
1453 1597 1618 1631 tenebrae
1638 1596 1749 1632 relin-

963 1640 1156 1686 quuntur?
1194 1654 1211 1673 »
1254 1641 1334 1676 haec
1372 1644 1592 1679 Ber-nardus.
1620 1664 1664 1670 —
1686 1646 1749 1680 Est

963 1687 1100 1734 quippe
1141 1687 1250 1724 stella
1292 1689 1421 1734 maris,
1467 1691 1578 1736 hujus
1617 1691 1748 1737 utique

961 1734 1151 1771 tenebrosi
1174 1735 1303 1780 maris,
1323 1737 1386 1773 ubi
1406 1740 1571 1784 reptilia.
1595 1750 1749 1784 quorum

961 1793 1032 1818 non
1049 1786 1101 1818 est
1121 1794 1304 1819 numerus.
1329 1784 1460 1821 Plures
1480 1786 1607 1822 stellas
1635 1787 1749 1822 habet

962 1830 1099 1866 coelum
1122 1841 1130 1865 :
1153 1841 1258 1867 mare
1285 1842 1398 1868 unam
1417 1843 1500 1878 qua}
1523 1844 1600 1879 prae
1623 1833 1748 1869 omni-

962 1878 1032 1914 bus
1048 1876 1121 1913 illis
1142 1878 1293 1923 clarior,
1313 1883 1350 1915 et
1364 1880 1498 1916 melior
1514 1885 1585 1925 est,
1604 1880 1750 1917 micans

962 1924 1120 1969 meritiS,
1150 1925 1343 1962 illustrans
1377 1928 1568 1974 exemplis.
1602 1930 1653 1964 De
1680 1930 1751 1965 hac

962 1972 1064 2009 enim
1080 1984 1154 2009 una
1172 1977 1277 2009 ortus
1297 1977 1354 2010 est
1372 1975 1432 2012 Sol
1451 1975 1624 2021 justitiae,
1645 1977 1750 2023 cujus

962 2020 1109 2067 fulgore
1127 2020 1366 2057 illustrantur
1384 2023 1529 2067 omnia;
1553 2034 1665 2068 quam
1684 2026 1750 2069 qui

960 2070 1141 2113 sequitur,
1163 2079 1234 2104 non
1248 2069 1414 2105 ambulat
1435 2072 1473 2105 in
1495 2072 1665 2113 tenebris,
1686 2072 1750 2107 sed

963 2116 1110 2150 habebit
1131 2117 1250 2151 lumen
1271 2119 1367 2152 vitae.
1388 2118 1500 2163 Cujus
1522 2129 1611 2164 ergo
1633 2119 1751 2165 sulgo-

964 2162 1015 2198 ris
1040 2162 1143 2199 illam
1172 2163 1320 2200 stellam
1345 2175 1428 2201 esse
1452 2169 1643 2212 putamus,
1666 2177 1750 2213 quae

963 2211 1061 2246 hunc
1082 2214 1228 2246 tantum
1250 2211 1438 2259 talemque
1458 2213 1582 2250 Solem
1606 2214 1750 2260 peperit

964 2258 1132 2294 mundo?
1157 2258 1225 2302 Qui
1254 2259 1351 2295 hane
1379 2261 1526 2296 stellam
1563 2261 1747 2308 sequitur,

962 2306 1114 2342 deviare
1137 2317 1214 2342 non
1232 2306 1384 2353 poterit,
1408 2319 1476 2344 nec
1498 2319 1640 2345 errare.

1011 2356 1032 2389 6
1068 2354 1233 2390 Sacc-xm
1284 2367 1563 2391 lNTERPRETATtt)
1602 2372 1609 2393 :
1655 2368 1749 2392 MARE

963 2412 1124 2437 AMARL'M.
1147 2421 1192 2428 —-
1229 2403 1321 2438 Item
1355 2406 1412 2438 est
1449 2415 1549 2439 mare
1581 2415 1749 2439 amarum

962 2447 1001 2484 in
1021 2453 1261 2495 peccatorum
1282 2450 1543 2495 conversione,
1560 2462 1672 2497 quam
1694 2450 1748 2487 eis

966 2497 1156 2542 impetrat,
1179 2501 1216 2532 ut
1239 2501 1508 2534 convertantur
1527 2499 1572 2535 de
1589 2497 1751 2545 peccatis

965 2542 1056 2587 suis,
1076 2543 1217 2580 faciens
1237 2555 1376 2590 aquam
1407 2546 1569 2582 carnalis
1590 2547 1754 2582 delecta-

964 2590 1081 2627 tionis
1115 2591 1282 2628 converti
1319 2592 1358 2628 in
1397 2593 1525 2629 vinum
1573 2604 1758 2646 compun-

966 2637 1113 2675 ctionis.
1126 2640 1203 2675 Hoc
1221 2639 1333 2676 etiam
1356 2651 1496 2676 nomeu
1515 2645 1690 2677 convenit
1707 2639 1757 2684 ei,

967 2685 1006 2722 in
1033 2691 1217 2732 quantum
1259 2698 1362 2724 mare
1399 2687 1597 2734 praesentis
1625 2687 1758 2731 seculi,

968 2733 1006 2770 in
1025 2737 1103 2770 tota
1133 2734 1208 2770 vita
1233 2745 1302 2771 sua
1331 2734 1401 2770 suit
1434 2734 1504 2771 sibi
1529 2746 1700 2771 amarum
1722 2739 1760 2771 et

969 2781 1172 2827 insipidum
1189 2810 1197 2824 ‚
1237 2785 1393 2828 propter
1432 2781 1661 2818 desiderium
1702 2782 1759 2818 vi-

969 2829 1083 2865 dendi
1123 2829 1257 2866 Filium
1288 2829 1325 2865 in
1357 2840 1472 2876 regno
1498 2841 1578 2865 suo.
1600 2850 1644 2857 —
1668 2832 1759 2866 ltem
