1902 3126
342 137 387 169 1)ss
425 131 695 168 TESTIMONIO
732 131 915 165 JOANle
954 130 1008 165 DE
1047 132 1237 167 CHRISTO
1276 134 1348 167 DEI
1386 134 1519 167 AGNO.
1684 133 1747 168 209

111 224 159 231 —
197 204 417 251 Specialiter
460 206 585 240 autem
623 201 722 237 inter
770 203 894 236 cetera

111 251 304 296 animalia,
318 263 401 297 quae
422 251 459 286 in
474 251 570 294 Lege
588 247 715 284 offerri
736 257 895 300 consu-e-

111 303 258 343 verunt,
272 299 460 335 Christum
495 305 634 341 agnum
670 297 891 338 nominavit,

111 346 200 392 quia
222 346 308 382 licet
320 344 395 381 alia
409 342 588 379 animalia
603 341 893 377 immolarentur

109 393 148 429 in
167 393 277 439 Lege,
299 394 342 428 ut
372 391 454 433 bos,
475 390 627 433 vitulus,
649 399 776 434 capra,
802 392 890 433 etc.,

108 443 235 476 tamen
254 437 422 476 Christus
443 436 564 482 magis
584 440 619 472 et
640 436 764 482 potius
784 445 892 471 voca-

110 490 171 523 tur
189 496 321 530 aeuus,
344 494 456 530 quam
474 487 600 520 cetera
620 482 799 519 animalia
819 482 889 518 im-

107 532 304 570 molatitia.
318 552 358 556 —
374 531 514 574 Primo,
532 530 620 576 quia
639 530 738 567 inter
758 540 890 566 omnes

107 579 248 626 figuras
292 578 437 614 Veteris
479 577 732 621 Testamenti,
769 587 890 621 agnus

104 626 294 673 paschalis
319 625 531 672 expressius
567 625 755 670 figurabat
788 623 890 661 Chri-

104 675 203 710 stum
225 673 466 709 innocentem
490 673 781 708 immolandum:
803 671 890 717 quia

105 720 168 757 ille
188 720 376 767 paschalis
398 731 518 766 agnus
531 724 611 756 erat
623 719 705 756 sine
727 719 887 761 macula,

105 771 142 804 et
159 778 228 815 per
247 769 328 814 eJ'us
355 767 655 803 immolationem
683 766 750 802 filii
773 766 888 802 Israel

103 815 251 852 liberati
278 819 365 851 sunt
400 825 422 850 a
456 814 635 850 servitute
656 815 885 860 AEgyptiaca.

103 863 163 900 Sic
183 866 219 899 et
245 862 416 899 Christus
451 865 533 898 erat
559 861 639 897 sine
662 865 828 907 peccato,
851 864 887 897 et

102 920 170 957 per
193 910 274 956 ejus
296 909 517 946 Passionem
544 909 693 944 liberati
715 919 844 945 sumus
866 919 888 944 a

101 958 282 994 servitute
317 957 515 993 diabolica.
559 958 603 992 Et
646 967 724 992 non
765 956 885 992 solum

100 1008 257 1052 propter
289 1004 559 1047 innocentiam,
583 1003 649 1040 sed
676 1007 711 1040 et
732 1007 888 1050 propter

102 1051 383 1099 simplicitatem
439 1051 608 1088 Christus
657 1051 779 1087 dictus
832 1053 887 1086 est

101 1109 246 1146 agnus;
266 1099 355 1146 quia
375 1099 471 1135 sicut
488 1109 609 1145 agnus
630 1099 678 1134 ad
695 1098 885 1134 victimam

101 1146 235 1183 ductus
253 1151 322 1187 est,
344 1150 381 1182 et
410 1157 486 1182 non
519 1147 668 1191 aperuit
693 1157 734 1181 os
759 1156 883 1182 suum.

926 1221 927 1235 2
960 1192 1070 1227 Jesus
1108 1196 1248 1237 autem,
1287 1193 1491 1229 secundum
1537 1194 1745 1237 Chrysosto-

100 1214 148 1221 —
182 1194 369 1238 Secundo,
385 1194 474 1240 quia
498 1193 584 1229 licet
605 1193 680 1229 alia
700 1193 886 1229 sacrificia

100 1239 235 1278 fierent
260 1240 299 1278 in
321 1242 462 1287 templo
491 1240 603 1277 certis
637 1240 884 1287 temporibus,

99 1299 216 1325 unum
254 1292 337 1325 erat
372 1293 500 1324 tamen
532 1287 810 1334 quotidianum,
845 1287 883 1323 in

101 1346 176 1382 quo
211 1337 354 1383 jugiter
391 1347 489 1372 unus
529 1345 651 1381 agnus
697 1345 807 1371 mane
848 1338 886 1370 et

99 1383 196 1419 alius
231 1394 385 1429 vespere
426 1383 680 1427 offerebatur-3
712 1393 781 1418 nec
814 1382 885 1418 hoc

98 1431 315 1468 mutabatur
354 1441 546 1477 umquam,
585 1430 651 1466 sed
690 1433 884 1476 tamquam

99 1478 306 1526 principale
337 1479 641 1516 observabatur:
671 1477 745 1514 alia
776 1481 884 1513 eraut

99 1537 142 1563 ex
164 1527 339 1573 adjuncto
364 1531 401 1563 et
424 1531 594 1572 tempore
614 1525 880 1561 determinato.

99 1576 176 1611 Hoc
197 1585 285 1621 ergo
316 1575 406 1621 juge
437 1573 679 1617 sacrificium,
701 1572 803 1618 quod
838 1572 881 1607 fi-

97 1622 258 1667 gurabat
294 1621 583 1668 perpetuitatem
618 1619 880 1663 beatitudinis,

97 1670 209 1705 tiebat
232 1669 278 1704 de
311 1680 408 1714 agno
429 1681 437 1712 ;
459 1669 511 1704 sic
540 1671 577 1704 et
609 1667 780 1704 Christus
813 1678 880 1703 no-

96 1720 175 1753 stra
209 1720 392 1763 perpetua
432 1715 624 1752 beatitudo
661 1718 729 1752 est.
752 1716 880 1761 Agnus

96 1763 209 1800 etiam
240 1763 376 1799 dicitur
409 1764 454 1799 ab
483 1764 681 1808 agnitione,
723 1762 800 1798 sive
833 1763 879 1799 ab

95 1812 336 1856 aynoscendo‚
385 1811 472 1857 quia
515 1810 667 1856 agnovit
713 1811 878 1855 Patrem,

95 1859 215 1895 factus
233 1858 266 1894 ei
290 1869 405 1904 usque
427 1859 474 1894 ad
501 1861 662 1894 mortem
683 1857 878 1902 obediens,

96 1909 133 1943 et
158 1906 310 1953 agnovit
341 1908 512 1949 Matrem,
549 1916 677 1941 curam
706 1906 787 1952 ejus
823 1905 878 1941 di-

96 1953 238 2000 scipulo
283 1953 534 1989 committens.
578 1954 707 1998 Agnus
741 1953 882 1989 dicitur

96 2000 209 2037 etiam
249 2011 272 2037 a
305 2001 442 2047 pietate
489 2010 562 2046 qua
594 2000 692 2035 tollit
728 2004 881 2046 peccata

95 2047 242 2091 mundi,
274 2059 349 2084 non
389 2048 505 2083 semel
547 2050 709 2091 tantum,
745 2049 808 2083 sed
844 2051 881 2084 et

123 2095 278 2132 uotidie.
319 2096 422 2131 Unde
456 2095 674 2140 Theophilus
707 2107 716 2129 :
756 2096 880 2131 «Non

123 2142 187 2179 ixit
208 2144 268 2190 qui
301 2143 420 2186 tollet,
448 2143 514 2178 sed
541 2142 604 2188 qui
635 2142 745 2186 tollit,
773 2143 879 2188 quasi

95 2201 246 2238 semper
267 2191 336 2226 1100
358 2190 518 2226 faciente
550 2190 646 2236 ipso.
669 2191 749 2225 Non
777 2189 877 2226 enim

94 2241 183 2275 tunc
206 2238 326 2274 solum
351 2238 435 2274 tulit
455 2249 539 2274 cum
566 2248 700 2284 passus
721 2240 790 2281 est,
811 2237 877 2274 sed

95 2295 138 2322 ex
171 2285 235 2322 illo
270 2291 438 2332 tempore
480 2297 597 2332 usque
630 2285 677 2321 ad
710 2295 877 2332 praesens

93 2332 193 2369 tollit
222 2344 297 2369 non
331 2344 480 2379 semper
517 2333 730 2369 crucifixus.
757 2334 875 2368 Unam

94 2379 194 2416 enim
210 2391 277 2426 pro
297 2381 461 2426 peccatis
478 2381 611 2417 obtulit
630 2379 875 2425 oblationem,

94 2426 161 2464 sed
196 2438 345 2474 semper
383 2439 548 2474 purgans
586 2439 654 2474 per
688 2427 790 2464 illam
820 2440 828 2464 ε
857 2442 874 2460 »

93 2474 176 2510 haec
199 2476 430 2520 Theophilus.
455 2476 564 2511 Tollit
598 2476 699 2512 enim
726 2479 878 2520 peccata

95 2521 362 2558 satisfaciendo
400 2527 436 2558 et
469 2523 628 2559 lavando
656 2534 724 2559 nos
744 2533 766 2559 a
789 2534 875 2570 pec-

95 2569 190 2606 catis
211 2569 246 2605 in
270 2572 452 2616 sanguine
473 2581 562 2615 suo3
585 2575 622 2606 et
639 2574 777 2617 praeter
797 2572 877 2607 haec

95 2616 321 2654 dimittendo
352 2618 524 2663 quotidie
549 2628 634 2664 quae
657 2619 754 2654 sacta
774 2622 875 2663 sunt,

95 2667 133 2701 et
171 2664 384 2712 adJuvando
425 2676 470 2701 ne
508 2665 612 2709 fiant,
647 2669 684 2702 et
724 2666 876 2702 omnino

95 2711 307 2757 liberando,
353 2712 494 2748 scilicet
543 2713 782 2760 perducendo
830 2713 877 2750 ad

95 2758 224 2806 vitam,
243 2760 305 2796 ubi
327 2759 481 2796 omnino
503 2760 584 2797 sieri
611 2771 686 2797 non
707 2765 875 2808 possunt.

217 2824 310 2859 Vm
325 2825 346 2859 J
350 2835 412 2859 usu
429 2826 585 2865 Cmusn,
605 2835 718 2859 ‘tonus
733 2826 760 2859 Ι.

928 623 930 633 “
963 624 1189 661 transfertur
1210 652 1219 669 ‚

968 202 1048 237 Non
1074 202 1193 239 solum
1227 207 1352 240 autem
1382 203 1470 240 lavit
1501 214 1569 240 nos
1622 204 1746 241 uando

934 240 937 271 ⁸
967 249 1188 293 sanguinem
1209 251 1312 287 dedit
1333 262 1399 297 pro
1426 251 1602 295 nobis,ve
1632 262 1748 297 quan-

967 295 1014 329 do
1037 296 1270 341 baptizamur
1299 298 1335 333 in
1358 300 1535 344 mysterio
1560 298 1748 335 Passionis

932 353 934 360 ⁴
966 340 1088 385 illius3
1106 345 1352 395 verumetiam
1375 345 1542 390 quotidie
1562 346 1662 382 lavat
1678 357 1747 383 nos

966 387 1003 423 in
1026 398 1209 433 sangume
1233 402 1315 435 suo,
1338 403 1420 427 cum
1442 393 1609 437 ejusdem
1633 394 1747 430 bene-

930 445 932 451 ⁴
965 434 1074 470 dictoe
1110 436 1300 473 Passionis
1337 439 1517 475 memoria
1550 440 1596 475 ad
1628 441 1747 477 altare

964 481 1180 528 replicatur,
1195 494 1278 520 cum
1293 485 1402 530 panis
1423 491 1459 520 1-1
1480 487 1554 522 11111
1576 492 1748 524 creatura

930 543 931 550 ¹
963 528 1001 564 in
1034 534 1312 566 sacramentum
1337 533 1460 568 carnis
1494 538 1527 568 ct
1555 534 1748 580 sanguinis

963 577 1046 623 eJus
1066 576 1248 613 ineflabili
1267 578 1426 624 Spiritus
1453 581 1747 631 sanctificatione

1269 636 1354 661 cum
1391 627 1626 663 sanctissimo
1665 629 1747 673 ejus

964 670 1130 717 Corpore
1157 675 1193 708 et
1227 672 1418 718 Sanguine
1439 677 1631 710 satiamur.
1657 676 1746 710 Pro-

963 723 1047 764 pter
1070 718 1143 754 duo
1165 730 1253 755 vero
1273 720 1433 756 aliarum
1454 721 1582 761 trium,
1605 721 1748 758 scilicet

963 776 1031 818 pro
1050 765 1274 803 dimittendo
1297 771 1332 803 et
1351 767 1563 813 adjuvando
1585 767 1746 804 dicimus

963 824 1002 848 111
1043 813 1157 849 missa
1192 814 1249 851 bis
1268 827 1278 849 :
1300 816 1430 859 Aqnus
1468 816 1546 855 Dei,
1581 817 1748 851 miserere

963 861 1095 904 nobis‚·
1119 865 1272 908 propter
1294 862 1449 898 tertium
1486 860 1645 898 dicimus
1668 873 1676 897 ε
1699 863 1748 898 da

963 908 1066 943 nobis
1085 920 1223 954 pacem.
1237 910 1264 946 Ο
1283 911 1388 955 Agne
1407 909 1487 953 Dei,
1507 919 1670 954 agnosce
1686 920 1746 946 me

927 966 928 1004 3
963 954 1144 991 miserum
1166 956 1266 992 inter
1289 967 1378 993 oves
1399 968 1419 992 a
1433 956 1574 992 dextris
1593 956 1666 992 tuis
1684 967 1748 1003 po-

926 1011 928 1043 5
963 1002 1120 1046 nendas,
1147 1004 1213 1039 sed
1245 1003 1350 1050 prius
1383 1004 1530 1039 dimitte
1553 1004 1642 1039 mihi
1665 1015 1748 1050 pec-

926 1070 927 1076 1
961 1054 1045 1085 cata
1063 1054 1100 1086 et
1117 1051 1297 1094 offensas,
1318 1055 1359 1087 ut
1391 1061 1451 1087 me
1485 1050 1619 1087 melius
1648 1051 1747 1088 inter

962 1100 1044 1132 tuas
1066 1108 1154 1133 oves
1175 1109 1373 1144 agnoscas.

1010 1148 1030 1180 3
1068 1145 1143 1181 Crn
1164 1158 1293 1182 11011011
1312 1158 1356 1181 An
1377 1147 1544 1182 JOANNEM
1569 1146 1745 1182 x'ssxean?

961 1249 1072 1281 mum,
1094 1250 1193 1275 1111110
1214 1241 1378 1277 secundo
1403 1245 1486 1286 post
1512 1240 1745 1286 Baptismum

961 1286 1063 1322 vonit
1084 1287 1131 1322 ad
1153 1289 1351 1330 Joannem,
1375 1287 1515 1334 duplici
1545 1288 1592 1323 de
1615 1298 1741 1324 causa.

961 1333 1101 1385 Prima,
1126 1334 1214 1380 quia
1238 1335 1330 1371 illud
1358 1340 1438 1371 erat
1458 1334 1646 1381 baptisma
1666 1346 1744 1381 poe·

962 1381 1145 1425 mtentiae,
1185 1385 1221 1417 et
1260 1382 1339 1428 ipse
1379 1392 1464 1418 eum
1497 1393 1580 1418 cum
1620 1382 1747 1418 multis

960 1427 1229 1474 baptizaverat,
1255 1434 1293 1465 ut
1315 1430 1439 1465 nullus
1467 1431 1690 1475 suspicetur,
1711 1433 1750 1466 et

959 1479 1063 1521 putet
1087 1476 1266 1522 quoniam
1298 1477 1378 1523 ipse
1409 1477 1473 1512 tali
1497 1477 1690 1523 proposito
1710 1481 1747 1514 et

957 1533 1000 1558 ex
1041 1524 1173 1559 eadem
1206 1535 1320 1560 causa
1357 1535 1400 1559 ex
1438 1535 1512 1569 qua
1545 1529 1581 1559 et
1613 1524 1675 1560 alii
1696 1525 1744 1561 ad

956 1571 1141 1606 Joannem
1162 1575 1198 1607 et
1212 1572 1416 1608 Jordanem
1438 1576 1633 1616 venerant,
1655 1576 1744 1618 puta

957 1620 999 1653 ut
1025 1621 1181 1664 peccata
1209 1619 1464 1662 confessurus,
1486 1622 1549 1654 aut
1570 1619 1605 1654 111
1628 1619 1744 1664 poeni-

957 1665 1115 1701 tentiam
1150 1665 1189 1701 in
1220 1666 1375 1702 flumine
1401 1665 1625 1702 abluendus.
1650 1667 1741 1702 Pro-

955 1716 1086 1759 pterea
1098 1713 1486 1750 acceditdansJoanni
1505 1713 1741 1750 occasionem

956 1760 1170 1807 corrigendi
1202 1761 1299 1797 hanc
1331 1760 1600 1807 suspicionem,
1628 1771 1741 1807 quam

954 1809 1121 1844 Joannes
1153 1819 1221 1855 per
1249 1810 1365 1846 verba
1392 1809 1566 1852 correxit,
1594 1809 1742 1855 Agnum

955 1866 999 1892 ac
1044 1856 1335 1903 Redemptorem
1375 1856 1545 1893 vocando
1567 1884 1575 1900 ,
1610 1856 1744 1893 immu-

955 1914 1041 1939 nem
1068 1904 1115 1939 ab
1134 1904 1235 1940 omni
1258 1904 1359 1950 quod
1383 1904 1421 1939 in
1442 1907 1520 1939 toto
1548 1905 1639 1940 orbe
1661 1908 1741 1940 erat

955 1955 1122 1997 peccato.
1146 1951 1293 1988 Etenim
1308 1951 1468 1987 dicendo
1481 1962 1489 1986 ι
1504 1953 1592 1986 Ecce
1611 1953 1741 1996 Aqnus

954 2001 1032 2037 Dei.
1061 2009 1137 2034 ecce
1157 2001 1222 2044 qui
1261 2000 1357 2034 tollit
1386 2001 1575 2045 peccatum
1598 1999 1739 2041 mundi,

955 2056 1107 2081 omnem
1141 2047 1238 2083 hanc
1264 2046 1425 2092 peremit
1459 2045 1737 2091 suspicionem3

955 2093 1043 2139 quia
1064 2093 1164 2129 enim
1192 2093 1244 2129 ita
1264 2104 1379 2139 purus
1400 2096 1495 2135 erat,
1519 2096 1558 2128 ut
1578 2093 1739 2129 aliorum

954 2144 1108 2187 p‹·ccata
1127 2141 1336 2184 absolvere,
1361 2145 1395 2177 et
1423 2145 1560 2176 cuncta
1584 2140 1738 2177 humani

953 2188 1104 2234 generis
1131 2192 1285 2234 peccata
1311 2188 1437 2225 delere
1461 2192 1602 2234 posset,
1622 2188 1739 2225 multo

954 2236 1073 2283 magis
1094 2236 1236 2282 absque
1257 2236 1359 2272 omni
1378 2240 1458 2273 erat
1480 2236 1559 2282 ipse
1581 2235 1737 2280 delicto;

953 2287 989 2319 et
1012 2284 1095 2320 ideo
1117 2283 1359 2320 manifestum
1381 2287 1437 2320 est
1457 2283 1635 2330 quoniam
1662 2294 1739 2320 11011

953 2335 990 2367 111
1018 2335 1170 2378 peccata
1194 2331 1452 2376 confiteretur,
1476 2331 1532 2367 vel
1562 2331 1599 2366 in
1627 2330 1744 2377 poeni-

952 2380 1107 2415 tentiam
1141 2379 1373 2424 ablueretur,
1401 2379 1572 2423 accessit,
1604 2379 1670 2414 sed
1702 2382 1742 2414 ut

951 2426 1188 2463 occasionem
1209 2427 1317 2463 daret
1336 2427 1470 2463 Joanni
1494 2425 1672 2472 loquendi
1693 2426 1740 2461 de

953 2475 1047 2521 ipso.
1076 2495 1122 2501 —-
1156 2474 1330 2511 Secunda
1367 2485 1493 2519 causa,
1528 2478 1567 2509 ut
1604 2473 1655 2515 111,
1675 2473 1739 2519 qui

952 2522 1080 2569 priora
1113 2522 1327 2567 audierant,
1356 2522 1495 2558 certius
1527 2522 1739 2566 reciperent

952 2581 1035 2616 quae
1056 2570 1157 2606 dicta
1182 2573 1304 2614 erant,
1326 2574 1363 2605 et
1379 2569 1454 2606 alia
1482 2578 1612 2605 rursus
1631 2567 1738 2604 audi-

951 2622 1048 2654 rent.
1072 2618 1177 2654 Unde
1198 2617 1391 2664 subjungit
1415 2628 1423 2652 :
1445 2618 1512 2652 llic
1531 2619 1583 2651 est
1603 2615 1647 2650 de
1667 2626 1737 2660 quo

951 2666 1048 2708 dixi,
1069 2670 1275 2712 antequam
1306 2665 1353 2701 ab
1386 2664 1612 2710 baptismum
1634 2661 1738 2715 veni-

951 2716 1022 2754 ret,
1043 2717 1126 2760 post
1157 2724 1212 2749 me
1237 2715 1334 2748 venit
1361 2714 1430 2753 vir,
1455 2711 1578 2747 virens
1599 2709 1635 2746 in
1662 2720 1738 2746 vir-

952 2764 1030 2798 tute
1052 2763 1090 2798 et
1114 2760 1249 2808 gratia,
1271 2763 1309 2797 et
1328 2762 1437 2796 aetate
1471 2759 1652 2806 perfecta,
1674 2759 1740 2805 qui

1557 2826 1594 2857 ¹4
