1902 3126
555 149 606 182 DE
648 149 757 181 FUGA
798 149 954 182 DOMINI
997 151 1037 182 lx
1076 152 1316 185 :EGYPTUNL
1704 153 1756 184 121

111 220 235 263 bebat,
249 219 370 265 inqua
388 219 511 265 imago
533 217 615 253 salsi
633 216 693 253 dei
713 216 769 252 sui
791 218 899 253 llam-

111 267 233 304 monis
250 265 409 312 AEgyptii
427 265 570 310 sculpta
587 264 720 300 suerat.
738 264 829 300 Filia
844 275 898 300 er-

110 325 157 360 go
187 313 410 356 Pharaonis,
431 322 514 358 quae
544 313 709 358 Moysem
739 322 897 357 puerum

111 361 149 397 in
168 362 287 398 filium
308 360 566 405 adoptaverat,
586 362 717 405 postea
735 359 896 405 quadam

111 409 190 444 vice
219 406 397 449 decrevit,
420 410 460 442 ut
486 417 571 442 eum
602 406 788 442 Pharaoni
817 406 896 451 regi

111 455 312 491 videndum
334 454 531 499 praeberet.
554 453 619 489 Cui
643 454 788 489 Pharao
807 453 898 489 allu-

111 503 217 545 dens,
231 511 410 537 coronam
424 511 530 536 suam
544 500 772 547 imponebat,
783 511 897 547 quain

111 549 172 585 ille
193 548 231 584 in
252 551 394 584 terram
414 547 618 594 projiciens
639 548 787 594 penitus
806 559 897 585 con-

110 595 311 643 fringebat,
340 600 377 632 et
401 606 486 631 cum
515 606 602 631 eum
637 595 807 632 occidere
834 607 897 632 vo-

111 643 255 687 luisset,
290 643 466 679 dixerunt
500 643 652 689 quidam
681 643 779 689 quod
807 654 899 690 puer

109 691 182 727 hoc
215 701 259 727 ex
294 690 509 736 insipientia
540 691 702 727 fecisset.
737 692 898 736 Moyses,

115 741 210 774 nutu
238 737 318 781 Dei,
349 738 512 773 salvatus
543 742 597 773 est
627 749 647 774 a
678 749 768 774 nece
803 740 898 774 Pha-

114 783 262 829 raonis;
281 784 334 821 sic
345 784 527 829 Christus,
539 789 628 821 nutu
644 786 722 829 Dei,
737 785 900 821 salvatus

115 837 172 868 est
195 832 241 868 de
268 832 391 868 “ladio
419 832 590 869 Herodis.
619 834 765 879 Moyses
793 837 900 869 natus

115 882 185 925 est,
207 883 249 916 ut
267 859 367 916 zfilios
389 880 504 916 Israel
525 880 700 916 educeret
723 881 769 916 de
783 880 900 916 servi-

115 931 196 963 tute
209 927 374 974 AEgypti;
392 927 561 964 Christus
574 929 686 964 honio
699 928 817 964 sactus
829 931 898 971 est,

116 978 156 1011 ut
185 985 253 1010 nos
284 975 447 1021 eriperet
479 975 524 1011 de
556 975 716 1011 inferno.
755 977 901 1021 Moyses

115 1021 226 1058 deum
248 1022 348 1067 regis
372 1022 514 1068 AEgypti
540 1033 624 1058 cnm
645 1034 784 1059 corona
810 1034 900 1059 con-

115 1068 247 1114 sregit;
271 1069 439 1106 Christus
463 1069 590 1106 omnia
613 1070 714 1106 idola
738 1070 899 1116 AEgypti,

117 1119 154 1152 et
170 1117 261 1152 deos
275 1116 313 1152 in
332 1117 490 1153 nihilum
505 1117 817 1163 redegit.—-Hanc
831 1117 902 1153 rui-

115 1174 203 1200 nam
218 1163 405 1200 idolorum
432 1165 683 1211 portendebat
702 1165 815 1201 etiam
838 1165 901 1201 illa

113 1214 252 1256 statua,
276 1222 387 1257 quarn
409 1223 471 1248 rex
497 1213 843 1249 Nabuchodonosor
863 1212 901 1248 in

115 1269 247 1295 somno
268 1259 430 1295 videbat.
455 1261 505 1295 De
525 1264 653 1296 monte
674 1265 798 1296 autem
820 1260 901 1295 sine

114 1306 292 1342 manibus
319 1306 471 1352 quidam
499 1307 593 1353 lapis
617 1311 671 1343 est
699 1307 901 1351 abscissus,

116 1353 207 1390 etin
228 1354 342 1399 pedes
366 1354 463 1390 illius
485 1358 710 1397 statuae,seu
729 1354 903 1400 imaginis

116 1404 154 1437 et
172 1400 277 1445 idoli,
302 1405 358 1437 est
375 1401 510 1446 illisus,
532 1402 780 1448 contrivitque
803 1413 900 1446 eam,

117 1452 154 1484 et
193 1448 231 1484 in
270 1449 462 1495 pulverem
501 1450 659 1494 redegit,
697 1454 732 1485 et
772 1454 902 1495 postea

116 1495 216 1532 idem
247 1495 342 1542 lapis
373 1495 412 1531 in
447 1501 614 1532 montem
643 1507 820 1542 magnum
845 1508 902 1532 ex-

116 1543 245 1580 crevit.
269 1542 378 1590 Lapis
398 1543 468 1579 iste
489 1543 675 1589 significat
697 1543 900 1587 Christum,

117 1590 179 1636 qui
199 1590 387 1627 abscissus
414 1595 469 1627 est
494 1591 539 1626 de
569 1595 695 1626 monte
716 1590 795 1627 sine
823 1602 898 1626 ma-

115 1637 244 1681 nibus;
270 1637 360 1684 quia
386 1642 495 1674 natus
521 1638 566 1674 de
599 1638 716 1674 Maria
739 1639 818 1673 sine
842 1642 900 1674 ta-

116 1684 238 1721 ctibus
264 1685 634 1732 1naritalibus.Lapis
658 1686 742 1729 iste,
761 1685 903 1721 scilicet

115 1732 298 1777 Christus,
329 1733 506 1769 contrivit
530 1733 567 1769 in
590 1736 747 1780 AEgypto
775 1734 903 1769 onmia

115 1780 230 1825 idola,
258 1781 304 1817 de
332 1792 566 1827 quacumque
593 1786 699 1817 erant
728 1781 898 1817 materia.

115 1829 172 1872 Et,
212 1829 404 1864 confracta
440 1833 578 1873 statua,
627 1828 720 1875 lapis
758 1829 820 1864 ille
862 1828 900 1864 in

115 1878 283 1912 montem
313 1887 489 1921 magnum
521 1876 694 1919 excrevit,
723 1876 811 1922 quia
836 1877 901 1912 de-

117 1926 259 1959 structa
290 1922 517 1967 idololatria,
550 1924 644 1959 fides
674 1923 809 1960 Christi
836 1934 903 1970 per

117 1974 236 2006 totum
266 1971 449 2007 mundum
470 1970 648 2014 inolevit;
671 1975 708 2007 et
735 1970 902 2007 Christus

117 2017 234 2054 crevit
270 2017 308 2053 in
337 2023 502 2054 montem
537 2018 649 2054 talem
677 2021 713 2054 et
739 2022 901 2062 tantum,

117 2065 218 2111 quod
258 2075 407 2102 summa
453 2065 706 2102 immensitate
747 2065 902 2112 replevit

117 2115 195 2149 tam
218 2113 353 2148 coelum
376 2124 487 2159 quam
510 2114 705 2149 mundum.

169 2163 209 2196 16
246 2161 381 2196 sexsus
414 2172 581 2197 MYSTICUS
614 2172 806 2196 Timxsirns
836 2161 904 2195 Do-

117 2219 193 2243 mm
227 2219 262 2243 ΙΝ
294 2209 491 2244 AEovrwu.
524 2228 569 2234 —
602 2210 674 2244 Per
705 2207 903 2244 transitum

118 2254 266 2291 Domini
293 2255 331 2290 in
358 2257 569 2302 AEgyptum,
599 2259 750 2301 propter
776 2265 902 2301 perse-

117 2303 308 2338 cutionem
349 2303 520 2346 Herodis,
561 2302 793 2348 significatus
835 2302 904 2337 suit

117 2349 300 2386 transitus
343 2350 608 2396 Apostolorum
657 2350 702 2386 ad
751 2351 904 2393 Gentes,

117 2400 272 2443 propter
298 2398 598 2443 persecutionem
620 2397 672 2433 eis
701 2401 855 2441 motam,
884 2408 906 2433 a

117 2443 273 2481 Judaeis.
309 2445 381 2480 Per
417 2444 578 2480 reditum
608 2448 732 2481 autem
759 2445 840 2491 ejus
865 2443 904 2480 in

117 2492 302 2535 Judaeam,
328 2492 503 2528 defuncto
529 2492 688 2536 Herode,
715 2491 904 2538 significa-

117 2542 180 2575 tur
211 2538 435 2575 illuminatio
465 2539 683 2576 Judteorum
708 2539 745 2575 in
775 2540 904 2575 mundi

118 2586 209 2623 fine.
234 2587 351 2630 Unde,
371 2587 576 2623 secundum
597 2589 814 2631 Remiqium,
840 2598 907 2633 per

118 2634 258 2680 Joseph
314 2634 565 2681 designantur
616 2634 903 2681 praedicatores3

119 2691 188 2728 per
219 2682 397 2726 Puerum,
431 2682 526 2718 fides
557 2686 594 2718 et
621 2681 752 2718 notitia
778 2682 903 2719 Salva-

120 2727 234 2773 toris;
256 2740 324 2776 per
352 2729 522 2773 Mariam,
555 2730 720 2766 Eccleffla
743 2733 779 2766 et
800 2740 906 2766 sacra

121 2775 315 2823 Scriptura
326 2789 334 2822 ;
347 2788 414 2824 per
424 2777 723 2824 persecutionem
734 2777 905 2822 Herodis,

971 220 1182 263 persecutio
1205 221 1300 256 sacta
1320 232 1342 257 a
1361 221 1519 264 Judaeis3
1542 232 1608 267 per
1629 221 1754 266 sugam

969 267 1108 311 ,loseph
1132 266 1166 301 in
1188 269 1397 313 AEgyptnm,
1422 269 1599 304 transitus
1625 267 1757 314 praedi—

971 316 1139 348 catorum
1171 315 1217 348 ad
1253 317 1402 357 uentos,
1437 317 1483 352 ad
1517 327 1610 362 quas
1641 316 1756 351 fidem

971 359 1106 395 Christi
1138 365 1174 395 et
1207 362 1380 397 Ecclesia:
1412 363 1590 404 tulerunt,
1626 363 1756 399 relicto

972 407 1132 451 Herode,
1150 406 1187 443 id
1201 411 1257 443 est
1273 409 1488 445 Judaeorum
1509 410 1754 452 inlitlelitate;

972 465 1038 500 per
1052 457 1199 500 tempus
1213 459 1339 491 autem
1358 467 1430 501 qno
1450 457 1517 491 l'uit
1535 458 1569 492 in
1587 460 1757 503 :Egyptm

972 501 1134 547 spatium
1167 501 1347 549 temporis
1370 504 1416 538 ab
1438 504 1657 540 ascensione
1687 507 1757 540 tto-

974 548 1077 592 mini‚
1108 560 1226 595 usqne
1260 549 1308 585 ad
1342 550 1543 586 adventum
1571 552 1758 587 Antichri-

972 596 1038 639 sti;
1061 606 1128 642 per
1148 596 1291 633 obitum
1317 597 1488 640 Herodis,
1511 598 1686 634 extinctio
1710 599 1761 633 in-

975 643 1082 679 vidiae
1112 643 1149 679 in
1177 644 1353 680 cordibus
1378 645 1596 681 Judaeornin
1628 645 1664 680 in
1687 646 1761 680 tinc-

975 691 1116 727 mundi.
1134 693 1234 727 Tunc
1255 691 1381 737 itaque
1398 691 1576 727 Dominus
1599 692 1634 727 in
1658 694 1763 738 sligy-

974 742 1035 784 pto
1064 738 1287 784 ignorantiae
1312 741 1489 775 tenebras
1510 739 1702 785 effugavit,
1726 744 1759 774 et

974 786 1162 821 idolorum
1190 786 1355 823 vanitate
1384 786 1567 830 d1scussa,
1593 786 1655 822 Dei
1684 786 1758 822 veri

973 834 1113 869 cultum
1135 838 1246 880 atque
1262 834 1542 870 venerationem
1559 833 1759 880 reparavit.

975 880 1041 916 Ubi
1078 880 1175 925 ignis
1201 881 1289 917 fidei
1318 893 1519 918 succensus
1549 881 1586 917 in
1615 885 1759 917 tantum

974 928 1150 972 excrevit,
1192 929 1292 975 qnod
1331 929 1444 965 etiam
1490 929 1640 965 deserta
1680 929 1761 974 ejus

975 975 1190 1021 repleverit3
1226 976 1371 1012 Domini
1407 976 1506 1013 enim
1544 975 1761 1022 praesentia,

975 1024 1214 1069 postmodum
1249 1035 1399 1060 eremus
1431 1023 1574 1070 AEgypti
1610 1023 1760 1065 meruit,

975 1074 1010 1105 ut
1045 1071 1218 1116 paradiso
1252 1071 1398 1114 melior,
1429 1075 1465 1107 et
1502 1072 1596 1107 coelo
1624 1070 1764 1106 clarior

974 1118 1108 1153 effecta
1121 1118 1322 1154 videretur.
1342 1119 1446 1155 Unde
1462 1120 1735 1163 Clzrysostomzcs
1751 1130 1761 1152 :

977 1180 994 1197 «
1024 1165 1204 1211 Denique,
1226 1165 1254 1201 si
1296 1166 1380 1211 quis
1418 1177 1516 1201 nunc
1542 1166 1588 1202 ad
1616 1164 1760 1211 AEgypti

976 1212 1101 1248 veniat
1128 1213 1365 1256 solitudines,
1400 1213 1575 1259 paradiso
1606 1223 1762 1258 prorsus

976 1270 1125 1296 omnem
1152 1260 1255 1296 illam
1276 1260 1397 1296 videat
1421 1271 1590 1297 eremum
1615 1259 1761 1305 dignio-

976 1318 1069 1348 rem,
1111 1311 1145 1343 et
1193 1307 1487 1344 innumerabiles
1533 1307 1761 1353 Angelorum

975 1359 1093 1390 caetus
1121 1354 1156 1390 in
1184 1355 1405 1400 corporibus
1429 1355 1571 1398 fulgere
1595 1353 1762 1390 mortali-

977 1402 1059 1437 bus.
1077 1404 1139 1437 Est
1152 1402 1251 1438 enim
1271 1413 1424 1438 cernere
1437 1405 1514 1438 tota
1527 1403 1589 1437 i.la
1607 1403 1762 1447 regione

976 1449 1153 1485 diffusum
1175 1449 1379 1485 exercituin
1405 1449 1555 1491 Christi,
1585 1453 1620 1485 et
1641 1448 1763 1484 admi-

977 1496 1134 1531 rabilem
1155 1496 1259 1532 illum
1282 1496 1427 1541 regium
1449 1507 1615 1542 gregem,
1645 1496 1761 1531 virtu-

976 1546 1129 1588 tumque
1149 1543 1357 1579 coelestium
1377 1544 1702 1579 conversationem
1724 1542 1763 1578 in

975 1590 1085 1626 terris
1107 1590 1322 1627 micantem.
1343 1592 1421 1626 Non
1442 1591 1493 1627 ita
1517 1591 1628 1626 variis
1647 1594 1765 1626 astro-

975 1648 1057 1674 rum
1079 1638 1203 1674 choris
1227 1639 1363 1674 coelum
1386 1639 1558 1685 refulget,
1586 1642 1627 1673 ut
1652 1639 1763 1684 AEgy-

975 1689 1059 1731 ptus
1094 1685 1302 1721 innumeris
1331 1687 1600 1722 monachorum
1631 1685 1762 1721 distin-

972 1733 1111 1779 guitur,
1134 1737 1247 1779 atque
1280 1733 1488 1770 illustratur
1523 1732 1761 1769 habitaculis.

975 1782 1108 1816 Noctes
1130 1781 1281 1826 quidem
1303 1781 1419 1817 sacris
1442 1780 1590 1827 hymnIs
1613 1783 1648 1816 et
1668 1780 1761 1826 vigi-

975 1828 1046 1871 liis,
1057 1828 1136 1863 dies
1150 1839 1236 1864 vero
1247 1829 1495 1872 orationibus,
1507 1838 1763 1873 manuumque

974 1876 1153 1921 operibus
1188 1880 1374 1919 exercent,
1416 1875 1639 1922 Apostolicie
1677 1886 1762 1910 cur-

975 1933 1058 1958 sum
1084 1923 1231 1959 virtutis
1253 1923 1442 1959 imitantes
1467 1935 1474 1959 :
1499 1938 1516 1955 n
1541 1924 1619 1958 haec
1648 1924 1762 1967 Chry-

974 1974 1165 2006 sostomus.

1029 2033 1065 2063 ¹7
1099 2019 1218 2053 Mania
1255 2029 1295 2052 ET
1321 2019 1455 2053 Josnpu
1486 2029 1526 2052 sn
1553 2029 1620 2053 CUM
1649 2028 1764 2052 rvi-:no

976 2067 1062 2101 ²lusu
1078 2066 1299 2100 lincioronm
1313 2076 1533 2100 cosrnnux'r.
1558 2085 1598 2090 —-
1615 2066 1764 2100 lverunt

977 2124 1066 2157 ergo
1091 2112 1138 2148 ad
1169 2113 1370 2158 quani-lam
1393 2112 1579 2147 civitatem
1604 2111 1765 2147 Thebai-

976 2161 1047 2203 dae,
1084 2170 1167 2205 qnae
1199 2164 1352 2195 vocatur
1388 2159 1606 2205 Hellopolis,
1645 2163 1681 2195 et
1714 2158 1762 2195 ibi

976 2207 1142 2252 aliquam
1184 2207 1450 2243 domunculam
1496 2207 1765 2249 conducentes,

977 2254 1241 2290 habitaverunt
1261 2265 1328 2301 per
1349 2258 1493 2301 septem
1515 2265 1651 2297 annos,
1674 2257 1768 2289 tam-

977 2312 1089 2348 quam
1111 2302 1266 2338 advenae
1288 2305 1324 2338 et
1348 2301 1551 2348 peregrini,
1581 2312 1767 2347 pauperes

977 2354 1012 2386 et
1034 2349 1156 2395 egeni.
1193 2350 1264 2386 Sed
1300 2350 1399 2385 unde
1428 2353 1463 2385 et
1490 2349 1678 2396 quomodo
1707 2348 1764 2383 isti

978 2401 1080 2434 tanto
1121 2400 1290 2443 tempore
1339 2396 1540 2433 vivebant?
1579 2395 1765 2441 Numquid

978 2444 1270 2480 mendicabant?
1291 2444 1443 2490 Legitur
1470 2449 1597 2480 autem
1620 2444 1665 2478 de
1695 2444 1766 2478 Do-

978 2492 1092 2535 mina,
1109 2492 1209 2538 quod
1228 2491 1310 2528 colo
1333 2496 1369 2528 et
1390 2503 1458 2528 acu
1478 2492 1674 2537 quaerebat
1695 2488 1764 2525 sibi

976 2545 1013 2576 et
1050 2539 1140 2575 Filio
1179 2539 1405 2576 necessaria.
1440 2540 1575 2575 Suebat
1605 2548 1694 2583 ergo
1715 2540 1765 2589 ‘et

978 2588 1107 2624 filabat
1149 2587 1307 2623 Domina
1348 2586 1474 2623 mundi
1516 2596 1581 2632 pro
1628 2587 1764 2630 pretio,

977 2634 1209 2682 paupertatis
1230 2645 1359 2671 amore
1388 2638 1425 2670 et
1445 2633 1536 2669 zelo.
1566 2633 1593 2669 O
1619 2634 1707 2681 quot
1729 2635 1766 2667 et

978 2686 1128 2729 quanta:
1172 2681 1386 2728 hujusmodi
1426 2680 1580 2716 advenis
1627 2679 1766 2714 {iebant

978 2730 1140 2776 injuriae,
1181 2740 1273 2776 quas
1314 2727 1495 2764 Dominus
1535 2727 1651 2762 vitare
1691 2737 1764 2761 non

978 2777 1094 2821 venit,
1118 2777 1182 2813 sed
1218 2776 1426 2822 suscipere!
1451 2774 1546 2818 Quid
1583 2774 1710 2816 etiam,
1734 2773 1763 2808 si
