1876 3126
509 148 554 182 SE
565 147 728 181 RMONIS
765 147 808 179 lN

126 226 259 258 vetans
275 221 419 266 jurare,
437 218 537 264 quod
555 214 720 263 pertinet
739 216 785 253 ad
801 216 908 262 Justi-

125 268 219 305 tiam
235 277 365 304 eorum
377 265 440 311 qui
457 263 632 300 intraturi
647 266 735 299 sunt
750 274 908 310 regnum

129 316 322 352 coelorum.
358 313 459 350 Sicut
498 311 599 347 enim
635 310 769 346 salsum
806 310 907 356 loqui

128 374 207 399 non
225 364 361 409 potest,
377 358 440 405 qui
458 368 533 394 non
555 356 738 403 loquitur;
756 356 807 393 sic
828 368 910 403 per-

123 411 254 457 J'urare
281 419 352 444 non
377 407 512 452 potest,
537 403 599 450 qui
629 415 704 440 non
727 405 843 450 J'urat.
867 406 909 440 Et

127 457 225 493 sicut
244 458 282 490 in
299 453 533 498 <multiloquio
554 462 626 487 non
645 452 762 487 deerit
779 463 908 498 pecca-

130 507 220 547 tum,
235 502 289 538 sic
306 500 426 536 necin
446 498 667 544 multijurio,
684 499 908 545 perjurium.

130 549 233 588 Sicut
252 551 377 584 autem
400 548 498 582 Dens
518 546 696 592 praecopit
717 546 787 582 sibi
809 546 911 582 victi-

128 607 211 633 mas
230 596 371 641 legales
389 593 532 637 offerri,
549 604 622 630 non
641 593 729 640 quia
743 593 775 629 ei
792 594 912 640 place-

127 646 230 687 rent,
247 643 312 678 sed
332 653 377 677 nc
399 645 599 687 eas,prout
621 645 909 686 consueverant,

127 690 240 728 idolis
267 689 530 732 immolare11t;
557 688 609 724 sic
635 688 799 724 infirmis
821 700 910 725 cou-

129 737 243 775 cessit
255 738 384 783 jurare
401 746 467 782 per
485 737 614 779 Deum,
627 747 700 771 non
717 736 816 780 qnod
836 738 911 772 Deo

155 785 253 822 lacet
277 785 345 820 hoc
368 783 466 826 fieri,
486 783 551 819 sed
571 784 671 828 quod
692 783 816 819 minus
837 794 914 819 ma-

146 843 208 869 um
246 836 302 868 est
336 832 408 866 hoc
445 832 534 874 Deo,
574 840 687 875 quam
729 830 913 867 creaturis

130 878 312 917 exhiberi.
344 878 461 921 Unde,
497 878 705 913 secundnm
740 880 914 922 Hierony-

131 938 244 967 mum,
272 926 307 961 in
347 926 443 970 Lege
479 928 709 970 praeceptum
743 929 800 960 est
835 936 913 961 non

133 975 271 1017 'urare,
297 972 367 1008 nisi
407 982 474 1018 per
511 974 628 1008 Deum
663 983 671 1007 :
700 982 776 1008 non
812 973 912 1018 quod

160 1031 275 1058 onum
302 1019 369 1062 sit,
408 1019 474 1055 sed
511 1030 557 1054 ne
594 1018 712 1055 Judaei
750 1019 915 1065 pessima

133 1066 405 1105 consuetudine
423 1067 596 1112 jurantes
617 1077 685 1112 per
707 1070 912 1110 creaturas,

134 1115 332 1152 crederent
364 1124 428 1149 eas
465 1114 712 1149 venerandas.
746 1115 914 1160 Evange-

133 1161 225 1198 lium
247 1165 371 1197 autem
395 1172 469 1196 non
492 1160 623 1206 recipit
640 1161 914 1206 juramentum,

133 1219 219 1246 cum
243 1207 365 1244 omnis
392 1218 516 1243 sermo
538 1208 660 1243 fidelis
684 1219 750 1254 pro
768 1209 912 1255 jureju—

134 1257 256 1294 rando
275 1255 334 1291 sit.
358 1255 425 1291 Ubi
445 1256 720 1299 chrysostomus
739 1269 748 1291 :
772 1271 789 1289 «
811 1257 916 1291 Unde

131 1305 261 1351 Jurare
278 1313 346 1338 nos
361 1313 517 1348 prorsus
530 1314 606 1338 non
620 1303 809 1339 convenit.
821 1303 915 1347 Quid

135 1351 238 1388 enim
262 1349 462 1395 unicuique
496 1354 665 1385 nostrum
690 1351 819 1395 jurare
850 1361 915 1386 ne-

135 1409 239 1435 cesse
256 1401 326 1437 est,
350 1408 434 1432 cum
456 1397 565 1433 nobis
588 1398 739 1433 mentiri
761 1398 915 1434 omnino

134 1456 212 1482 non
239 1445 376 1480 liceat?
403 1445 568 1487 Quorum
595 1446 710 1480 verba
742 1445 795 1481 ita
827 1456 916 1481 vera

135 1503 297 1539 semper,
326 1492 377 1527 ita
404 1492 542 1527 debent
568 1502 650 1527 esse
679 1492 914 1538 fidelissima,

133 1543 176 1576 ut
200 1550 268 1586 pro
292 1540 507 1585 Juraniento
532 1540 766 1575 habeantur?
794 1541 837 1575 Et
864 1540 917 1575 id-

136 1587 235 1624 circo
256 1586 449 1630 Dominus,
470 1598 544 1622 non
563 1587 684 1622 solum
705 1589 914 1633 perjurare,

136 1634 204 1671 sed
235 1633 349 1670 etiam
379 1634 511 1679 jurare
546 1645 614 1670 nos
647 1634 843 1680 prohibet,
870 1645 917 1670 ne

135 1686 224 1718 tunc
252 1684 400 1716 tantum
423 1680 619 1717 videamur
642 1692 772 1717 verum
792 1681 917 1717 dicere

137 1739 223 1766 cum
239 1729 426 1774 juramus,
448 1732 485 1763 et
512 1739 559 1764 ne
587 1739 683 1775 quos
707 1739 859 1765 veraces
881 1728 919 1764 in

137 1775 240 1813 omni
269 1786 443 1811 sermone
467 1786 549 1812 esse
579 1775 789 1821 constituit,
810 1780 919 1823 puta-

136 1834 264 1860 remus
298 1823 380 1859 sine
408 1823 627 1869 juramento
661 1823 805 1860 licitum
837 1835 920 1860 esse

136 1869 302 1908 mentiri.
334 1870 544 1907 duramenti
572 1872 672 1907 enim
700 1872 780 1907 haec
807 1882 922 1908 causa

140 1921 210 1962 est,
232 1917 320 1964 quia
353 1917 478 1953 omnis
512 1918 575 1963 qui
605 1919 721 1964 jurat,
744 1922 797 1962 ut,
820 1919 920 1965 quod

137 1975 268 2002 verum
308 1967 377 2009 est,
410 1965 622 2010 eloquatur.
660 1967 704 2001 Et
740 1966 921 2002 Dominus

138 2012 238 2049 inter
267 2013 524 2058 juramentum
562 2016 599 2048 et
633 2012 822 2058 loquelam
858 2024 922 2049 no-

141 2063 259 2096 stram
294 2059 435 2095 nullam
472 2060 549 2095 vult
576 2070 658 2095 esse
687 2060 919 2096 distantiam.

138 2107 248 2152 Quia,
264 2106 358 2143 sieut
377 2107 415 2142 in
431 2107 650 2153 juramento
672 2107 813 2143 nullam
836 2118 922 2143 con-

139 2155 241 2191 venit
267 2165 349 2190 esse
380 2155 594 2201 perfidiam,
624 2154 675 2190 ita
705 2165 855 2201 quoque
882 2154 921 2190 in

139 2202 265 2239 verbis
282 2202 420 2238 nostris
436 2203 577 2238 nullum
596 2202 707 2238 dehet
721 2213 803 2238 esse
822 2212 923 2238 men-

140 2249 304 2286 dacium.
322 2250 427 2292 Quod
443 2253 643 2295 utrumque
660 2254 696 2285 et
714 2249 922 2296 perJ‘urium

141 2299 179 2334 et
219 2297 455 2333 mendacium
491 2296 607 2333 divini
641 2297 773 2343 judicii
812 2307 924 2343 poena

142 2344 358 2380 damnatur.
399 2344 574 2390 Quisquis
618 2355 708 2390 ergo
750 2348 922 2380 nostrum

142 2391 324 2437 loquitur,
349 2392 463 2437 jurat,
497 2391 585 2437 quia
619 2392 797 2438 scriptum
826 2397 880 2427 cst
914 2402 921 2426 :

147 2440 263 2475 Testis
279 2440 399 2483 fidelis
413 2450 484 2474 non
500 2441 706 2474 mentietur.
726 2439 831 2475 Unde
848 2449 924 2475 non

144 2485 335 2522 immerito
357 2497 433 2522 non
451 2487 580 2532 J'urare
608 2497 707 2532 saepe
733 2486 926 2532 Scriptura

145 2532 273 2570 divina
299 2537 583 2578 commemorat,
613 2534 701 2579 quia
734 2535 825 2577 Deo,
861 2532 923 2580 qui

144 2591 257 2617 verax
278 2585 349 2624 est,
369 2584 405 2616 et
427 2583 548 2617 noscit
568 2581 750 2627 quidquid
771 2580 923 2625 dicitur,

143 2638 212 2676 pro
230 2629 445 2674 juramento
473 2629 654 2673 habetur;
680 2628 770 2675 quia
795 2639 924 2665 verum

144 2679 203 2713 est
221 2686 331 2712 omne
347 2676 448 2721 qnod
470 2675 636 2722 loquitur
651 2688 659 2712 :
677 2690 694 2709 »
718 2677 797 2712 haec
816 2678 926 2722 Chry-

144 2727 334 2760 sostomus.
356 2724 459 2760 Unde
478 2728 516 2760 et
531 2725 665 2761 Seneca
683 2737 692 2760 :
715 2738 733 2756 «
752 2723 850 2760 Nihil
871 2723 926 2760 in-

147 2772 256 2808 tersit
275 2782 321 2807 an
350 2772 532 2817 affirmes,
554 2782 603 2808 an
622 2772 740 2819 jures.
765 2773 818 2808 De
838 2771 925 2808 reli-

846 147 989 181 MONTE
1028 145 1342 181 CONTINUATIO.

1693 146 1761 180 283

980 216 1090 263 gione
1105 219 1141 253 et
1162 216 1235 253 tide
1257 215 1353 252 scias
1373 215 1448 261 agi,
1471 215 1694 261 ubicumque
1713 214 1762 252 de

981 263 1137 300 veritate
1152 267 1346 299 tractatur.
1366 276 1383 296 »
1405 263 1616 300 Secundum
1636 263 1762 307 Anqu-

980 313 1127 349 stinum,
1152 311 1331 356 quoniam
1357 310 1418 345 ille
1435 310 1538 356 jnrat
1559 310 1620 356 qni
1649 309 1759 346 adhi-

981 358 1044 393 bet
1070 361 1202 392 tcstem
1229 359 1358 401 Deum,
1381 357 1579 393 ridiculum
1610 361 1666 393 est
1697 367 1760 403 pu-

981 408 1076 448 tare,
1098 407 1137 439 ut
1163 414 1236 439 non
1255 404 1438 449 Juraverit
1459 404 1556 448 quis,
1579 404 1666 450 quia
1688 414 1763 440 non

982 451 1074 487 dixit
1105 461 1172 497 per
1200 452 1330 496 Deum,
1360 452 1425 486 sed
1453 451 1558 495 dixit,
1582 454 1683 487 testis
1709 454 1763 487 est

983 499 1075 534 mihi
1106 501 1210 538 Deus,
1242 497 1298 533 vel
1325 509 1400 533 ecce
1426 510 1544 533 corum
1567 501 1649 539 Deo,
1676 500 1766 544 quia

982 557 1054 581 non
1079 547 1246 582 mentior.
1276 545 1346 587 vel,
1375 547 1468 580 Deus
1491 548 1558 580 scic
1583 548 1671 590 quia
1695 556 1766 582 non

981 595 1148 628 mentior.
1168 591 1350 636 Prsecepit
1370 602 1459 636 crgo
1483 593 1665 628 Dominus
1688 603 1763 628 non

980 641 1111 687 jurare
1134 638 1304 683 omnino,
1331 638 1368 674 id
1391 642 1445 674 est
1468 639 1597 684 jurare
1625 651 1698 675 non
1727 639 1765 675 in

984 686 1088 724 omni
1116 687 1242 730 modo,
1270 688 1306 721 et
1332 684 1370 720 in
1402 687 1503 720 omni
1534 697 1621 721 casu
1646 698 1653 721 :
1678 686 1768 732 quia

985 736 1065 771 haze
1085 738 1140 771 est
1166 733 1316 769 incauta
1339 733 1494 779 juratio.
1519 734 1589 768 Per
1610 734 1679 768 hoc
1710 737 1765 769 ta-

985 793 1072 818 men
1093 793 1169 818 uon
1189 779 1397 816 excluditur
1414 779 1553 826 juratio
1574 779 1610 814 in
1635 790 1766 815 neces-

986 830 1095 866 sitate
1119 840 1127 864 :
1151 828 1239 875 quia
1270 827 1420 873 negatio
1456 827 1504 863 ibi
1537 826 1769 873 praeponitur

987 877 1094 923 signo
1133 875 1339 912 universali
1377 874 1604 911 affirmativo
1621 903 1629 919 ,
1667 873 1769 920 quod

987 923 1204 970 aequipollet
1238 933 1305 958 suo
1346 920 1665 965 contradictori03
1703 920 1770 957 sed

987 970 1195 1018 postposita
1221 969 1437 1015 aequipollet
1463 980 1530 1004 suo
1562 968 1767 1005 contrario.

990 1020 1054 1054 Hic
1092 1017 1190 1054 enim
1222 1027 1298 1052 non
1337 1015 1473 1052 dicitur
1504 1016 1658 1051 omnino
1692 1026 1770 1052 non

984 1067 1114 1112 jurare
1141 1077 1148 1100 :
1175 1064 1263 1111 qnia
1290 1066 1388 1099 esset
1420 1073 1565 1106 sensns,
1601 1063 1701 1108 quod
1730 1063 1771 1099 in

989 1114 1090 1149 nullo
1113 1123 1201 1148 casu
1228 1113 1327 1146 esset
1349 1111 1569 1156 jurandum,
1593 1110 1692 1156 quod
1714 1112 1772 1146 est

990 1161 1139 1204 salsum,
1156 1158 1244 1205 qnia
1261 1158 1297 1193 in
1319 1158 1443 1203 aliquo
1464 1168 1553 1193 casu
1570 1161 1626 1193 est
1643 1158 1772 1203 juran-

990 1209 1094 1252 dum,
1117 1211 1153 1243 et
1180 1206 1218 1241 in
1249 1205 1376 1251 aliquo
1407 1216 1504 1249 uon3
1537 1205 1602 1240 sed
1635 1205 1773 1241 dicitur

990 1255 1064 1299 hic,
1085 1265 1159 1290 non
1174 1254 1304 1299 jurare
1325 1252 1492 1296 omnino,
1513 1252 1549 1287 id
1571 1256 1627 1288 cst
1643 1253 1773 1298 jurare

990 1314 1064 1338 non
1089 1302 1255 1344 omnino,
1278 1300 1314 1336 id
1338 1303 1392 1335 est
1418 1310 1492 1335 nou
1517 1299 1733 1335 omnimodo
1761 1310 1769 1334 :

989 1354 1025 1387 et
1045 1349 1129 1385 ideo
1153 1359 1228 1384 non
1250 1351 1305 1383 est
1327 1358 1473 1390 sensus,
1490 1348 1589 1393 quod
1611 1348 1646 1382 in
1668 1346 1770 1382 nullo

989 1408 1076 1433 casu
1090 1396 1136 1432 sit
1147 1395 1365 1442 jurandum,
1381 1395 1447 1430 sed
1459 1394 1774 1440 quandocumque

990 1446 1095 1481 deest
1117 1443 1335 1486 necessitas,
1358 1445 1395 1477 et
1423 1453 1494 1477 non
1520 1445 1575 1477 est
1601 1451 1772 1477 necessa-

991 1492 1102 1535 rium,
1116 1495 1152 1527 et
1168 1490 1220 1526 sic
1236 1489 1444 1525 excluditur
1458 1499 1568 1524 omne
1580 1489 1775 1534 juramen-

991 1544 1068 1575 tum
1083 1538 1286 1573 incautum.
1298 1536 1418 1579 Unde,
1431 1536 1635 1571 secundum
1650 1537 1776 1580 Augu-

989 1589 1140 1627 stiuam,
1167 1584 1348 1620 Dominus
1379 1593 1457 1618 uon
1492 1583 1672 1628 praecepit
1702 1592 1777 1619 non

987 1635 1117 1681 jurare
1153 1635 1348 1677 tamquam
1391 1629 1545 1666 omnino
1581 1629 1773 1675 illicitum3

992 1681 1059 1718 sed
1076 1691 1122 1716 ne
1142 1678 1341 1725 quisquam
1356 1678 1486 1724 jurare
1503 1680 1669 1723 appetat,
1683 1681 1776 1713 tam-

993 1738 1106 1775 quam
1120 1737 1188 1773 per
1203 1737 1242 1762 se
1257 1727 1412 1769 bonum,
1426 1728 1462 1760 et
1480 1727 1518 1760 ut
1537 1725 1662 1760 nullus
1674 1726 1776 1770 ¹juret

992 1777 1038 1812 de
1063 1774 1333 1819 facili,absque
1356 1772 1594 1816 necessitate,
1616 1775 1653 1808 et
1680 1772 1774 1808 dila-

992 1825 1103 1861 batur
1129 1822 1167 1858 in
1192 1820 1414 1868 perjurium,
1435 1830 1477 1855 ex
1501 1819 1654 1865 jurandi
1683 1830 1775 1855 con-

995 1870 1204 1908 suetudine.
1217 1869 1272 1904 Ad
1287 1869 1357 1903 hoc
1372 1871 1498 1904 autem
1517 1868 1615 1913 qnod
1631 1870 1777 1903 rectum

995 1919 1043 1955 sit
1077 1919 1351 1964 juramentum,
1384 1914 1457 1950 tria
1494 1914 1775 1960 requiruntur:

994 1975 1112 2002 unum
1139 1975 1182 2000 ex
1208 1966 1315 2009 parte
1347 1961 1401 1997 rei
1431 1962 1478 1997 de
1512 1972 1587 2006 qua
1612 1962 1776 2007 juratur,

996 2012 1138 2048 scilicet
1158 2010 1310 2053 veritas,
1330 2008 1440 2044 aliter
1461 2008 1560 2044 enim
1582 2020 1655 2044 non
1680 2010 1780 2044 esset

997 2056 1248 2095 confirmandi
1285 2055 1492 2099 idoneitas3
1533 2056 1708 2100 alterum,
1737 2066 1782 2092 ex

996 2110 1102 2153 parte
1121 2115 1256 2148 causae,
1271 2113 1337 2150 pro
1358 2113 1431 2148 qua
1445 2103 1780 2149 juratur,jnstitia‚

997 2154 1106 2190 aliter
1127 2152 1227 2188 enim
1255 2161 1330 2186 non
1357 2154 1457 2186 esset
1482 2150 1610 2186 debita
1627 2150 1783 2197 Jurandi

997 2200 1223 2243 necessitas;
1244 2197 1464 2242 tertium,ex
1481 2199 1780 2244 parteJnrantis,

998 2248 1137 2284 scilicet
1152 2245 1349 2294 judicium,
1366 2244 1442 2280 sive
1462 2244 1653 2289 discretio,
1670 2246 1780 2282 aliter

997 2295 1097 2331 enim
1111 2305 1185 2331 non
1200 2296 1299 2330 esset
1311 2291 1437 2328 debita
1448 2291 1603 2338 periculi
1618 2294 1777 2330 cautela.

998 2343 1103 2379 Unde
1130 2342 1168 2378 in
1192 2340 1357 2378 Jeremia
1377 2350 1384 2374 :
1407 2340 1569 2380 szabz's,
1594 2341 1684 2376 dicit
1709 2343 1779 2376 Do-

997 2393 1132 2431 minus,
1147 2391 1187 2425 in
1207 2390 1373 2434 veritate,
1393 2390 1426 2422 et
1442 2388 1607 2431 justitia„
1627 2391 1660 2422 et
1674 2388 1779 2432 judi-

998 2440 1065 2474 cio.
1096 2439 1139 2473 Et
1159 2447 1235 2472 non
1257 2435 1378 2471 solum
1399 2434 1548 2470 incante
1566 2435 1696 2479 jurare
1715 2446 1782 2482 per

999 2487 1114 2522 Deum
1144 2488 1201 2521 est
1235 2482 1431 2525 illicitum,
1467 2481 1531 2517 scd
1565 2481 1677 2517 etiam
1713 2493 1781 2528 per

999 2536 1207 2576 creaturas,
1231 2531 1270 2567 in
1294 2532 1476 2576 quantum
1502 2528 1540 2580 in
1564 2529 1618 2564 eis
1643 2529 1785 2566 relucet

999 2580 1117 2616 virtus
1145 2579 1286 2615 divina.
1317 2578 1404 2613 Ideo
1436 2580 1607 2621 sequitur
1628 2588 1636 2611 :
1660 2579 1786 2623 Neque

995 2639 1063 2675 per
1081 2629 1219 2668 coelum,
1234 2627 1323 2672 quia
1340 2626 1492 2659 thronus
1510 2625 1576 2658 Dei
1594 2627 1659 2667 est,
1673 2623 1709 2659 id
1729 2627 1786 2661 est

1000 2674 1258 2723 principaliter
1292 2671 1342 2708 ibi
1376 2670 1516 2707 relucet
1552 2670 1674 2716 gloria
1703 2671 1784 2717 Dei,

999 2734 1114 2769 neque
1129 2734 1196 2769 per
1218 2726 1369 2759 terram,
1393 2720 1482 2763 quia
1503 2719 1699 2755 scabellum
1722 2730 1784 2766 pe-

999 2772 1086 2808 dum
1105 2772 1184 2816 eJ'us
1203 2772 1268 2813 esc,
1289 2767 1326 2802 id
1354 2769 1411 2802 est
1438 2765 1570 2802 infima
1596 2770 1786 2813 creatura,
