1902 3126
180 179 232 211 ΙΙΙ
668 174 810 208 PRIMAE
846 174 1004 208 PARTIS
1041 172 1176 207 CAPUT
1212 170 1308 204 XVII

827 380 1006 426 CAPUT
1040 380 1161 426 XVII

561 526 609 554 DE
639 525 786 555 OFFICIO
818 526 867 553 ET
896 525 992 552 VITA
1015 524 1178 553 JOANNIS
1209 524 1424 553 BAPTISTAE.

632 647 796 685 Matthaei
817 658 896 694 cap.
922 649 983 691 ΙΙΙ,
1005 650 1041 684 et
1062 648 1170 683 Lucae
1191 657 1272 693 cap.
1297 648 1359 683 ΙΙΙ.

233 814 245 834 Ι
271 800 424 834 Tam-511
445 808 580 833 AUCTOR
603 808 647 831 An
669 807 832 831 OFFICIUM
852 796 959 830 JOAN-

181 858 237 881 N1s
262 847 456 881 Birrisrffi.
480 865 525 869 —
549 843 816 878 Praetermissis
842 841 960 877 omni-

181 894 250 929 hus
273 892 355 928 aliis
380 890 544 926 infantia¹
568 890 771 925 Salvatoris
798 889 958 932 actibus,

183 949 271 975 cura
292 938 359 974 suit
386 938 561 982 deinceps
588 936 677 982 ipsis
709 935 959 980 Evangelistis

182 985 314 1022 desciil
316 996 394 1020 iere
415 985 511 1019 sacta
532 986 568 1018 et
589 983 686 1018 dicta
704 982 854 1026 Christi,
877 994 960 1028 quae

182 1033 297 1078 gessit
319 1031 531 1083 secundum
547 1029 666 1066 {etatis
684 1011 959 1075 plenitudinem

182 1084 217 1115 et
257 1078 461 1114 secundum
500 1077 620 1113 xilum
655 1078 882 1122 perfectum
925 1080 961 1112 et

181 1126 302 1172 piimo
343 1125 387 1160 de
425 1123 615 1170 Baptismo
647 1134 717 1168 quo
758 1135 779 1159 a
813 1125 959 1159 Joanne

180 1173 391 1225 baptizatus
434 1172 513 1207 suit.
556 1170 864 1206 P1aemittendum
904 1173 961 1206 est

180 1219 295 1265 igitur
315 1218 533 1264 mysteiium
556 1222 591 1254 et
609 1217 776 1254 officium
802 1217 960 1253 Joannis

179 1245 416 1312 boaptizantis,
443 1268 479 1301 et
515 1265 745 1311 Baptismum
772 1265 959 1311 poeniten-

183 1313 243 1349 tiae
265 1312 519 1359 praedicantis.

231 1374 248 1396 2
279 1361 413 1396 STATUS
450 1371 630 1395 porimens
667 1360 810 1395 JUDAEAE.
841 1380 886 1384 —
917 1361 958 1394 In

182 1408 309 1443 diebus
341 1411 458 1442 autem
486 1408 575 1446 illis,
598 1405 732 1451 quibus
761 1406 885 1442 adhuc
919 1405 958 1441 in

181 1455 365 1490 Nazareth
385 1453 712 1497 Jesushabitabat,
731 1454 789 1488 vel
810 1453 959 1499 quando

182 1502 263 1537 haec
285 1512 367 1546 quae
397 1504 605 1546 sequuntur
632 1500 881 1546 contigerunt,
902 1511 959 1535 so-

184 1549 345 1584 cundum
383 1547 481 1593 quod
521 1547 656 1583 dicitur
694 1547 733 1582 in
774 1546 959 1593 principio

184 1594 471 1640 Evangelimum
506 1594 544 1629 in
582 1594 769 1637 Ecclesia,
813 1596 850 1629 in
896 1595 960 1629 illo

184 1645 353 1696 tempowe,
385 1641 555 1676 scilicet:
584 1642 689 1676 Anno
716 1643 842 1686 quinto
864 1641 959 1676 deci-

182 1700 238 1724 mo
260 1690 407 1734 imperii
438 1689 573 1723 Tiberii
601 1689 764 1732 Caesaris,
793 1687 854 1733 qui
876 1699 959 1724 suc-

183 1735 295 1771 cessit
333 1735 532 1771 Octaviano
569 1736 749 1780 Augusto,
781 1735 848 1770 sub
888 1746 960 1780 quo

181 1786 290 1818 natus
318 1786 374 1818 est
400 1782 587 1825 Cliiistus3
610 1793 741 1827 piem)
744 1786 827 1817 ante
846 1784 881 1817 et
905 1792 960 1817 ie-

180 1832 291 1876 gente
318 1831 444 1864 Pontio
470 1831 589 1864 Pilato
609 1830 790 1872 Jmlsearm
821 1831 962 1864 Tetrar-

182 1878 249 1912 cha
276 1880 395 1911 autem
434 1876 569 1920 adhuc,
602 1877 760 1912 Gulilaeae
794 1877 958 1919 Herode,-

181 1928 214 1959 ετ
234 1925 396 1968 Lysania
424 1924 595 1967 Abylz'nae
618 1924 837 1968 Tetrarcha3
856 1924 958 1958 Phic-

180 1973 266 2016 ippo
287 1974 406 2005 autem
429 1969 541 2005 etiam
565 1970 683 2006 adhuc
716 1972 834 2013 fratre
866 1970 957 2014 ejus,

184 2020 266 2053 Yet]
269 2029 311 2052 α)
314 2019 380 2053 cha
400 2019 536 2053 lturae‘e
557 2021 589 2052 et
611 2019 658 2052 Τ)
661 2017 882 2052 αοήοηῑίιτίιε
903 2028 959 2052 re-

183 2066 315 2108 qiom's.
339 2064 406 2100 Ubi
428 2064 619 2100 sciendum
646 2064 758 2110 quod,
786 2067 824 2099 ut
847 2075 960 2110 supra

184 2111 324 2147 dictum
360 2114 427 2155 est,
468 2122 626 2156 regnum
665 2112 881 2148 Judaeorum
920 2111 959 2147 in

185 2161 344 2204 quatuor
369 2138 605 2194 Teliarcliias
630 2158 790 2195 divisum
821 2159 957 2203 fuerat,

185 2215 346 2257 quarum
384 2205 490 2249 duas,
528 2205 669 2241 scilicet
714 2206 884 2242 Judaeam
924 2209 958 2241 et

183 2251 381 2305 Abylinam
426 2253 589 2288 habebat
629 2253 847 2298 Archelaus,
888 2256 961 2289 ter-

184 2298 275 2335 tiam
294 2309 396 2341 vero,
421 2301 456 2334 et
477 2302 649 2344 quartam
671 2300 875 2346 Philippus.
894 2301 961 2335 Ac-

185 2345 275 2382 cidit
297 2348 423 2381 autem
437 2349 475 2381 ut
486 2346 701 2390 A1·,chelaus
718 2347 959 2393 tylannidem

186 2403 375 2445 exercens,
398 2392 496 2438 apud
523 2393 747 2438 Augustum,
768 2404 961 2430 accusare-

184 2443 258 2483 tur,
285 2439 349 2485 qui
381 2440 428 2475 ob
463 2440 544 2475 haec
576 2440 622 2475 ab
655 2441 822 2486 Augusto
849 2441 964 2487 depo-

184 2487 277 2523 situs
307 2486 347 2522 in
379 2486 528 2522 exilium
561 2490 618 2523 est
651 2487 785 2523 missus
816 2488 960 2524 decimo

184 2544 283 2570 anno
306 2533 363 2569 sui
382 2533 626 2586 priucipatus.
648 2536 691 2570 Et
710 2545 753 2570 ex
773 2539 859 2571 tunc
887 2546 961 2571 una

182 2591 277 2633 pars
296 2580 525 2627 principatus
552 2592 624 2625 5ΙΙΙ,
648 2581 787 2617 scilicet
813 2582 957 2625 Judaea,

184 2627 297 2674 coepit
324 2638 390 2673 per
417 2628 685 2664 Procuratores
712 2632 748 2664 et
771 2629 958 2665 Officiales

182 2676 440 2711 Romanorum
484 2675 762 2719 administrari,
800 2686 959 2721 quorum

185 2721 337 2768 quintus
359 2722 515 2758 Pontius
545 2722 686 2759 Pilatus
718 2722 798 2767 fuit,
818 2722 869 2758 sic
903 2722 958 2758 di-

185 2772 266 2806 ctus
292 2780 313 2806 a
346 2769 479 2806 Pontia
506 2769 641 2816 insula,
666 2769 706 2806 in
740 2780 812 2816 qua
844 2770 957 2807 stetit.

1034 795 1139 831 Unde
1170 805 1247 831 non
1279 797 1360 830 erat
1385 793 1560 841 princeps
1581 793 1809 840 ordinarius,

1034 843 1099 878 sed
1135 841 1204 878 suit
1228 841 1404 886 xicarffls,
1440 842 1498 878 vel
1531 842 1746 888 delegatus,
1775 845 1812 879 et

1032 888 1117 925 ideo
1148 890 1376 924 Procurator
1403 891 1459 924 est
1492 869 1636 925 dictus.
1656 889 1693 926 Si
1713 899 1810 942 ergo

1034 936 1261 982 quandoque
1305 935 1444 981 legitur
1486 936 1630 972 Praeses
1668 935 1810 981 fuisse,

1032 983 1321 1029 intelligendum
1356 985 1411 1018 est
1455 983 1501 1018 de
1548 984 1810 1028 Procuratore,

1034 1030 1134 1076 quia,
1169 1033 1211 1066 ut
1244 1029 1406 1074 videtur,
1433 1039 1642 1076 numquam
1668 1032 1813 1067 Praeses

1033 1077 1116 1121 fuit,
1150 1077 1215 1113 sed
1249 1088 1292 1113 eo
1329 1078 1579 1113 Procuratore
1612 1076 1811 1122 existente,

1033 1123 1204 1161 Vitellius
1235 1125 1380 1160 Praeses
1414 1123 1543 1170 Syriae,
1581 1124 1689 1170 cujus
1724 1134 1812 1170 pars

1033 1172 1164 1207 Judaea
1178 1174 1245 1215 est,
1256 1171 1388 1207 extitit.
1401 1171 1443 1206 Et
1460 1171 1556 1207 forte
1570 1170 1654 1207 ideo
1667 1172 1812 1207 Praeses

1033 1218 1105 1254 dici
1129 1221 1277 1264 poterat
1299 1218 1452 1262 Pilatus,
1476 1217 1563 1263 quia
1586 1218 1812 1264 quandoque

1034 1264 1211 1301 Praesidis
1251 1265 1417 1300 officium
1449 1266 1658 1301 exercebat.
1685 1265 1814 1302 Altera

1032 1324 1121 1348 vero
1144 1323 1231 1358 pars
1252 1311 1483 1358 principatus
1502 1311 1690 1356 Archelai,
1713 1311 1812 1348 scili-

1033 1363 1090 1396 cet
1105 1359 1277 1405 Abylina,
1294 1359 1433 1394 tradita
1457 1361 1514 1394 est
1535 1358 1719 1404 Iysaniae,
1742 1359 1811 1395 sub

1032 1406 1184 1443 nomine
1208 1406 1448 1442 Tetrarchiae.
1473 1407 1589 1441 Istum
1616 1405 1813 1459 Lysaniam

1032 1454 1163 1490 dicunt
1183 1453 1337 1497 quidam
1363 1452 1479 1489 fuisse
1503 1452 1622 1488 filium
1654 1452 1813 1489 Herodis

1032 1500 1272 1543 Ascalonitae‚
1295 1501 1361 1536 sub
1396 1511 1470 1546 quo
1501 1503 1612 1536 natus
1646 1503 1703 1536 est
1739 1500 1812 1535 Do-

1033 1548 1180 1593 minus3
1200 1548 1265 1584 sed
1280 1548 1467 1593 Josephus
1481 1546 1571 1583 dicit
1585 1547 1683 1593 quod
1698 1546 1813 1583 fuerit

1034 1605 1151 1647 nepos
1170 1574 1212 1639 'je
1218 1606 1274 1639 us,
1299 1598 1408 1630 natus
1435 1605 1476 1630 ex
1503 1594 1727 1638 Alexandra,
1751 1604 1812 1630 so-

1033 1652 1120 1678 rore
1140 1640 1259 1687 ipsius
1281 1640 1452 1686 Herodis,
1475 1644 1511 1677 et
1533 1652 1576 1677 ex
1596 1643 1701 1693 patre
1725 1642 1810 1677 Pto-

1034 1689 1165 1724 lemaeo
1187 1689 1234 1725 de
1253 1688 1406 1734 Libano,
1426 1669 1462 1724 e’t
1479 1689 1550 1724 hoc
1570 1687 1690 1733 magis
1709 1687 1811 1724 vide-

1033 1738 1108 1772 tur.
1134 1737 1178 1771 Et
1215 1735 1390 1772 subditur
1429 1746 1437 1770 ε
1475 1736 1548 1772 Sub
1579 1735 1812 1780 principibus

1035 1783 1262 1818 sacerdotum
1282 1783 1392 1818 Anna
1414 1785 1446 1817 et
1465 1783 1620 1835 Gaipha.
1643 1781 1707 1818 Isti
1728 1782 1810 1818 affi-

1035 1829 1152 1866 nitate
1166 1832 1275 1866 erant
1285 1828 1489 1875 conjuncti,
1500 1827 1812 1865 etvicissimPon-

1034 1871 1219 1912 tificatum
1251 1886 1440 1912 summum
1482 1875 1811 1920 administrabant,

1035 1924 1099 1960 sed
1113 1925 1242 1959 Annas
1259 1934 1332 1969 quo
1356 1934 1454 1958 anno
1467 1922 1649 1959 Dominus
1664 1925 1719 1959 est
1744 1923 1811 1959 ba-

1033 1970 1208 2023 ptizatus,
1231 1973 1265 2006 et
1290 1969 1353 2005 Cai
1371 1969 1537 2022 ‘phasillo
1556 1980 1628 2015 quo
1655 1971 1710 2006 est
1726 1979 1812 2023 pas-

1034 2029 1111 2063 sus,
1135 2017 1233 2053 intel
1254 2028 1348 2070 quos
1369 2028 1408 2053 111
1440 2016 1513 2052 illis
1537 2017 1659 2054 tribus
1688 2016 1811 2062 annis,

1033 2069 1109 2101 tres
1135 2064 1214 2110 alii,
1237 2063 1406 2100 scilicet:
1428 2063 1576 2107 Ismael,
1598 2064 1811 2109 Eleazarus,

1033 2116 1070 2148 et
1102 2113 1240 2164 Sym-on
1263 2092 1429 2156 suerunt,
1450 2110 1514 2157 qui
1536 2093 1597 2147 hi'c
1613 2113 1808 2155 tacentum

1034 2162 1070 2195 et
1090 2159 1212 2212 tangit
1232 2157 1471 2204 Evangelista
1491 2158 1614 2194 solum
1639 2157 1723 2193 illos
1740 2158 1809 2194 sub

1034 2205 1173 2253 quibus
1208 2205 1426 2258 praedicatio
1465 2205 1604 2251 incepit
1634 2203 1808 2249 Joannis,

1035 2256 1072 2290 et
1091 2263 1225 2306 passus
1256 2255 1312 2288 est
1342 2251 1525 2289 Christus.
1549 2251 1656 2296 Quod
1683 2255 1811 2287 autem

1034 2299 1252 2353 praedicatio
1290 2299 1445 2336 ,Ioannis
1480 2302 1557 2335 tam
1593 2297 1814 2335 solemniter

1034 2346 1274 2392 describitur,
1297 2346 1439 2382 scilicet
1463 2356 1531 2399 per
1556 2345 1812 2392 Imperatoris,

1034 2398 1070 2431 et
1082 2393 1325 2438 Pontificum,
1339 2396 1374 2430 et
1390 2392 1607 2439 Principum
1626 2395 1811 2445 tempora,

1035 2445 1091 2478 est
1131 2441 1178 2478 ad
1217 2440 1497 2493 designandum
1553 2438 1812 2476 excellantiam

1034 2490 1116 2542 ejus
1137 2499 1249 2535 quem
1281 2487 1454 2524 nuntIare
1472 2487 1660 2529 veniebat,
1682 2488 1813 2531 utpote

1035 2535 1099 2582 qui
1124 2546 1293 2572 summus
1327 2537 1534 2587 Imperator
1563 2537 1598 2570 et
1628 2514 1810 2578 Pontifex,

1035 2586 1072 2619 et
1093 2583 1332 2619 Gubernator
1353 2592 1521 2618 omnium
1541 2579 1735 2617 existebat.

1081 2633 1101 2666 5
1123 2631 1184 2666 Fir
1214 2641 1355 2666 VERBUM
1388 2630 1455 2665 Dm
1489 2640 1533 2664 An
1558 2629 1738 2664 JOANNEM.
1762 2647 1808 2652 —

1034 2678 1139 2713 Tunc
1157 2688 1246 2723 ergo
1264 2679 1402 2721 factum
1422 2679 1475 2711 est
1488 2675 1633 2710 verbum
1645 2675 1805 2715 Domini,

1033 2723 1070 2759 id
1109 2727 1178 2768 est,
1212 2733 1381 2777 superna
1420 2721 1554 2758 mentis
1594 2720 1805 2774 inspiratio,

1033 2781 1116 2818 quae
1148 2770 1287 2808 dicitur
1320 2770 1490 2815 verbum,
1521 2767 1610 2816 quia
1634 2767 1736 2804 intus
1767 2778 1806 2803 111
