1902 3126
154 211 214 245 216
637 208 782 243 PRIMAE
818 207 976 242 PARTIS
1013 207 1150 240 CAPUT
1187 206 1302 240 XXIV

148 284 258 323 stam,
281 279 418 315 dicitur
438 278 539 315 filius
559 280 718 322 Joanna,
743 277 844 324 quia,
868 288 925 313 se-

155 328 317 363 cundum
346 326 542 372 quosdam,
565 325 665 362 idem
689 329 769 361 erat
796 335 931 360 nomen

151 373 271 421 patris
291 375 385 409 Jona
406 377 441 409 et
461 375 620 416 Joanna‚
640 372 853 418 aliqualiter
872 376 931 407 ta-

153 432 256 464 men,
268 425 420 467 propter
431 419 727 456 subtractionem
740 419 850 455 unius
862 419 931 464 syl-

152 468 262 510 labae,
288 467 583 503 diversificatum
612 467 706 503 sicut
730 466 768 502 in
799 465 931 501 Latino

154 515 343 555 Nicolaus‚
365 525 432 561 pro
457 514 618 551 Colinus.
643 513 709 549 Vel
733 513 932 549 dicendum

154 562 255 608 quod
272 566 378 608 pater
393 561 491 597 Petri
510 565 591 597 erat
607 560 811 603 binomius,
827 562 863 594 et
880 558 932 594 sic

154 610 252 646 Jona
273 612 309 645 et
329 610 475 645 Joanna
495 612 580 644 sunt
598 608 672 644 duo
694 606 847 643 nomina
867 617 875 640 ε
896 608 931 641 et

154 656 226 692 hoc
247 656 394 692 videtur
411 667 454 691 ex
471 666 603 691 eorum
620 652 931 700 interpretatione

153 703 316 746 diversa,
337 703 425 748 quia
441 704 588 738 Joanna
605 703 873 746 interpretatur
894 701 931 733 in

153 760 223 795 quo
245 752 386 794 qratia,
410 753 446 785 et
468 751 564 785 Jona
584 748 853 793 interpretatur
874 756 930 797 eo-

154 798 447 841 tumba.Cephas
468 797 666 832 Hebraeum
678 798 733 829 est
751 798 787 829 et
806 794 931 844 Syma-

152 853 256 885 cum;
273 845 406 879 Petrus
417 844 585 878 Graeeum
599 840 876 883 etLatinum,et
893 849 932 873 1n

153 894 312 936 utraque
336 890 461 935 lingua
486 899 623 924 nomen
650 887 763 930 Petri,
784 897 805 922 a
826 890 931 931 petra

154 941 211 973 est
231 937 452 972 derivatum.
473 937 638 970 Vocatur
658 932 759 969 enim
782 934 928 975 Petrus,

151 984 251 1029 quod
286 984 554 1028 interpretatur
578 984 717 1026 firmus.
741 981 787 1015 ob
814 980 932 1015 robur

150 1030 303 1072 mentis,
316 1034 351 1065 et
367 1028 585 1064 firmitatem
604 1027 707 1070 fidei,
723 1030 760 1062 et
777 1030 931 1072 propter

151 1077 303 1112 fidelem
347 1075 624 1111 confessionem
665 1073 817 1117 Christi,
857 1084 931 1118 qua

151 1123 286 1159 dixit:«
304 1125 357 1158 Tu
369 1133 404 1157 es
422 1123 586 1158 Christus
601 1122 718 1156 Filius
730 1122 796 1156 Dei
810 1122 897 1163 vivi,
910 1134 928 1152 »

152 1169 224 1213 cui,
247 1174 438 1215 tamquam
460 1168 689 1204 fidelissimae
711 1171 840 1213 petrae,
866 1168 930 1202 tir-

153 1216 265 1253 miter
285 1216 457 1252 adhaesit.
480 1217 610 1251 Utrum
628 1218 754 1251 autem
775 1215 844 1250 hoc
864 1225 931 1249 no-

152 1273 240 1299 men
268 1264 378 1299 modo
407 1263 440 1298 ei
468 1262 660 1309 imposuit,
682 1272 732 1297 an
760 1260 933 1308 promisit

151 1310 438 1356 imponendum,
474 1313 531 1346 est
568 1309 768 1344 incertum.
804 1307 932 1343 Tutius

150 1361 279 1393 tamen
297 1357 369 1393 dici
392 1360 528 1402 potest,
545 1356 644 1402 quod
662 1355 773 1391 modo
795 1354 933 1400 promi-

152 1404 214 1448 sit,
236 1404 321 1450 quia
351 1415 434 1440 cum
462 1403 613 1447 dicitur,
637 1402 830 1438 vocaberis
858 1413 933 1437 non

150 1451 341 1497 impositio
363 1455 431 1494 est,
456 1451 521 1486 sed
542 1449 735 1497 praedictio
758 1448 864 1495 quasi
887 1449 932 1484 de

149 1498 276 1534 futura
289 1498 453 1534 nominis
464 1496 704 1543 impositione
717 1496 929 1542 loquend0;

153 1546 220 1581 sed
247 1549 336 1580 tunc
355 1545 545 1591 imposuit,
569 1554 651 1580 cum
675 1543 766 1579 dixit
792 1555 800 1578 :
826 1545 878 1578 Tu
897 1553 933 1577 es

153 1593 295 1632 Petrus,
309 1596 342 1627 et
356 1602 464 1637 super
482 1593 575 1626 hanc
588 1594 729 1635 petram
747 1590 932 1634 aedificabo

152 1640 352 1675 Ecclesiam
370 1649 498 1681 πιθανῆς
517 1638 574 1673 vel
590 1637 628 1672 in
644 1636 825 1673 electione
842 1636 934 1672 duo-

155 1684 290 1724 decim.
312 1685 376 1721 ubi
400 1685 537 1720 dicitur
557 1697 565 1720 :
607 1687 655 1720 Et
681 1685 853 1729 imposuit
874 1685 932 1720 Si-

154 1735 253 1768 moni
284 1743 410 1768 nomen
442 1734 594 1775 Petru33
618 1731 711 1767 sicut
742 1734 778 1766 et
811 1731 933 1766 claves

152 1783 241 1816 ante
283 1779 600 1815 resurrectionem
642 1777 829 1824 promisit,
868 1778 934 1813 sed

152 1829 238 1873 post
261 1827 377 1862 dedit.
399 1825 435 1862 Si
457 1837 545 1862 vero
570 1836 707 1861 nomen
731 1825 842 1860 modo
864 1824 933 1859 im-

152 1873 292 1920 posuit,
309 1878 395 1909 tunc
413 1873 452 1908 in
473 1872 715 1918 sequentibus
737 1872 934 1908 confirma-

150 1919 216 1955 vit.
250 1920 308 1956 Sic
334 1920 372 1955 hi
399 1919 566 1966 praedicti
595 1919 781 1965 d1scipuli,
813 1918 933 1964 primo

153 1967 201 2003 ad
212 1967 326 2002 fidem
343 1967 476 2011 vocati,
488 1967 526 2002 in
546 1966 747 2012 aliqualem
761 1965 934 2001 notitiam

154 2017 190 2050 et
223 2014 518 2050 familiaritatem
552 2016 643 2050 Jesu
677 2015 875 2058 venerunt,
899 2016 935 2048 et

155 2061 290 2096 deinde
311 2062 357 2097 ad
375 2061 529 2107 propria
548 2061 756 2105 redierunt.

203 2111 223 2143 8
240 2109 397 2143 Vocixrio
418 2109 593 2144 Pfflmpm.
615 2128 657 2134 —-
671 2110 718 2144 In
735 2109 933 2143 crastinum

153 2158 293 2199 autem,
315 2159 399 2200 post
423 2155 523 2191 Petri
547 2159 583 2190 et
603 2155 762 2191 Andreae
789 2154 930 2190 vocati-

152 2211 280 2245 onem,
302 2203 417 2237 voluit
448 2203 570 2245 Jesus,
593 2203 639 2237 de
665 2203 795 2238 Judaea
827 2201 932 2247 large

153 2247 266 2291 dicta,
292 2248 355 2283 uhi
381 2250 548 2284 Joannes
574 2249 802 2294 baptizabat,
831 2251 932 2283 eoez're

155 2305 222 2330 seu
244 2295 367 2330 redire
387 2297 429 2330 in
445 2295 705 2334 Galilaeccm.de
723 2306 796 2341 qua
812 2295 933 2341 patria

155 2341 358 2387 discipulos
372 2341 529 2384 vocavit,
539 2345 573 2377 et
589 2342 636 2377 ad
649 2343 804 2378 Matrem
820 2353 931 2388 quam

150 2387 203 2425 ibi
225 2388 454 2434 reliquerat;
478 2392 511 2423 et
536 2390 674 2423 invenit
702 2391 929 2435 Philippum,

155 2435 218 2481 qui
245 2440 322 2470 erat
353 2447 375 2471 a
407 2436 618 2476 Bethsaida,
640 2437 787 2471 civitate
818 2447 932 2483 supra

153 2492 259 2518 mare
297 2483 472 2528 Galilaeae,
510 2481 674 2518 concivis
707 2484 861 2518 Andreae
899 2488 932 2519 et

153 2531 266 2566 Petri.
282 2531 325 2565 Et
341 2531 410 2566 hoc
423 2528 596 2575 congruit
615 2529 806 2575 mysterio,
823 2532 931 2566 Beth-

155 2576 262 2612 saida
274 2576 373 2613 enim
385 2577 512 2612 domus
525 2580 734 2611 venatorum
750 2577 931 2622 interpre-

154 2627 255 2659 tatur
274 2635 282 2659 :
302 2628 342 2660 ut
363 2624 534 2660 ostendat
556 2623 654 2669 quod
674 2623 720 2658 de
740 2623 851 2658 domo
873 2635 932 2659 ve-

155 2674 330 2707 natorum
346 2699 355 2715 ,
402 2681 564 2718 congrue
611 2673 834 2715 venatores,
884 2671 929 2706 ad

154 2717 355 2764 capiendas
375 2718 537 2761 animas,
559 2717 606 2754 ad
629 2717 743 2753 vitam
764 2721 926 2754 vocaret.

152 2765 234 2801 Non
249 2776 271 2801 a
289 2775 390 2809 casu,
403 2765 460 2801 vel
479 2764 585 2811 quasi
605 2764 788 2810 ignotum,
801 2764 866 2800 sed
886 2775 929 2800 ex

152 2821 221 2848 sua
241 2811 570 2858 praeordinatione,
591 2815 628 2848 et
653 2822 697 2848 ex
722 2811 928 2847 intentione

1006 276 1206 323 quaesitum
1222 274 1364 312 invenit
1379 277 1528 319 eum‚ut
1543 284 1628 311 eum
1642 273 1784 310 illumi·

1007 327 1126 368 naret,
1146 327 1182 360 et
1210 324 1257 359 ad
1280 323 1393 359 fidem
1412 324 1581 365 vocaret;
1603 321 1703 358 unde
1723 331 1785 358 se·

1007 370 1132 416 quitur
1146 373 1214 407 :Et
1236 371 1327 405 dicit
1347 372 1379 405 ei
1397 372 1523 405 Jesus:
1540 370 1694 413 Sequere
1713 378 1780 413 me,

1006 419 1076 453 hoc
1102 421 1158 453 est
1178 417 1387 453 doctrinam
1412 420 1448 452 et
1469 416 1678 461 exemplum
1698 413 1782 451 imi-

1007 467 1151 508 tare,ut
1170 464 1259 499 dicit
1278 465 1470 500 Alcuinus.
1493 463 1667 509 Sequitur
1684 461 1785 498 enim

1006 521 1091 547 eum
1111 511 1172 556 qui
1192 510 1362 547 imitatur
1379 510 1629 546 humilitatem
1649 514 1686 545 et
1700 518 1784 555 pas-

1006 557 1149 593 sionem
1177 558 1270 603 ejus,
1291 561 1332 593 ut
1352 557 1399 592 sit
1420 557 1542 593 socius
1563 555 1782 592 resurrecti-

1006 604 1088 639 onis
1120 607 1156 639 et
1187 603 1431 640 ascensionis.
1472 604 1556 647 Qui,
1591 603 1783 649 Philippus

1006 650 1159 695 scilicet,
1194 650 1334 694 statim,
1365 650 1444 686 sine
1479 651 1555 686 ulla
1590 649 1781 686 contradi-

1006 696 1142 741 ctione,
1165 696 1260 732 sicut
1281 698 1398 733 bonus
1420 697 1612 741 obediens,
1634 700 1785 733 secutus

1007 749 1063 780 est
1077 754 1175 779 eum.
1194 744 1405 780 Secundum
1421 744 1501 780 haec
1517 742 1784 789 dicta‚primus

1007 790 1176 826 omnium
1191 791 1455 837 Apostolorum
1473 790 1665 836 Philippus
1679 789 1783 826 vide-

1006 842 1066 873 tur
1080 848 1161 874 esse
1177 842 1345 874 vocatus.
1359 838 1402 873 Hi
1423 841 1583 883 quatuor
1598 835 1783 883 praedicti‚

1007 885 1146 921 scilicet
1168 896 1176 920 :
1199 886 1380 928 Andreas,
1403 888 1439 920 et
1465 885 1560 920 alter
1587 884 1690 929 quus
1715 894 1783 920 no-

1006 943 1093 968 men
1114 935 1272 976 tacetur,
1291 943 1333 968 ac
1363 933 1496 968 Petrus
1517 934 1553 967 et
1577 931 1782 977 Philippus,

1006 980 1156 1015 fuerunt
1169 979 1339 1025 discipuli
1351 978 1526 1022 Joannis;
1540 978 1603 1024 qui
1617 978 1786 1014 videntes

1008 1026 1109 1071 quod
1136 1028 1301 1063 Joannes
1332 1027 1377 1062 de
1406 1028 1496 1062 Jesu
1527 1024 1785 1062 testimonium

1008 1073 1176 1117 dederat,
1192 1073 1384 1119 conjuncti
1406 1077 1492 1109 sunt
1512 1072 1558 1109 ei.

1055 1136 1075 1167 9
1093 1121 1282 1156 Pffluppus
1295 1121 1323 1156 N
1327 1132 1514 1156 ATHANAEL
1524 1131 1665 1156 mvnAr
1674 1130 1720 1156 An
1731 1131 1783 1155 vi·

1006 1168 1399 1204 omnumcfm1smn.—
1411 1167 1604 1213 Philippus
1621 1170 1748 1203 autem
1763 1176 1786 1202 a

1008 1213 1155 1249 Christo
1171 1213 1388 1258 instructus,
1398 1214 1464 1249 ivit
1478 1215 1525 1250 ad
1537 1214 1784 1259 quaerendum

1007 1261 1290 1305 Nathanaelem,
1313 1261 1467 1297 fratrem
1489 1271 1612 1304 suum,
1636 1260 1783 1297 deside-

1006 1319 1094 1344 rans
1109 1319 1194 1344 eum
1208 1309 1348 1344 habere
1367 1308 1520 1343 fratrem
1532 1307 1571 1343 in
1589 1306 1784 1352 fide,sicut

1007 1355 1046 1390 in
1062 1365 1187 1398 carne,
1203 1359 1238 1391 et
1257 1354 1399 1390 invenit
1416 1365 1500 1390 eum
1517 1356 1585 1391 sub
1602 1355 1690 1399 ficu,
1706 1364 1783 1390 non

1009 1413 1110 1445 casu,
1121 1402 1186 1437 sed
1205 1401 1406 1449 diligenter
1423 1401 1635 1448 quaesitum;
1647 1402 1786 1437 invenit

1009 1449 1122 1494 igitur
1135 1450 1330 1495 Philippus
1345 1451 1553 1487 Nathanaet
1567 1453 1600 1484 et
1614 1449 1716 1484 dixit
1725 1449 1758 1484 ei
1774 1460 1785 1482 ε

1009 1497 1118 1539 Quem
1136 1498 1285 1542 scripsit
1304 1498 1444 1540 Moyses
1463 1498 1502 1531 in
1524 1498 1626 1540 Le9e‚
1648 1499 1681 1531 et
1699 1497 1786 1531 Pro-

1006 1545 1123 1589 phetae
1157 1545 1436 1585 nuntiaverunt,
1470 1546 1687 1584 invenimus,
1721 1542 1786 1578 diu

1010 1592 1420 1636 exspectatum,Jesum.
1431 1590 1562 1626 salutis
1578 1594 1784 1633 auctorem,

1009 1638 1127 1682 filium
1158 1639 1301 1683 Joseph,
1338 1637 1478 1673 scilicet
1509 1637 1732 1683 putativum,
1763 1647 1786 1671 a

1008 1685 1206 1725 Nazareth,
1227 1684 1316 1730 quia
1342 1683 1394 1719 ibi
1422 1689 1622 1730 conceptus
1650 1689 1686 1719 et
1712 1693 1785 1719 nu-

1009 1731 1121 1767 tritus
1139 1734 1232 1774 erat,
1249 1735 1285 1767 et
1304 1731 1390 1777 quia
1409 1732 1455 1767 de
1475 1742 1519 1767 eo
1538 1742 1605 1777 per
1623 1731 1790 1777 Prophe·

1009 1781 1066 1813 tas
1088 1777 1258 1814 audierat
1279 1790 1287 1814 ε
1310 1779 1486 1821 Quoniam
1507 1780 1705 1815 Nazaraeus
1725 1788 1787 1814 υο-

1011 1826 1166 1860 cabitur.
1185 1825 1378 1872 Philippus
1394 1826 1598 1861 secundum
1615 1835 1786 1861 commu-

1011 1882 1097 1908 nem
1119 1873 1273 1908 modum
1293 1873 1485 1918 loquendi,
1505 1872 1684 1918 loquitur,
1699 1871 1787 1918 quia

1011 1919 1110 1955 filius
1135 1920 1294 1965 Joseph,
1317 1919 1375 1955 cui
1409 1920 1638 1966 desponsata
1667 1921 1788 1955 mater

1011 1966 1090 2011 ejus
1111 1970 1204 2009 erat,
1227 1967 1440 2013 putabatur.
1463 1968 1506 2002 Et
1531 1967 1688 2002 miratus
1714 1966 1785 2002 Na-

1010 2014 1160 2049 thanael
1172 2014 1270 2060 quod
1283 2014 1328 2050 de
1338 2013 1504 2057 Galilaea,
1516 2025 1592 2050 non
1601 2014 1647 2050 de
1655 2012 1788 2050 Judaea

1009 2065 1179 2107 surgeret
1207 2062 1408 2107 Propheta,
1430 2065 1465 2097 et
1492 2061 1580 2108 quia
1600 2061 1787 2107 scriptura

1010 2107 1162 2143 Micheae
1171 2107 1313 2144 dixerat
1322 2108 1509 2145 Christum
1519 2108 1556 2143 in
1565 2108 1785 2144 Bethlehem

1008 2154 1255 2199 nasciturum,
1286 2155 1458 2201 negative
1493 2159 1530 2191 et
1564 2153 1783 2199 dubitative,

1009 2202 1215 2238 secundum
1236 2203 1538 2247 chrysostomum,
1558 2202 1610 2238 ait
1629 2213 1636 2237 :
1659 2202 1694 2238 Α
1713 2203 1783 2239 Να·

1007 2251 1133 2285 zareth
1154 2253 1271 2295 potest
1288 2250 1434 2295 aliquid
1452 2250 1534 2285 boni
1553 2251 1651 2285 esse?
1671 2248 1784 2292 Quasi

1009 2296 1149 2333 diceret
1171 2308 1179 2332 ε
1202 2298 1294 2332 Non.
1329 2297 1409 2341 Vel,
1432 2296 1519 2342 quia
1551 2296 1642 2339 iste,
1677 2294 1790 2341 Legis

1006 2343 1167 2390 peritus,
1194 2344 1337 2390 legerat
1370 2343 1409 2379 in
1448 2345 1637 2397 Propheta
1671 2342 1745 2379 alio
1775 2353 1784 2395 ξ

1006 2393 1207 2428 Nazaraeus
1226 2391 1428 2433 vocabitur,
1444 2395 1479 2427 et
1507 2401 1616 2437 Signa
1638 2389 1785 2426 Domini

1007 2438 1188 2474 adventus
1229 2438 1324 2474 forte
1370 2442 1589 2482 notaverat3
1631 2436 1785 2484 quando

1006 2484 1120 2531 igitur
1140 2484 1283 2521 audivit
1302 2496 1324 2521 a
1344 2487 1541 2530 Nazareth,
1557 2484 1684 2521 statim
1705 2494 1787 2521 ere·

1004 2537 1085 2568 ctus
1102 2532 1141 2567 in
1161 2543 1226 2578 spe
1244 2532 1368 2569 dicere
1390 2533 1551 2574 volebat,
1575 2531 1785 2568 secundum

1004 2580 1266 2624 Au9ustinum,
1286 2579 1511 2616 affirmative
1530 2582 1566 2615 et
1585 2577 1782 2621 assertive,

1006 2637 1106 2662 nunc
1117 2627 1267 2662 tandem
1280 2637 1301 2662 a
1313 2628 1495 2663 Nazareth
1506 2630 1630 2673 potest
1639 2624 1786 2671 aliquid.

1005 2673 1092 2709 boni
1110 2684 1205 2710 esse.
1225 2675 1270 2709 Et
1287 2674 1375 2719 quia
1392 2673 1584 2720 Philippus
1606 2684 1679 2709 non
1699 2674 1782 2708 erat

1004 2719 1057 2755 ita
1083 2721 1246 2766 perfecte
1286 2720 1504 2762 instructus,
1549 2720 1634 2756 ideo
1678 2717 1782 2755 duxit

1005 2777 1091 2802 eum
1114 2767 1162 2803 ad
1180 2769 1323 2812 Jesum,
1337 2771 1375 2804 ut
1395 2769 1441 2804 ab
1463 2767 1525 2803 illo
1546 2766 1695 2813 plenius
1713 2775 1779 2802 au-

1003 2813 1121 2858 diret;
1149 2818 1303 2861 propter
1328 2815 1428 2861 quod
1454 2814 1625 2861 sequitur
1650 2824 1658 2849 z
1679 2812 1779 2849 Dicit.
