1902 3126
153 132 216 167 156
630 129 778 164 PRIMAE
813 130 972 165 PARTIS

161 199 374 240 cessibilem,
396 197 641 242 illuminatus,
663 203 703 235 ut
725 200 768 235 de
789 201 935 242 lumine,

160 247 205 283 de
225 256 270 282 ea
290 245 372 281 luce
395 256 483 280 vera
506 248 542 281 et
568 246 652 282 Sole
674 247 839 292 justitiae,
865 247 936 283 sci-

158 292 247 329 licet
260 293 398 335 Verbo,
413 302 495 337 quae
510 296 566 328 est
578 293 785 330 substantia
800 294 935 339 Patris,

158 339 295 384 luxque
313 338 351 374 in
369 349 442 384 qua
455 340 622 376 tenebrae
637 351 711 376 non
731 345 816 377 sunt
836 341 935 384 ullce,

159 388 405 423 testimonium
430 387 644 431 perhiberet.
667 389 833 424 Joannes
857 388 938 433 qui-

159 432 246 469 dem
277 435 313 468 et
338 432 461 468 Sancti
491 443 567 468 non
597 437 683 470 sunt
707 434 766 470 lux
799 433 938 469 illumi-

158 489 256 515 nans
288 478 470 523 effective,
504 480 568 515 sed
599 480 656 516 lux
685 480 894 517 illuminata
917 491 939 516 a

159 526 244 562 luce
266 526 400 572 prima.
428 528 490 561 Est
516 526 616 562 enim
637 528 697 563 lux
722 527 940 563 illuminans

163 572 349 616 effective,
379 583 460 618 quae
481 576 537 608 est
555 573 615 608 lux
637 585 702 620 per
723 573 939 617 essentiam,

162 622 200 656 et
219 618 272 655 sic
294 620 395 655 solus
420 621 516 655 Deus
541 624 595 655 est
619 620 680 656 lux
703 620 938 663 illuminans,

162 669 200 702 et
219 669 276 702 est
295 666 355 702 lux
369 666 584 702 illuminans
605 667 835 713 dispositive,
859 677 941 712 quae

162 715 220 749 est
258 712 319 748 lux
359 723 425 758 per
460 713 798 758 participationem,
827 716 863 749 et
890 713 942 748 sic

163 759 291 797 Sancti
313 763 394 794 sunt
417 760 489 803 lux,
508 759 568 805 qui
588 760 803 796 illuminant
825 761 941 795 verbo

162 809 200 843 et
225 806 407 851 exemplo.
436 808 519 850 Ipsa
544 810 669 842 autem
695 807 771 850 lux,
796 807 841 842 de
868 816 942 851 qua

162 853 417 889 testimonium
433 853 668 897 perhibebat,
681 857 758 888 erat
773 854 819 888 ab
837 856 943 888 aeter—

161 910 212 936 110
228 901 293 935 tua:
310 910 395 934 vera
410 900 489 934 sine
504 899 679 943 salsitate,
699 899 777 935 sine
794 900 941 943 umbra,

163 949 201 982 et
221 946 301 981 sine
322 945 622 991 participatione,
645 946 710 981 sed
732 956 798 991 per
819 957 944 982 essen-

162 992 276 1035 tiam;
306 1003 384 1036 qua?
415 993 602 1027 illuminat
636 992 778 1028 lumine
811 992 942 1038 gratIae

167 1049 304 1075 omnem
336 1040 512 1073 hominem
549 1041 746 1074 venientem
780 1041 818 1074 in
851 1041 944 1075 hunc

165 1086 341 1121 mundum
380 1086 633 1129 tenebrosum,
666 1089 702 1121 et
742 1086 945 1131 quemlibet

165 1142 254 1168 vere
275 1131 586 1175 illuminandum3
610 1132 712 1178 quia,
740 1133 944 1169 secundum

164 1178 427 1223 Auqustz'num,
461 1179 584 1214 nullus
616 1183 670 1214 est
700 1180 745 1215 de
771 1180 944 1215 omnibus

165 1225 229 1271 qui
262 1225 535 1269 illuminantur,
564 1226 626 1271 qui
656 1237 731 1262 non
758 1227 944 1273 perhanc

165 1271 289 1308 lucem
331 1271 574 1307 illuminetur.
616 1273 696 1318 Vel,
740 1273 944 1309 secundum

168 1319 472 1363 chrysostomum,
496 1318 683 1355 illuminat
703 1330 852 1355 omnem
876 1320 944 1355 ho-

167 1364 322 1409 minem,
361 1369 543 1410 quantum
577 1367 613 1401 in
647 1377 686 1402 se
723 1370 789 1411 est,
828 1370 864 1402 et
897 1366 944 1402 ad

168 1422 255 1448 eum
285 1412 449 1457 pertinet
489 1423 497 1447 ε
531 1413 619 1458 quia
652 1413 682 1448 si
719 1414 834 1459 aliqui
867 1423 945 1448 non

168 1461 257 1495 sunt
274 1458 486 1502 illuminati,
512 1460 582 1494 hoc
603 1460 686 1496 ideo
707 1465 776 1504 est,
799 1459 887 1505 quia
906 1470 946 1495 se

167 1505 392 1541 subtrahunt
416 1505 621 1541 influentiae
649 1507 758 1552 hujus
780 1507 885 1542 lucis.
909 1506 946 1542 Si

167 1551 268 1588 enim
310 1552 476 1597 quidam,
524 1553 661 1588 mentis
703 1564 779 1589 suae
818 1553 946 1589 oculos

167 1598 399 1640 claudentes,
443 1599 573 1634 nolunt
614 1600 802 1645 suscipere
853 1599 946 1635 lucis

167 1645 282 1691 hujus
302 1645 442 1688 radios,
464 1657 539 1681 non
566 1657 588 1681 a
610 1646 701 1682 lucis
724 1649 856 1682 natura
879 1647 946 1682 ob-

167 1692 378 1728 tenebratio
421 1696 477 1727 est
518 1692 613 1736 illis;
652 1693 717 1728 sed
751 1704 773 1729 a
806 1692 948 1728 malitia

170 1748 315 1782 eorum,
332 1738 396 1784 qui
411 1740 498 1774 huic
515 1739 781 1775 illuminationi
803 1740 947 1776 obicem

197 1789 326 1829 onunt,
358 1788 394 1821 et
417 1797 438 1820 a
463 1786 544 1821 luce
569 1797 607 1822 se
634 1790 859 1830 avertentes,
885 1797 947 1822 vo-

185 1832 332 1868 untarie
353 1832 496 1878 seipsos
519 1833 649 1876 gratiae
670 1834 767 1869 dono
784 1833 944 1879 privant.

169 1879 215 1915 Et
241 1878 326 1915 ideo
354 1879 617 1915 inexcusabilis
643 1884 699 1915 est
725 1881 853 1923 homo,
886 1879 948 1925 qui

171 1935 212 1962 se
231 1926 279 1961 ad
298 1926 419 1961 lucem
444 1929 480 1961 et
507 1927 553 1961 ad
580 1927 740 1972 gratiam
766 1926 949 1973 recipien-

170 1972 258 2008 dam
278 1983 353 2008 non
374 1976 574 2018 praeparat.

219 2022 240 2054 5
262 2020 344 2055 SOL}
369 2021 489 2055 Vnnno
509 2022 573 2055 nm
594 2032 660 2055 noc
680 2032 800 2056 NOMEN
820 2032 952 2056 convn-

168 2077 242 2102 Nrr.
278 2086 324 2091 —
360 2068 404 2101 Et
439 2066 589 2111 quidem
622 2068 799 2112 Verbum,
828 2072 864 2104 et
892 2068 951 2103 lux

167 2112 247 2156 illa,
271 2111 310 2147 id
337 2116 406 2156 est,
430 2113 620 2159 Sapientia
642 2114 721 2158 Dei,
750 2125 817 2160 per
841 2125 952 2160 quam

171 2158 292 2194 factus
314 2163 369 2194 est
388 2161 565 2204 mundus,
584 2160 621 2196 id
641 2165 710 2205 est,
729 2161 953 2197 universitas

173 2215 314 2249 rerum,
338 2209 374 2241 et
398 2208 521 2241 omnis
548 2211 733 2252 creatura,
758 2210 797 2243 in
818 2209 952 2244 mundo

174 2256 266 2294 erat,
289 2253 336 2287 ab
356 2252 451 2297 ipso,
475 2253 616 2289 scilicet
634 2254 762 2290 mundi
785 2255 950 2299 exordio,

174 2299 271 2335 sicut
291 2309 404 2334 causa
424 2298 461 2333 in
483 2300 631 2344 effectu,
651 2304 687 2336 et
706 2312 767 2336 ars
786 2301 953 2347 omnipo-

174 2345 289 2381 tentis
306 2345 386 2389 Dei,
405 2356 471 2391 per
486 2356 598 2391 quam
613 2347 739 2383 omnia
753 2349 851 2384 sacta
868 2352 952 2384 sunt

173 2391 213 2429 in
233 2392 345 2435 facto,
368 2393 438 2427 hoc
459 2398 515 2427 est
536 2393 572 2427 in
592 2393 775 2430 universis
801 2398 951 2431 creatu-

170 2439 224 2475 ris
242 2439 404 2483 lucebat,
427 2439 571 2475 ratione
591 2441 740 2476 creandi
762 2444 799 2477 et
819 2443 952 2488 guber-

171 2485 288 2522 nandi
326 2496 402 2522 eas.
443 2487 540 2521 Deus
571 2486 670 2521 enim
698 2490 753 2522 est
784 2498 951 2533 praesens

172 2532 312 2579 ubique
332 2543 400 2578 per
419 2532 639 2579 potentiam,
666 2533 754 2578 quia
779 2535 859 2579 ejus
876 2535 950 2580 vir·-

172 2582 236 2616 tus
270 2580 319 2616 ad
344 2580 471 2616 omnia
500 2590 539 2615 se
570 2580 750 2624 extendit,
776 2582 869 2617 sicut
896 2586 951 2617 est

174 2627 252 2663 Rex
289 2627 328 2662 in
361 2630 438 2662 toto
464 2637 600 2672 regno;
629 2629 666 2662 et
690 2637 757 2672 per
787 2638 949 2673 praesen-

174 2672 281 2718 tiam,
303 2673 391 2720 quia
408 2676 529 2709 omnia
547 2674 647 2708 nuda
667 2677 699 2709 et
721 2678 848 2720 aperta
867 2678 951 2710 sunt

176 2722 291 2758 oculis
308 2722 399 2766 ejus,
418 2720 512 2757 sicut
533 2725 590 2758 est
606 2722 682 2757 Rex
701 2720 741 2757 in
761 2721 848 2758 aula
867 2732 949 2765 sua,

1009 130 1146 165 CAPUT
1183 129 1302 164 XVIII

1012 200 1100 247 quia
1119 199 1245 236 omnia
1265 209 1347 245 quae
1368 200 1455 234 sunt
1473 197 1538 243 ibi,
1557 201 1686 244 patent
1704 199 1786 245 ers

1011 247 1199 294 aspectui3
1221 249 1259 282 et
1281 256 1349 292 per
1368 245 1582 289 essentiam,
1603 244 1690 290 quia
1708 255 1786 281 non

1012 296 1132 331 solum
1152 294 1216 330 dat
1235 294 1347 330 rebus
1368 303 1463 336 esse,
1485 292 1550 328 sed
1570 293 1683 328 rebus
1702 302 1783 328 cre·
1812 311 1817 317 -

1012 341 1082 378 atis
1102 341 1318 384 inexistens,
1335 342 1534 376 conservat
1548 349 1611 375 eas
1627 338 1666 374 in
1681 348 1783 382 esse;

1013 388 1112 434 quod
1133 398 1208 423 non
1230 387 1318 423 facit
1342 386 1412 422 nisi
1436 397 1503 432 per
1523 385 1687 432 seipsum
1703 383 1786 421 ubi-

1014 445 1099 480 que,
1117 445 1181 480 per
1198 433 1397 470 essentiam
1411 432 1697 479 praesentialiter
1716 430 1790 467 exi-

1014 484 1188 524 stentem,
1220 482 1315 516 sicut
1348 481 1423 515 Rex
1450 483 1504 515 est
1538 479 1577 514 in
1607 489 1674 515 suo
1706 477 1789 514 loco

1015 527 1278 570 determinato,
1299 526 1356 562 cui
1370 537 1502 572 corpus
1514 536 1622 562 suum
1640 527 1696 561 est
1705 534 1790 571 pro-

1014 573 1281 620 portionatum.
1304 575 1351 608 Et
1378 573 1547 614 mundus,
1572 584 1639 618 per
1669 574 1790 617 ipsum

1015 622 1134 666 sactus
1170 623 1235 659 est,
1274 629 1341 654 sua
1376 618 1562 662 bonitate;
1593 622 1633 654 ut
1667 620 1792 654 essent

1017 666 1151 712 quibus
1183 676 1289 701 suam
1315 665 1474 711 gratiam
1501 664 1730 711 impertiret3
1758 667 1792 700 et

1016 713 1186 756 mundu3‚
1209 712 1247 747 id
1267 716 1323 748 est
1345 712 1457 747 homo
1479 711 1661 747 mundum
1680 710 1790 746 inha-

1016 760 1155 803 bitans,
1176 770 1255 794 eum
1275 770 1346 794 non
1364 760 1547 802 coqnovit‚·
1569 761 1606 794 et
1624 757 1709 793 ideo
1729 766 1793 793 ne-

1017 806 1221 842 cessarium
1240 809 1319 842 erat
1338 805 1437 851 quod
1457 805 1536 851 ipse
1553 806 1708 841 Creator
1724 814 1794 850 per

1018 863 1168 889 carnem
1198 853 1239 888 in
1270 852 1450 888 mundum
1476 851 1636 896 veniret,
1658 855 1699 887 ut
1723 860 1792 896 per

1018 900 1181 946 seipsum
1201 902 1501 945 cognosceretur.
1529 898 1596 934 Vel
1617 897 1793 941 mundus,

1017 947 1055 983 id
1086 950 1142 982 est
1168 946 1348 982 mundani
1375 949 1412 981 et
1434 944 1564 981 mundi
1590 947 1792 988 amatores,

1018 1005 1103 1030 eum
1126 1004 1201 1029 non
1225 995 1501 1039 cognoverunt3
1527 991 1614 1036 quia
1634 990 1793 1027 munda-

1018 1051 1075 1076 nae
1104 1040 1370 1086 impressiones
1390 1039 1428 1074 in
1449 1038 1622 1074 cordibus
1647 1036 1793 1081 talium,

1018 1087 1226 1132 impediunt
1261 1097 1283 1122 a
1318 1085 1530 1131 cognitione
1568 1084 1792 1120 divinorum.

1019 1134 1086 1177 Qui
1101 1137 1226 1169 autem
1240 1132 1304 1169 Dei
1319 1132 1430 1168 amici
1444 1135 1566 1175 erant,
1579 1142 1665 1167 eum
1680 1130 1794 1167 etiam

1019 1184 1107 1216 ante
1131 1180 1363 1225 corporalem
1392 1178 1628 1224 praesentiam
1651 1187 1794 1223 cogno-

1018 1231 1165 1263 verunt.
1184 1228 1227 1262 Et
1244 1226 1343 1270 ideo,
1360 1225 1446 1261 licet
1459 1226 1623 1261 Verbum
1641 1226 1740 1260 esset
1755 1223 1795 1259 in

1019 1274 1173 1317 mundo,
1207 1273 1302 1309 sicut
1329 1274 1426 1308 Deus
1451 1270 1717 1308 universaliter
1743 1272 1797 1306 est

1020 1321 1057 1356 in
1076 1321 1188 1356 rebus
1208 1319 1362 1363 creatis3
1384 1320 1455 1355 hoe
1474 1322 1600 1354 tamen
1621 1328 1698 1353 non
1717 1316 1794 1352 suf-

1020 1367 1120 1411 fecit,
1141 1370 1182 1402 ut
1202 1367 1375 1414 cognosci
1395 1368 1522 1412 posset
1544 1376 1567 1401 a
1585 1363 1740 1401 rudibus
1759 1366 1797 1400 et

1019 1413 1234 1450 mundanis.

1066 1465 1087 1504 4
1112 1462 1287 1504 Quonono
1312 1471 1349 1496 nv
1375 1470 1525 1495 PROPRIA
1550 1456 1726 1494 vennam?
1751 1475 1797 1483 -

1021 1509 1268 1554 Quapropter,
1289 1510 1330 1542 ut
1357 1507 1403 1542 ad
1425 1516 1578 1542 sensum
1603 1506 1650 1541 ab
1672 1503 1796 1540 omni-

1020 1556 1088 1590 bus
1115 1553 1233 1590 videri
1260 1557 1400 1599 posset,
1426 1563 1576 1589 carnem
1602 1550 1736 1595 induit,
1761 1553 1799 1586 et

1021 1602 1072 1636 sic
1092 1611 1158 1647 per
1175 1600 1487 1642 Incarnationem,
1511 1609 1576 1635 seu
1599 1598 1722 1634 carnis
1741 1607 1799 1633 as-

1022 1647 1286 1693 sumptionem,
1301 1649 1340 1682 in
1355 1648 1508 1692 propria
1524 1647 1635 1686 venit,
1655 1643 1798 1680 scilicet

1023 1695 1060 1729 in
1092 1694 1284 1738 mundum,
1318 1695 1382 1739 qui
1411 1703 1499 1728 suus
1525 1691 1699 1738 proprius
1725 1693 1796 1735 est,

1023 1740 1117 1776 sicut
1140 1744 1311 1776 creatura
1337 1751 1418 1784 sua,
1452 1750 1563 1785 quam
1587 1739 1668 1784 ipse
1699 1737 1797 1790 sece-

1022 1791 1094 1831 rat,
1115 1798 1178 1833 per
1199 1798 1302 1832 quem
1321 1789 1424 1830 faeta
1443 1790 1527 1822 sunt
1546 1788 1686 1828 omnz'a3
1709 1794 1798 1830 qula

1022 1834 1058 1870 in
1080 1835 1218 1870 mundo
1239 1833 1410 1880 apparuit
1428 1843 1493 1879 per
1509 1831 1798 1876 humanitatem,

1025 1891 1135 1927 quem
1150 1881 1290 1917 fecerat
1305 1891 1372 1926 per
1388 1879 1634 1916 divinitatem.
1655 1877 1800 1924 Et'spe-

1025 1928 1169 1963 cialiter
1194 1927 1295 1963 venit
1321 1927 1357 1962 in
1387 1927 1571 1969 Judaeam,
1597 1936 1679 1971 quae
1699 1924 1800 1960 dice-

1026 1975 1135 2010 batur
1171 1977 1274 2010 terra
1308 1973 1388 2018 Dei,
1423 1977 1459 2009 et
1490 1973 1537 2010 ad
1563 1973 1725 2016 Judaeos,
1754 1971 1801 2007 de

1026 2021 1161 2067 quibus
1178 2021 1359 2057 oriundus
1376 2021 1510 2064 fuerat,
1531 2030 1625 2066 quos
1641 2029 1720 2066 prae
1739 2028 1801 2055 ce-

1025 2068 1116 2104 teris
1136 2068 1174 2103 in
1194 2068 1372 2114 populum
1390 2068 1617 2114 peculiarem
1638 2065 1708 2102 sibi
1729 2065 1802 2102 ele-
1828 2085 1831 2088 Δ

1027 2118 1153 2160 gerat;
1177 2114 1264 2160 quia
1283 2125 1400 2150 semen
1420 2115 1579 2150 Abrahae
1599 2113 1800 2159 apprehen-

1027 2163 1094 2203 dit,
1128 2162 1216 2197 duni
1240 2161 1351 2197 exivit
1376 2172 1398 2196 a
1425 2165 1544 2207 patre,
1571 2162 1608 2196 et
1633 2158 1736 2195 venit
1762 2157 1801 2194 in

1027 2208 1222 2252 mundum,
1242 2218 1392 2251 carnem
1407 2217 1616 2244 assumens.
1640 2208 1680 2241 In
1698 2215 1803 2242 mun-

1027 2256 1073 2291 do
1089 2258 1169 2291 erat
1185 2265 1253 2300 per
1269 2254 1465 2298 deitatem,
1482 2255 1548 2299 sed
1564 2253 1602 2289 in
1620 2252 1803 2304 mundum

1026 2302 1141 2346 venit,
1162 2312 1230 2348 per
1243 2301 1526 2338 humanitatem.
1546 2299 1682 2337 Venire
1699 2308 1803 2345 qulp-

1026 2359 1072 2395 pe
1104 2349 1162 2384 vel
1195 2348 1311 2393 abire,
1348 2352 1404 2384 est
1440 2347 1702 2390 humanitatis;
1736 2345 1802 2382 sed

1026 2406 1192 2438 manere,
1227 2395 1390 2431 deitatis.
1417 2395 1521 2430 Unde
1554 2404 1684 2431 sensus
1711 2394 1801 2428 est:

1026 2443 1143 2487 venit,
1175 2442 1213 2478 id
1246 2446 1302 2478 est
1330 2442 1527 2478 visibiliter
1551 2439 1738 2487 apparuit,
1765 2441 1803 2474 et

1027 2489 1127 2525 venit
1160 2500 1237 2524 non
1271 2493 1426 2535 propter
1466 2500 1518 2533 se,
1551 2489 1616 2524 sed
1649 2488 1803 2538 propter

1028 2546 1116 2580 nos3
1133 2539 1170 2571 et
1189 2537 1259 2572 hoc
1273 2538 1370 2572 bene
1396 2537 1516 2572 innuit
1535 2533 1775 2579 Evangellsta
1791 2542 1800 2566 ε

1028 2583 1116 2628 quia
1141 2583 1241 2618 enim
1268 2594 1344 2619 non
1369 2582 1618 2629 cognoscebat
1643 2578 1805 2631 mundus

1028 2629 1297 2666 sublimitatem
1335 2628 1538 2665 divinitatis
1567 2625 1740 2673 apparuit
1764 2635 1804 2660 1n

1028 2675 1240 2712 humilitate
1270 2675 1528 2712 humanitatis.
1554 2676 1601 2710 Et
1625 2674 1683 2709 sui
1709 2682 1801 2712 eum,

1028 2733 1095 2768 per
1120 2723 1234 2759 fidem
1253 2726 1291 2760 et
1315 2721 1638 2770 approbationem,
1656 2729 1728 2756 non
1743 2727 1803 2755 re-
