1902 3126
149 210 203 244 132
655 202 800 237 PRIMAE
836 204 989 239 PARTIS
1028 202 1165 236 CAPUT
1202 202 1261 234 XV

145 276 346 314 dilectione
381 285 493 321 quam
528 274 691 311 habebat
713 274 760 310 ad
788 275 922 311 Filium

147 334 258 370 quem
289 323 341 359 sie
371 322 575 368 qurerebat,
598 321 650 357 sic
677 322 858 367 arguebat
877 322 922 357 il-

147 372 239 415 lum,
256 370 344 416 quia
363 380 469 405 amor
491 368 674 405 excellens
700 368 820 405 nescit
841 380 922 405 nio-

147 419 249 455 dum.
273 417 454 463 Loquitur
479 427 568 462 ergo
592 417 684 462 ipsa,
707 418 744 452 et
766 427 842 452 non
860 418 922 452 Jo-

147 466 258 511 seph:
277 464 364 509 quia
384 463 496 499 etiam
520 463 559 499 in
585 473 629 499 ea
654 463 723 498 fuit
735 463 922 509 majordo-

147 512 238 549 loris
258 512 426 548 affectus.
452 510 555 546 Unde
583 511 794 555 Greqorius:
826 511 924 546 ¹‹Ma-

146 559 217 603 ria,
232 558 413 595 maternis
434 558 569 594 affecta
584 557 803 601 visceribus,
817 557 923 603 quasi

145 617 230 643 cum
258 605 431 642 lamentis
460 604 740 651 inquisitionem
773 605 922 640 doloro-

145 664 226 690 sam
254 653 430 697 ostendit,
458 655 495 688 et
526 652 652 688 omnia
678 653 771 688 sicut
804 654 924 687 mater

144 700 370 737 fiducialiter
391 703 426 736 et
446 699 650 743 humiliter,
664 703 700 735 et
720 699 923 734 affectuose

145 747 318 794 exprimit
339 747 489 783 dicens:
510 746 589 790 Fili,
609 745 696 792 quid
719 745 837 781 fecisti
855 756 922 780 no-

145 794 203 832 bis
225 795 305 830 sio?
326 809 343 826 »
363 794 466 829 Unde
486 797 521 829 et
538 794 732 828 Anselmus
756 806 766 827 .·
790 806 806 826 «
827 792 923 835 Quid

144 842 176 878 si
197 842 407 878 duodenem
426 851 493 887 per
516 839 675 876 triduum
698 850 781 875 cum
803 839 922 876 Matre

145 888 369 935 quaesieris?
393 888 419 924 O
442 890 583 933 quanta
603 887 708 932 copia
732 888 848 921 fluent
868 886 922 921 la-

145 946 295 982 crymae,
325 945 409 971 cum
445 933 607 970 audieris
640 935 796 969 Matrem
825 932 922 968 dulci

146 983 307 1029 quadam
344 980 599 1027 increpatione
632 980 765 1016 Filium
791 980 922 1016 verbe-

145 1034 291 1066 rantem
312 1033 347 1065 et
365 1029 550 1064 dicentem
573 1039 580 1062 :
598 1027 678 1070 Fili,
697 1027 784 1072 quid
804 1026 924 1063 fecisti

144 1077 255 1113 nobis
273 1076 351 1111 sic?
372 1089 387 1107 »
406 1075 470 1110 Vel
490 1078 617 1120 posset
637 1073 709 1110 dici
730 1074 827 1119 quod
848 1084 924 1110 non

143 1123 213 1159 fuit
245 1122 468 1168 increpatio,
494 1122 560 1156 sed
592 1121 655 1167 pia
680 1121 726 1157 de
751 1122 832 1167 ejus
858 1122 924 1157 ab·

143 1169 266 1209 sentia
290 1168 522 1214 conquestio.

196 1231 237 1253 io
285 1218 509 1259 Mommffii,
537 1227 654 1251 DOLOR
691 1227 809 1251 ANIMAE
848 1227 926 1255 ΟΠΞ

145 1265 325 1301 Cumsrmi
345 1274 528 1305 rssiin1mr3
544 1276 585 1298 ET
598 1275 712 1298 monus
728 1275 798 1303 Quo
813 1274 924 1298 DEBET

144 1324 213 1348 EUM
235 1323 417 1351 QUAERERE.
439 1330 484 1336 -—
507 1310 638 1346 Subdit
659 1313 784 1346 autem
806 1322 814 1345 :
837 1312 926 1345 Ecce

141 1363 249 1405 pater
279 1362 376 1399 tuus,
415 1357 557 1393 scilicet
590 1357 779 1401 nutritius,
804 1360 836 1392 et
866 1368 926 1401 eqo

144 1407 315 1446 dolentes,
345 1404 485 1440 scilieet
507 1405 553 1440 de
576 1404 779 1440 amissione
805 1407 870 1440 tua
891 1407 927 1439 et

145 1453 332 1495 absentia3
356 1452 602 1497 quaerebamus
628 1455 672 1492 te,
705 1452 809 1498 cujus
832 1462 926 1497 prae-

144 1500 265 1536 sentia
294 1503 349 1535 est
385 1498 493 1535 nobis
522 1498 749 1534 dulcissima.
774 1500 814 1533 In
853 1509 925 1544 quo

144 1547 339 1583 moraliter
356 1545 590 1590 instruimur,
607 1546 708 1591 quod
720 1545 847 1581 dolere
865 1545 927 1580 de-

143 1595 290 1638 bemus,
323 1604 405 1629 cum
444 1595 585 1637 Jesum,
612 1593 650 1628 id
677 1596 731 1628 est
768 1593 926 1628 salutem

146 1646 342 1685 aeternam,
358 1640 564 1676 amittimus
579 1652 587 1683 ;
602 1640 701 1685 quod
721 1650 788 1685 per
799 1649 926 1686 pecca-

144 1692 224 1725 tum
247 1688 302 1732 fit,
326 1698 409 1723 cum
434 1698 644 1734 peccamus.
667 1689 710 1722 Et
730 1690 817 1722 tuuc
841 1696 926 1722 eum

147 1746 359 1782 quaeramus
380 1746 447 1781 per
480 1734 645 1770 triduum
677 1733 924 1780 poenitentiae,

145 1783 286 1820 scilicet
306 1793 373 1828 per
393 1781 656 1817 contritionem
677 1792 760 1817 cum
781 1781 924 1824 dolore,

145 1841 213 1877 per
231 1829 502 1866 confessionem
520 1839 602 1864 cum
616 1828 772 1874 pudore,
784 1839 851 1874 per
866 1839 925 1864 sa-

145 1877 398 1913 tisfactionem
414 1887 496 1912 cuin
513 1876 655 1919 labore,
669 1879 704 1911 et
720 1875 926 1911 reinvenie-

145 1935 228 1961 mus
250 1935 347 1961 eum.
372 1923 444 1959 Sed
464 1923 559 1959 heu!
580 1922 684 1959 multi
700 1923 783 1968 plus
797 1922 926 1958 dolent

146 1972 192 2009 de
227 1970 429 2007 amissione
465 1981 591 2006 rerum
629 1969 923 2014 transeuntium,

146 2029 259 2066 quam
303 2018 348 2054 de
391 2017 749 2053 amissioneaeternze
794 2017 925 2052 salutis

146 2078 223 2103 suae
245 2069 281 2101 et
297 2065 469 2101 aliorum.
490 2065 592 2101 Unde
617 2064 668 2100 ait
686 2065 892 2100 Bernarclus
914 2077 924 2099 :

149 2128 168 2147 «
205 2113 310 2150 Cadit
350 2112 470 2157 asina,
494 2115 530 2148 et
563 2116 618 2148 est
649 2112 711 2158 qui
733 2111 921 2156 sublevet,

146 2159 244 2207 perit
263 2160 401 2201 anima,
425 2164 461 2195 et
488 2170 565 2195 non
591 2162 647 2195 est
680 2159 741 2205 qui
767 2169 924 2195 succur-

147 2207 224 2243 ratl
248 2221 265 2239 »
290 2208 442 2243 Sacrata
462 2207 573 2251 Virgo
596 2210 741 2252 patrem
762 2207 843 2252 ejus
863 2216 926 2252 ap-

147 2254 262 2301 pellat
275 2254 425 2299 Joseph,
440 2256 520 2288 tum
538 2258 691 2299 propter
707 2254 924 2289 Judaeorum

147 2300 413 2347 suspicionem,
428 2304 504 2336 tum
521 2304 675 2346 propter
691 2302 771 2347 ejus
786 2301 925 2337 educa-

146 2350 303 2392 tionem,
325 2351 404 2383 tum
424 2351 578 2393 propter
604 2348 836 2394 genealogiae
866 2359 924 2383 ex-

147 2395 456 2442 plicationem.Et
478 2399 578 2438 nota,
601 2395 699 2440 quod
718 2405 925 2440 numquam

149 2442 308 2489 legimns
337 2442 475 2487 Josoph
505 2442 662 2477 Domino
687 2442 799 2478 fuisse
823 2443 925 2478 locu-

148 2493 243 2534 tum,
265 2489 331 2525 sed
344 2489 415 2524 hoc
435 2488 576 2534 Virgini
592 2488 820 2532 dimittebat;
838 2490 926 2534 quia

151 2537 199 2573 ad
223 2537 358 2582 ipsam,
392 2537 484 2572 sicut
519 2536 567 2572 ad
598 2547 724 2572 veram
753 2538 923 2580 Matrem,

151 2584 271 2630 magis
292 2582 517 2629 pertinebat.
544 2583 773 2626 Quaerendus
795 2586 850 2618 est
863 2585 924 2619 Je-

151 2641 228 2675 sus,
250 2630 438 2666 socialiter
463 2641 546 2666 cum
567 2630 684 2666 Maria
710 2633 746 2665 et
771 2631 924 2675 Joseph,

151 2678 251 2724 quod
289 2681 442 2714 notatur
480 2689 562 2714 cum
604 2677 739 2713 dicitur
767 2688 774 2711 :
814 2678 926 2713 Pater

150 2728 237 2761 tuus
255 2728 291 2761 et
315 2735 396 2770 ego.
419 2725 557 2771 Josepb
579 2724 678 2760 euim
698 2724 924 2770 interpreta-

148 2775 212 2808 tur
237 2776 480 2817 auqmentum,
515 2776 551 2808 et
583 2771 770 2818 significat
812 2781 926 2817 opera

151 2820 266 2865 bona,
293 2830 375 2866 quae
415 2830 563 2866 semper
605 2820 744 2856 debent
781 2818 923 2865 augeri.

999 273 1115 310 Maria
1155 273 1427 319 interpretatur
1470 275 1694 320 illuminata,
1736 280 1773 313 et

999 320 1187 365 significat
1212 321 1326 356 fidem
1349 331 1431 367 quae
1462 324 1518 356 est
1548 320 1773 360 illuminatio

998 367 1151 412 mentis3
1174 367 1442 414 interpretatur
1459 371 1496 404 et
1520 370 1626 404 stella
1645 372 1772 412 maris,

998 418 1036 451 et
1067 414 1253 460 significat
1291 415 1527 459 charitatem,
1561 415 1648 461 quia
1681 417 1776 453 sieut

999 463 1132 498 ceteris
1164 461 1281 498 stellis
1315 462 1583 507 occidentibus,
1605 462 1669 499 illa
1700 474 1776 500 non

999 509 1146 553 occidit,
1167 509 1219 544 sic
1237 509 1371 545 ceteris
1386 509 1586 546 virtutibus
1600 510 1777 546 deficien—

999 555 1113 600 tibus,
1132 555 1197 591 illa
1212 566 1289 591 non
1307 555 1445 593 deficit.
1469 557 1559 593 Cum
1579 557 1644 593 tali
1663 557 1777 603 igitur

999 602 1178 638 societate
1204 604 1312 638 Jesus
1337 606 1392 638 est
1412 604 1651 649 quaerenc1us,
1675 603 1774 640 scili-

999 653 1057 685 cet
1080 661 1087 685 :
1114 660 1197 686 cum
1217 649 1291 685 fide
1309 650 1422 694 bona,
1439 650 1657 695 operatione
1678 650 1778 687 solli-

999 696 1085 740 cita,
1105 700 1142 733 et
1175 696 1355 732 charitate
1384 707 1582 741 succensa;
1611 701 1647 733 et
1687 701 1779 734 tunc

997 743 1235 787 invenietur3
1265 742 1295 778 si
1315 742 1415 779 enim
1441 744 1599 780 alterum
1618 744 1776 781 istorum

999 791 1174 834 defuerit,
1202 790 1363 826 inveniri
1388 801 1464 827 non
1486 790 1636 837 poterit.
1659 793 1777 828 Debet

999 837 1112 874 etiam
1150 840 1258 874 Jesus
1303 837 1419 883 quaeri
1469 838 1775 884 lacrymabiliter,

1000 886 1100 931 quod
1118 889 1269 921 notatur
1290 896 1329 920 ex
1349 896 1394 920 eo
1415 885 1516 930 quod
1536 885 1648 931 Virgo
1671 885 1776 930 dixit,

1000 933 1169 968 dolentes
1191 932 1452 978 quaerebamus
1472 935 1520 969 te.

1052 995 1063 1015 1
1076 995 1087 1015 1
1106 981 1308 1015 Rsssroxsm
1324 980 1467 1016 CHRISTI
1483 991 1610 1020 QUALIS
1621 991 1746 1016 Femur
1757 980 1776 1016 ⁴?

1001 1047 1045 1053 -—
1065 1030 1112 1063 Et
1138 1030 1191 1063 ait
1212 1028 1260 1062 ad
1284 1028 1379 1067 illos,
1409 1038 1485 1063 non
1515 1029 1670 1063 Matrem
1694 1037 1778 1063 exa-

1002 1074 1202 1120 sperando,
1225 1074 1290 1109 sed
1310 1073 1434 1120 potius
1462 1073 1698 1119 instruendo,
1720 1074 1776 1110 di-

1002 1132 1089 1157 cens
1113 1133 1120 1156 ;
1144 1122 1239 1164 Quid
1258 1124 1309 1156 est
1335 1122 1431 1166 quod
1456 1132 1510 1157 me
1536 1121 1778 1167 quaerebatis?

1002 1167 1143 1204 scilicet
1162 1168 1261 1204 inter
1285 1171 1465 1214 cognatos
1490 1172 1527 1205 et
1550 1168 1779 1214 consangui-

1001 1226 1106 1259 neOS,
1129 1226 1212 1251 cum
1233 1214 1355 1261 potius
1382 1216 1568 1252 deberetis
1591 1227 1651 1252 me
1677 1226 1783 1261 quae-

1001 1273 1084 1298 rere
1101 1262 1306 1308 intemplo,
1321 1263 1419 1307 quod
1433 1266 1490 1298 est
1506 1263 1639 1299 domus
1658 1262 1780 1299 Patris

1002 1309 1089 1353 mei,
1113 1312 1148 1344 et
1168 1309 1207 1344 in
1224 1309 1468 1354 occupatione
1488 1309 1587 1345 circa
1604 1310 1779 1356 spiritua-

1002 1356 1064 1392 lia.
1086 1357 1167 1392 Non
1189 1359 1246 1392 est
1264 1367 1333 1392 vox
1357 1355 1602 1402 indignantis,
1630 1357 1696 1393 sed
1714 1357 1781 1394 hu-

1002 1403 1142 1439 militer
1162 1414 1200 1439 se
1221 1403 1432 1439 excusantis
1458 1407 1493 1439 et
1520 1404 1697 1450 mysteria
1715 1404 1780 1440 de-

1001 1450 1177 1496 tegentis.
1192 1452 1272 1486 Non
1297 1451 1397 1486 enim
1415 1451 1594 1487 Dominus
1614 1451 1782 1498 increpat

1002 1502 1038 1533 et
1068 1498 1265 1544 vituperat,
1298 1498 1396 1544 quod
1429 1509 1514 1534 eum
1535 1498 1641 1543 quasi
1662 1498 1781 1535 filium

1002 1549 1196 1591 quaerunt3
1227 1545 1291 1580 sed
1316 1544 1421 1590 quasi
1454 1545 1675 1591 corrigendo
1701 1556 1782 1582 ver-

1002 1592 1091 1628 bum
1128 1592 1270 1636 Matris,
1308 1592 1392 1638 quis
1427 1591 1497 1628 sibi
1532 1603 1641 1629 verus
1669 1594 1780 1629 Pater

1003 1640 1062 1683 sit,
1116 1642 1152 1674 et
1195 1638 1283 1684 quid
1337 1639 1461 1685 potuis
1498 1643 1638 1675 aeterno
1678 1639 1780 1676 Patri

1003 1687 1150 1731 debeat,
1187 1685 1260 1721 illis
1295 1689 1332 1721 et
1356 1686 1465 1722 nobis
1487 1686 1666 1732 insinuat,
1696 1687 1780 1723 sub-

1003 1734 1096 1769 dens
1128 1745 1136 1769 :
1172 1734 1408 1775 Nesciebatz's,
1432 1736 1519 1778 quia
1545 1736 1583 1769 in
1610 1735 1679 1776 his,
1703 1745 1783 1780 quae

1001 1782 1123 1816 Patris
1149 1782 1231 1821 mei,
1261 1780 1402 1816 scilicet
1423 1780 1502 1823 Dei,
1524 1785 1620 1823 sunt,
1643 1785 1781 1827 oportet

1002 1839 1056 1863 me
1076 1838 1161 1868 esse,
1184 1827 1324 1863 scilicet
1346 1827 1385 1863 in
1404 1828 1557 1873 templo,
1581 1827 1619 1863 in
1645 1828 1782 1864 doctri-

1001 1886 1063 1919 na,
1084 1880 1121 1911 et
1147 1875 1185 1910 in
1211 1874 1387 1921 operibus
1408 1875 1544 1920 quibus
1566 1875 1780 1912 manifeste-

1001 1926 1063 1958 tur
1090 1924 1201 1958 Pater
1220 1933 1337 1957 meus.
1362 1921 1473 1966 Quasi
1495 1922 1594 1958 dicat
1614 1935 1621 1958 z
1651 1923 1781 1959 Potius

1002 1970 1120 2005 debeo
1168 1969 1354 2014 respicere
1408 1980 1507 2013 eum,
1548 1970 1653 2016 cujus
1698 1981 1782 2006 sum

1003 2020 1164 2052 [eternus
1206 2016 1320 2052 Filius
1357 2017 1564 2052 secundum
1608 2020 1782 2054 naturam

1001 2064 1181 2108 divinam,
1210 2074 1322 2110 quam
1350 2067 1401 2108 te,
1424 2064 1529 2110 cujus
1566 2074 1648 2100 sum
1676 2064 1777 2101 filius

1002 2112 1210 2148 secundum
1232 2114 1406 2147 naturam
1424 2111 1641 2158 humanam,
1664 2115 1701 2148 et
1719 2114 1780 2149 Jo-

1002 2160 1094 2205 seph
1126 2159 1230 2205 cujus
1259 2160 1404 2194 tantum
1425 2169 1507 2194 sum
1536 2158 1636 2194 filius
1657 2158 1779 2195 nutri-

1000 2207 1096 2249 tius;
1119 2206 1218 2242 unde
1238 2217 1314 2242 non
1337 2205 1481 2241 debetis
1501 2205 1644 2250 mirari,
1662 2206 1694 2242 si
1713 2217 1781 2242 vos

1002 2253 1125 2289 dimisi
1152 2256 1306 2299 propter
1327 2254 1477 2289 Patrem
1502 2254 1699 2298 aeternum,
1722 2253 1781 2290 cui

1000 2301 1085 2347 plus
1116 2304 1259 2336 teneor.
1283 2300 1401 2346 Magis
1415 2300 1652 2336 afficiebatur
1669 2302 1781 2337 Jesus

1002 2348 1049 2384 ad
1092 2349 1241 2384 Patrem
1270 2347 1480 2384 naturalem
1507 2352 1543 2383 et
1581 2351 1780 2392 aeternum,

1003 2406 1116 2441 quam
1129 2395 1176 2431 ad
1186 2398 1344 2431 matrem
1363 2394 1570 2431 naturalem
1586 2398 1622 2431 et
1635 2398 1783 2441 patrem

1002 2442 1221 2489 putativum.
1256 2441 1430 2485 Quamvis
1463 2441 1562 2478 enim
1603 2444 1781 2488 parentes

1001 2490 1174 2536 diligeret
1195 2492 1231 2525 et
1252 2490 1305 2525 eis
1321 2489 1502 2525 obediens
1519 2493 1631 2533 esset,
1652 2492 1780 2525 tamen

1000 2536 1244 2583 principalius
1262 2538 1378 2572 Deum
1396 2537 1583 2572 honorare
1599 2535 1730 2571 voluit.

1053 2599 1065 2620 1
1075 2598 1091 2620 2
1104 2586 1200 2620 Deus
1213 2595 1430 2620 mamimus
1445 2593 1716 2619 PRAEFERENDUS.
1735 2603 1779 2609 —

1002 2633 1042 2666 In
1061 2642 1133 2677 quo
1155 2632 1264 2667 datur
1284 2631 1468 2675 doctrina,
1482 2630 1580 2676 quod
1591 2629 1711 2676 pietas
1731 2629 1779 2665 ad

1001 2680 1133 2723 Deum,
1154 2678 1284 2725 pietati
1311 2681 1483 2724 respectu
1503 2679 1701 2723 parentum
1725 2679 1780 2712 est

1000 2726 1250 2771 praeserenda.
1268 2725 1395 2762 Discas
1415 2724 1527 2770 igitur
1545 2729 1582 2759 et
1599 2727 1640 2759 tu
1660 2724 1778 2759 Deum

1002 2776 1037 2808 et
1058 2776 1231 2818 parentes
1254 2772 1410 2818 diligere
1431 2775 1468 2807 et
1493 2772 1694 2814 honorare,
1720 2769 1775 2806 eis

1001 2820 1167 2865 obedire,
1192 2820 1258 2857 sed
1282 2819 1319 2856 in
1341 2818 1516 2856 omnibus
1542 2820 1660 2855 Deum
1678 2828 1775 2864 prae-
