1876 3126
158 152 220 188 300

163 220 266 256 dicas
287 221 388 266 :Ego
421 219 535 255 istum
561 219 713 255 beatum
741 220 933 258 hominem

161 268 339 313 putabam
363 269 399 302 et
420 266 620 302 eruditum.
644 267 842 303 Erexeram
867 279 932 304 au-

161 324 236 357 res,
258 313 459 349 destitutus
480 323 584 349 sum:
608 312 701 349 nihil
728 313 817 359 vidi,
838 315 931 351 nihil

162 360 285 397 audivi
310 361 408 406 quod
433 359 760 407 concupiscerem,
800 363 858 398 vel
884 363 931 399 ad

605 149 750 183 PRIMAE
787 151 944 186 PARTIS
982 153 1116 186 CAPUT
1154 151 1324 185 XXXVII

1004 222 1103 268 quod
1124 224 1346 257 reverterer.
1365 219 1493 256 Sihaec
1505 217 1632 262 sentis,
1655 217 1686 253 si
1700 217 1781 254 haec

1004 269 1170 314 loquer1s
1191 267 1331 313 aliquid
1344 270 1458 312 perte
1479 265 1686 312 profectum
1709 267 1778 317 est.

1006 316 1100 352 Malo
1123 315 1296 361 ignoscas
1329 313 1404 349 otio
1433 323 1516 349 meo
1547 322 1659 358 quam
1688 311 1782 347 invi-

1006 363 1096 399 deas
1116 375 1124 399 ;
1150 376 1167 396 »
1190 363 1272 398 haec
1291 362 1438 398 Seneca.

891 496 1059 532 ORATIO

212 603 369 641 Domine
405 607 495 642 Jesu
533 605 690 651 Christe,
718 606 782 652 qui
817 605 925 641 nobis
962 605 1000 640 in
1038 604 1213 641 omnibus
1248 605 1423 651 operibus
1457 604 1531 640 tuis
1563 602 1785 656 humilitatis

167 652 378 698 exemplum
402 652 611 695 ostendisti,
632 663 675 689 ac
708 663 842 689 vanam
872 656 908 687 et
933 652 1081 687 inanem
1102 651 1260 697 gloriam
1286 652 1414 696 sugere
1444 650 1614 691 docuisti,
1639 650 1784 686 custod1

165 709 240 742 me,
259 709 399 743 quaeso,
426 699 527 734 intus
566 703 602 734 et
630 700 719 735 foris
751 704 879 735 contra
907 698 1063 734 insidias
1099 698 1297 744 superbiae,
1318 702 1361 734 ut
1383 697 1508 732 nullus
1529 700 1654 749 pateat
1680 697 1785 749 locus

165 745 328 781 inimicis
363 746 497 782 animae
519 757 626 789 meae,
646 751 682 781 et
713 746 761 782 da
781 745 871 781 mihi
898 749 938 781 ut
964 745 1001 780 in
1025 745 1276 791 eleemosyna,
1301 743 1485 788 oratione,
1503 744 1663 789 jejumo,
1688 746 1726 778 et
1746 754 1785 778 ln

166 792 309 828 cunctis
344 793 452 828 bonis
485 793 660 838 operibus
690 793 838 828 laudem
862 793 1079 836 humanam,
1099 796 1136 828 et
1161 792 1291 828 mundi
1320 792 1484 828 favorem
1508 801 1584 826 non
1604 800 1784 835 quaeram,

163 839 229 874 sed
251 849 343 884 pure
364 843 516 885 propter
544 839 609 874 Dei
644 839 817 884 gloriam,
839 842 875 874 et
895 838 1053 884 proximi
1080 838 1370 874 aedificationem
1402 848 1446 873 ea
1478 836 1626 881 faciam,
1649 847 1717 889 nec
1739 836 1786 872 de

166 885 222 922 εἰς
242 896 419 931 umquam
432 885 596 921 inaniter
615 885 772 930 gloriam
792 895 1032 931 praesumam,
1054 896 1101 921 ne
1127 886 1338 921 mercedem
1363 885 1424 921 hic
1442 884 1639 936 recipiens,
1661 894 1701 919 m
1728 884 1784 936 su-

163 936 247 968 turo
268 943 355 968 vera
377 932 549 968 mercede
578 942 728 968 merear
747 931 934 977 evacuari,
957 936 993 968 et
1012 932 1255 968 nihilominus
1279 933 1398 978 poenis
1422 934 1573 967 aeterms
1598 931 1782 976 deputari.

157 980 288 1015 Amen.

770 1166 949 1213 CAPUT
968 1166 1177 1214 XXXVII

329 1306 520 1335 SERMONIS
542 1306 582 1334 IN
618 1306 751 1336 MONTE
777 1306 1043 1336 CONTINUATIO
1070 1307 1079 1334 ἰ

1110 1307 1160 1334 DE
1185 1305 1380 1335 ORATIONE
1404 1306 1607 1335 DOMINICA.

784 1415 949 1451 Matthaei
968 1426 1049 1462 cap.
1062 1416 1122 1451 VI.

212 1553 224 1574 1
254 1538 448 1574 ORATloNIS
475 1539 658 1574 DomNJcAE
686 1550 936 1575 EXCELLENTlA.

161 1604 201 1610 -
230 1586 331 1621 Inter
360 1588 485 1620 cetera
522 1589 647 1621 autem
684 1596 766 1631 quae
788 1587 833 1622 de
854 1597 937 1622 ora-

162 1630 263 1666 tione
293 1631 480 1675 dicuntur,
512 1632 632 1668 oratio
664 1632 859 1669 Dominica
886 1633 940 1668 in-

161 1677 371 1722 terseritur,
401 1688 483 1723 quae
504 1679 630 1714 multis
654 1690 695 1714 ex
718 1679 839 1715 causis
857 1691 939 1715 ora-

162 1724 330 1760 tionibus
361 1726 494 1760 ceteris
528 1725 730 1768 antecellit,
760 1726 898 1762 scilicet
928 1738 935 1761 :

161 1771 384 1807 auctoritate
405 1772 582 1815 doctoris,
603 1772 690 1818 quia
716 1772 831 1818 ipsius
859 1773 937 1809 Sal-

158 1818 298 1853 vatoris
334 1829 398 1854 ore
437 1819 585 1864 prolata
626 1820 716 1863 suit3
752 1820 937 1856 brevitate

161 1864 359 1908 sermonis,
383 1866 471 1910 quia
499 1866 606 1901 facile
627 1866 776 1910 dicitur,
797 1870 833 1902 et
865 1867 936 1902 cito

161 1912 382 1957 profertum
421 1912 644 1948 sufficientia
687 1913 935 1959 petitionum,

162 1957 250 2004 quia
276 1958 472 2004 utriusque
502 1960 587 1995 vitae
613 1960 777 1995 contIuet
808 1971 935 1996 neces-

157 2006 281 2057 saria,
322 2009 358 2040 et
386 2006 629 2042 soecunditate
659 2007 935 2052 mysteriorum,

160 2062 247 2096 qma
272 2063 456 2088 immensa
489 2053 654 2089 continet
687 2059 934 2091 sacramenta.

158 2099 261 2134 Unde
283 2100 556 2143 Chrysostomus
581 2113 590 2136 :
618 2116 635 2133 α
658 2101 840 2137 Dominus
867 2103 934 2138 sub

159 2146 379 2190 compendio
398 2147 596 2183 verborum
623 2148 781 2184 sormam
803 2148 935 2184 orandi

157 2192 310 2227 tradens
327 2192 530 2238 discipulis,
549 2198 585 2230 et
601 2205 786 2231 summam
805 2199 841 2231 et
862 2196 934 2232 suf-

158 2238 362 2274 ficientiam
380 2240 546 2275 omnium
566 2243 828 2287 petendorum,
854 2247 933 2278 tum

157 2285 435 2321 beatitudinum
455 2314 464 2330 ,
504 2290 582 2322 tum
629 2289 813 2325 donorum
853 2300 934 2325 om-

161 2331 280 2376 nium,
302 2331 473 2368 videlicet
499 2334 546 2369 ad
572 2333 686 2370 vitam
709 2340 933 2381 praesentem

159 2382 197 2414 et
205 2379 367 2414 suturam
381 2380 647 2425 pertinentium
661 2383 930 2428 complectitur.

159 2427 200 2461 In
222 2426 292 2462 hac
310 2426 489 2462 orationis
511 2427 670 2463 formula
697 2429 819 2465 brevis
840 2441 931 2476 pau—

160 2471 253 2508 citas
269 2477 325 2508 est
336 2474 549 2517 verborum,
564 2475 628 2510 sed
644 2476 833 2512 sufficiens
844 2489 930 2513 con-

158 2519 316 2555 tinentia
324 2519 488 2556 omnium
503 2522 766 2566 petendorum,
780 2523 818 2558 in
829 2524 931 2560 omni

159 2566 327 2602 orati0ne
349 2566 613 2613 spiritualioris
645 2571 682 2604 et
706 2570 925 2606 sanctioris:

158 2613 246 2658 quia
257 2624 299 2649 ex
311 2624 375 2649 ore
394 2615 574 2650 Altissimi
585 2615 779 2661 processit,
793 2619 829 2651 et
842 2617 932 2662 quia

157 2664 336 2706 petuntur
347 2664 384 2696 et
403 2661 645 2698 includuntur
663 2662 702 2698 ln
717 2673 774 2705 ea,
791 2673 872 2708 quae
892 2664 931 2699 in

158 2707 332 2743 omnibus
344 2707 426 2744 aliis
438 2708 668 2746 orationibus
678 2710 927 2746 continentur.

156 2753 186 2789 Ο
208 2764 320 2800 quam
344 2755 466 2791 fidelis
501 2757 582 2792 haec
615 2760 652 2793 et
686 2757 796 2793 beata
819 2757 929 2793 nobis

1011 1539 1130 1575 oratio
1155 1543 1224 1585 est,
1247 1539 1354 1585 cujus
1384 1539 1555 1576 ordinem
1583 1539 1691 1576 nohis
1711 1541 1783 1576 Do-

1011 1590 1092 1622 ctor
1106 1587 1206 1631 vitae,
1228 1597 1270 1622 ac
1290 1585 1466 1633 Magister
1494 1587 1653 1623 coelestis
1678 1586 1783 1623 insti-

1010 1633 1104 1669 tuit!
1147 1635 1263 1677 Quam
1302 1633 1400 1669 beati
1441 1633 1553 1670 etiam
1589 1645 1667 1669 non
1702 1644 1784 1670 esse

1009 1691 1220 1726 possumus,
1247 1680 1276 1715 si
1305 1680 1415 1726 hujus
1448 1680 1630 1716 orationis
1661 1680 1785 1716 Domi-

1009 1726 1103 1762 nicae
1124 1728 1238 1762 verba
1259 1738 1335 1762 non
1370 1730 1514 1762 tantum
1541 1727 1665 1763 officio
1692 1727 1781 1771 oris,

1010 1774 1076 1809 sed
1098 1773 1209 1809 etiam
1236 1773 1464 1809 fidelissimae
1486 1773 1783 1810 conversationis

1010 1824 1094 1856 actu
1121 1821 1329 1856 servemus!
1354 1822 1456 1856 Hanc
1476 1820 1602 1866 itaque
1623 1821 1784 1858 sormam

1010 1867 1189 1903 Dominus
1211 1867 1403 1913 discipulis
1430 1867 1506 1903 suis
1535 1869 1582 1903 ad
1604 1878 1708 1913 spem
1728 1878 1785 1904 sa-

1009 1914 1099 1949 lutis
1119 1915 1296 1950 humanae
1315 1914 1447 1949 orandi
1465 1915 1656 1950 constituit
1677 1927 1685 1950 :
1702 1914 1785 1951 uni-

1009 1971 1117 1996 versa
1138 1961 1251 2006 igitur
1263 1972 1344 2006 quae
1366 1961 1507 1997 fideiac
1523 1961 1633 1997 saluti
1646 1965 1784 1998 nostrae

1010 2012 1094 2043 sunt
1115 2008 1328 2044 necessaria
1353 2007 1392 2043 in
1409 2008 1478 2044 hac
1495 2008 1676 2045 brevitate
1699 2019 1783 2045 ora-

1007 2054 1120 2090 tionis
1141 2055 1342 2091 Dominicae
1367 2055 1605 2091 continentur
1627 2067 1634 2091 :
1660 2069 1679 2088 »
1703 2057 1784 2092 haec

1010 2103 1294 2147 Chrysostomus.
1317 2104 1369 2138 De
1391 2102 1614 2138 sufficientia
1634 2113 1782 2148 quoque

1007 2148 1115 2185 istius
1141 2149 1321 2185 orationis
1358 2148 1577 2193 benedictae,
1601 2149 1653 2185 sic
1693 2149 1782 2185 dicit

1007 2197 1237 2240 Auqzcstz'nus
1252 2208 1259 2232 ε
1276 2210 1294 2229 «
1308 2197 1559 2242 Quaecumque
1576 2195 1650 2231 alia
1667 2196 1783 2232 verba

1007 2243 1189 2288 dicamus,
1211 2254 1293 2287 quae
1325 2243 1480 2279 affectus
1520 2242 1661 2278 orantis
1702 2243 1778 2278 for-

1007 2294 1096 2334 mat,
1117 2291 1168 2326 nil
1189 2290 1290 2326 aliud
1307 2290 1476 2334 dicimus,
1497 2301 1607 2336 quam
1628 2290 1727 2335 quod
1743 2289 1781 2325 in

1006 2337 1080 2373 ista
1099 2338 1271 2373 oratione
1291 2336 1486 2373 Dominica
1517 2336 1682 2383 positum
1710 2340 1780 2380 est,

1007 2384 1037 2420 si
1054 2388 1154 2421 recte
1175 2388 1212 2420 et
1231 2387 1479 2429 congruenter
1497 2394 1661 2420 oramus.
1684 2385 1729 2419 Et
1749 2383 1779 2419 si

1006 2442 1074 2478 per
1111 2431 1236 2467 omnia
1270 2430 1528 2476 precationum
1566 2434 1780 2467 sanctarum

1004 2479 1118 2514 verba
1135 2478 1335 2522 discurras,
1353 2477 1446 2513 nihil
1484 2477 1651 2514 invenies
1678 2477 1778 2523 quod

1004 2525 1042 2560 in
1067 2526 1135 2561 ista
1156 2525 1323 2561 oratione
1350 2524 1543 2561 Dominica
1568 2535 1641 2560 non
1663 2523 1778 2560 conti-

1004 2576 1158 2616 neatur3
1181 2571 1348 2618 quisquis
1367 2575 1492 2608 autem
1511 2571 1548 2607 id
1571 2571 1661 2607 dicit
1678 2571 1778 2617 quod

1004 2619 1052 2654 ad
1082 2619 1192 2655 istam
1220 2619 1480 2664 Evangelicam
1509 2628 1658 2665 precem
1690 2628 1776 2663 per·

1004 2665 1126 2702 tinere
1163 2677 1239 2701 non
1271 2666 1402 2712 possit,
1443 2665 1645 2701 carnaliter
1677 2667 1775 2707 orat,

1004 2713 1103 2756 quod
1132 2713 1258 2748 nescio
1298 2712 1484 2758 quomodo
1523 2723 1599 2748 non
1630 2710 1777 2747 dicatur

1004 2758 1144 2803 illicite,
1164 2760 1313 2805 quando
1328 2763 1480 2796 renatos
1501 2757 1679 2795 Dominus
1699 2768 1774 2793 non
