1943 3141
160 185 202 217 70
681 184 825 219 PRIMAE
863 184 1018 220 PARTIS
1056 187 1192 221 CAPUT
1228 189 1272 222 lx

160 265 222 299 per
248 264 324 288 sum
350 264 425 297 090,
447 256 481 289 et
500 255 538 288 in
557 254 756 295 laboribus,
777 266 798 289 a
813 255 942 299 Juven-

160 305 234 335 tute
257 310 345 336 mea.
368 300 431 335 Hic
458 311 546 346 ergo
574 300 803 337 damnantur
830 302 939 346 hujus

159 347 286 381 mundi
311 347 474 383 bonores
492 358 534 383 ac
553 358 716 394 pompm,
738 352 775 383 et
795 348 938 384 vanita-

159 397 267 434 tates,
285 393 447 439 itemque
469 394 609 431 deliciae
630 405 673 430 ac
693 394 880 438 mollities,
902 400 938 431 et

158 440 282 475 carnis
305 440 589 485 ‹lelcctationes3
617 441 769 487 insuper
799 442 937 477 divitia¹

157 488 513 527 malannum-timae
526 489 814 535 superfluitates.
834 490 936 525 Unde

157 535 352 569 ,anselmus
370 548 379 570 .·
401 552 416 566 υ
434 536 460 571 Ο
479 536 642 571 amanda
656 542 693 571 et
713 535 937 572 admiranda

157 581 341 625 diff-matio!
366 583 463 618 Deus
484 582 676 618 immensae
696 583 839 627 gloriae,
858 594 938 618 ver-

157 628 226 663 mis
265 629 556 675 contemptibilis
587 629 667 665 fieri
705 640 779 665 non
809 630 938 675 despe-

155 675 262 718 xisti3
305 676 484 712 Dominus
522 676 703 720 omnium,
737 687 937 712 conservus

156 732 337 768 apparere
368 723 536 759 voluisti!
564 726 697 759 Parum
728 723 791 759 tibi
817 723 936 758 visum

156 774 208 805 cst
234 780 361 815 parem
384 770 491 805 nobis
511 781 607 813 esse,
624 774 660 805 et
679 770 794 805 frater
808 774 937 805 noster

154 826 236 852 0550
261 817 436 863 dignatus
459 828 510 853 es.
534 820 575 853 Et
602 821 654 860 tu,
674 816 830 852 Domine
853 817 935 852 uni-

155 874 364 907 versorum,
389 864 448 909 qni
468 864 607 900 nullam
630 864 746 899 habes
768 863 937 909 indigen-

154 909 258 953 tiam,
281 910 380 946 inter
396 911 477 956 ipsa
499 911 703 946 nativitatis
725 914 797 946 tuae
814 910 932 955 initia,

156 968 230 993 11011
262 957 440 993 horruisti
474 957 736 1004 abjectissimae
770 968 934 1004 pauper-

153 1003 240 1039 tatis
260 1005 458 1049 degustare
482 1004 733 1040 incommoda.
758 1006 802 1040 Ut
820 1006 933 1050 enim,

152 1050 202 1086 ait
227 1051 433 1096 Scriptura,
460 1051 527 1087 tibi
552 1062 626 1086 non
653 1051 833 1095 nasceris,
857 1063 933 1087 non

153 1097 223 1133 erit
262 1098 365 1133 locus
392 1098 430 1133 in
465 1097 687 1142 diversorio,
719 1109 788 1133 nec
817 1109 939 1134 cuna-⁷

152 1144 253 1183 bula,
276 1155 357 1190 quse
386 1145 678 1180 teneritudinem
704 1148 807 1181 tuam
832 1146 930 1181 acci-

150 1195 296 1236 perent,
321 1191 503 1234 habuisti3
528 1192 592 1227 sed
611 1191 650 1227 in
664 1191 725 1226 vili
747 1192 931 1238 prsesepio

150 1238 336 1273 sordentis
365 1238 514 1282 stabuli,
537 1242 576 1273 tu
603 1238 667 1284 qui
687 1242 828 1274 terram
850 1239 930 1285 pal—

150 1295 209 1320 mo
243 1285 450 1329 concludis,
485 1285 677 1321 involutus
701 1285 929 1331 panniculis,

149 1331 352 1368 reclinatus
381 1343 439 1376 es;
464 1335 499 1368 et
530 1334 599 1368 1100
626 1332 747 1378 ipsum
770 1343 792 1368 a
809 1333 930 1369 brutis

147 1378 387 1422 animalibus,
410 1383 531 1415 mater
545 1384 611 1415 tua
624 1383 751 1415 mutuo
770 1380 926 1426 accepit.

147 1426 400 1463 Consolamini
417 1455 425 1470 ,
463 1426 712 1462 consolamini
733 1454 742 1470 ,
787 1427 848 1472 qui
889 1427 925 1462 in

147 1473 323 1508 sordibus
340 1474 572 1519 paupertatis
593 1473 827 1518 enutrimini,
842 1475 928 1520 quia

147 1520 340 1556 vobiscum
380 1524 436 1556 est
477 1522 575 1556 Deus
613 1521 650 1555 in
691 1524 924 1566 paupertate.

147 1569 230 1602 Non
249 1568 360 1602 cubat
381 1567 417 1602 in
448 1567 593 1603 deliciis
617 1567 804 1612 splendidi
825 1568 927 1604 cubi-

147 1614 212 1657 lis;
242 1625 304 1649 nec
343 1617 528 1649 invenitur
563 1617 601 1649 in
635 1619 732 1650 terra
764 1617 927 1651 suaviter

145 1663 358 1697 viventium.
400 1662 493 1704 Quid
536 1661 650 1706 igitur
689 1661 876 1707 gloriaris,
905 1673 925 1698 0

146 1708 264 1751 dives,
302 1719 362 1744 res
399 1708 498 1744 lutea
530 1708 567 1743 in
606 1708 799 1744 volutabro
839 1709 925 1744 lecti

145 1755 234 1801 picti
256 1759 292 1790 et
316 1755 478 1799 delicati,
501 1765 583 1790 cum
606 1756 678 1790 Rex
702 1766 834 1801 regum
858 1767 923 1792 suo

144 1802 329 1845 recubitu,
352 1805 557 1838 stramenta
583 1813 786 1848 pauperum
808 1804 922 1838 110110-

147 1853 246 1885 stare
265 1850 460 1885 maluerit?
476 1849 569 1892 Quid
586 1850 678 1885 dura
693 1853 811 1885 strata
825 1850 924 1885 dete-

145 1896 270 1940 staris,
288 1908 371 1932 cum
388 1901 494 1932 tener
513 1896 738 1939 Insantulus,
762 1896 799 1931 in
816 1898 922 1941 cujus

147 1954 261 1979 manu
283 1947 369 1979 sunt
391 1943 518 1979 omnia
535 1954 664 1989 regna,
688 1943 760 1978 tuis
778 1943 920 1987 sericis,

143 1990 304 2036 plumeis
325 1991 443 2033 lectis,
457 1991 571 2026 duras
587 1991 845 2036 jumentorum
862 1991 923 2026 sti-

142 2037 249 2083 pulas
281 2037 540 2084 praeelegerit?
563 2051 580 2070 »
604 2038 683 2073 haec
714 2038 920 2085 Anselmus.

144 2085 248 2120 Unde
263 2089 299 2120 et
319 2085 551 2120 Rerum-clus:
576 2099 593 2116 «
612 2086 690 2120 Non
711 2085 924 2120 consolatur

143 2131 279 2168 Christi
302 2131 459 2167 infantia
479 2132 669 2176 garrulos3
694 2143 768 2167 non
795 2143 925 2167 conso<

141 2178 268 2214 lantur
286 2178 422 2214 Christi
438 2179 609 2224 lacrymae
631 2178 920 2223 cachinnantes3

142 2236 217 2261 non
236 2226 479 2261 consolantur
499 2225 609 2270 panni
631 2226 710 2271 ejus
731 2226 924 2261 ambulan-

141 2272 462 2315 105111510115;11011
475 2273 919 2308 consolanturstabulum

141 2322 179 2355 et
198 2330 366 2365 praesepe
387 2322 556 2355 amantes
572 2319 712 2364 primas
725 2320 921 2355 cathedras

141 2365 180 2401 in
201 2365 412 2412 synagogis.
436 2366 682 2410 Vigilantibus
706 2366 920 2411 pastoribus

142 2413 387 2448 annuntiatur
421 2413 597 2458 gaudium
636 2413 742 2457 lucis',
773 2417 809 2448 et
845 2413 919 2449 illis

141 2459 279 2495 dicitur
305 2470 386 2495 csse
411 2464 539 2495 natum
561 2459 805 2503 Salvatorem,
825 2471 916 2506 pau-

141 2507 293 2552 peribus
312 2511 422 2552 atquc
438 2506 708 2550 laborantibus,
724 2518 798 2542 non
815 2507 917 2543 vobis

141 2553 331 2597 divitibus,
355 2553 417 2599 qui
439 2557 600 2589 vestram
621 2553 767 2589 habetis
783 2565 916 2589 conso-

142 2600 337 2644 lationem,
357 2611 433 2636 non
456 2600 634 2635 divinam.
657 2614 674 2633 »
695 2600 913 2636 Etiterum:

142 2660 160 2681 (t
188 2648 360 2683 Nascitur
383 2647 447 2683 Dei
469 2647 602 2691 Filius,
630 2646 669 2682 in
691 2648 794 2693 cujus
815 2647 915 2683 arbi-

141 2694 214 2730 trio
239 2698 319 2730 erat
347 2694 609 2740 quodcumque
635 2694 746 2729 vellet
777 2694 915 2739 eligere

141 2746 308 2788 tempus3
338 2741 450 2787 elegit
482 2742 581 2786 quod
616 2741 812 2776 molestius
844 2744 913 2786 est,

140 2789 352 2834 praesertim
375 2789 543 2835 parvulo,
566 2791 602 2824 01
627 2787 803 2834 pauperis
833 2799 914 2824 ma-

1014 255 1082 291 tris
1103 257 1194 301 filio,
1216 268 1298 303 quae
1320 257 1377 293 vix
1397 267 1544 303 pannos
1570 257 1724 293 haberet
1742 257 1789 293 ad

1014 302 1294 348 involvendum,
1325 315 1492 350 praesepe
1524 304 1571 340 ad
1600 303 1787 340 reclinan-

1016 349 1117 385 dum.
1140 353 1182 386 Et
1206 362 1289 387 cuni
1316 355 1421 387 tanta
1446 354 1544 387 esset
1569 350 1786 395 necessitas,

1015 397 1156 433 nullam
1206 399 1320 434 audio
1359 398 1440 434 fieri
1487 398 1643 444 pellium
1681 408 1785 433 men-

1014 443 1153 480 tionem
1175 456 1184 480 :
1207 445 1375 481 Christus
1392 445 1519 490 utique
1534 445 1595 491 qui
1621 455 1696 480 non
1718 443 1786 479 fal-

1014 490 1115 535 litur,
1129 491 1241 537 elegit
1262 492 1359 537 quod
1376 492 1479 527 carni
1504 491 1695 528 molestius
1715 493 1785 527 est.

1014 537 1053 572 Id
1074 548 1163 583 ergo
1192 538 1338 582 melius,
1360 538 1395 573 id
1428 538 1569 581 utilius,
1591 538 1628 574 id
1660 537 1788 584 potius

1013 584 1241 628 eligendum,
1267 588 1304 620 et
1329 584 1499 631 quisquis
1519 585 1619 620 aliud
1640 585 1786 628 doceat,

1012 631 1069 665 vel
1091 631 1261 675 suadeat,
1283 632 1328 667 ab
1356 642 1399 666 eo
1419 635 1610 676 tamquam
1635 642 1662 667 a·
1677 631 1786 667 sedu-

1012 681 1114 713 ctore
1144 678 1363 713 cavendum.
1386 679 1430 713 Et
1465 681 1607 721 tamen,
1637 678 1787 720 fratreS,

1012 723 1091 769 ipse
1114 728 1168 760 est
1186 724 1392 770 promissus
1413 724 1501 760 olim
1529 735 1595 770 per
1618 724 1753 760 Isaiam
1777 735 1785 758 :

1014 772 1194 807 Parvulus
1211 773 1333 807 sciens
1354 772 1559 817 reprobare
1574 771 1729 814 malum,
1751 774 1788 806 et

1012 818 1150 863 eligere
1168 820 1321 854 bonum.
1346 818 1484 854 Malum
1506 829 1594 864 ergo
1617 819 1787 864 voluptas

1011 865 1178 911 corporis
1211 869 1287 909 est3
1318 866 1458 901 bonum
1491 876 1595 909 vero,
1631 864 1786 901 afflictio

1011 917 1079 947 est.
1105 912 1296 958 Siquidem
1315 916 1350 947 et
1370 913 1468 948 hanc
1483 912 1609 956 elegit,
1627 914 1664 948 et
1683 912 1787 947 illam

1010 959 1226 1005 reprobavit
1241 960 1338 995 Puer
1359 958 1523 1007 sapiens,
1545 960 1711 995 Verbum
1732 958 1789 993 in-

1010 1006 1107 1050 fans,
1130 1017 1215 1042 caro
1233 1006 1373 1042 scilicet
1393 1006 1560 1049 infirma,
1577 1005 1787 1041 Infantulus

1008 1056 1128 1098 tener,
1159 1064 1246 1089 caro
1273 1053 1393 1089 omnis
1417 1052 1557 1089 laboris
1581 1053 1784 1098 impotens,

1009 1100 1131 1136 01111115
1162 1100 1286 1146 operis
1307 1100 1519 1146 impatiens.
1543 1101 1672 1145 Itaque
1689 1100 1784 1145 Jam,

1007 1147 1168 1182 carnalis
1184 1149 1309 1190 homo,
1326 1147 1412 1193 fuge
1428 1147 1657 1192 voluptatem
1672 1157 1680 1190 ;
1697 1145 1786 1192 quia

1007 1194 1130 1238 posita
1166 1198 1221 1229 est
1242 1205 1343 1230 mors
1381 1205 1487 1230 secus
1526 1192 1785 1229 delectationis

1006 1240 1217 1276 introitum.
1255 1242 1332 1286 Age
1369 1240 1654 1287 poenitentiam,
1696 1239 1785 1285 quia

1006 1298 1072 1333 per
1092 1287 1193 1322 illam
1216 1287 1492 1333 appropinquat
1512 1297 1684 1333 regnum.
1707 1288 1785 1322 Hoc

1006 1334 1192 1370 stabulum
1220 1334 1312 1370 illud
1344 1334 1550 1380 praedicat3
1587 1335 1658 1369 hoc
1690 1343 1785 1379 prae-

1005 1392 1092 1426 sepe
1114 1381 1270 1425 clamat;
1294 1382 1364 1417 hoc
1388 1381 1637 1417 membrailla
1662 1379 1782 1416 insan-

1005 1429 1085 1463 tilia
1122 1428 1318 1464 manifeste
1357 1428 1602 1471 annuntiant;
1630 1428 1703 1463 hoc
1732 1427 1784 1463 la-

1003 1486 1139 1521 crymae
1177 1479 1213 1511 et
1258 1475 1402 1521 vagitus
1442 1475 1712 1519 evangelizant.
1753 1474 1781 1510 Ο

1002 1522 1140 1558 duritia
1162 1522 1284 1558 cordis
1306 1523 1397 1558 mei!
1421 1522 1584 1567 Utinam,
1607 1520 1780 1566 Domine,

1002 1569 1096 1604 sicut
1133 1570 1295 1605 Verbum
1329 1580 1416 1605 caro
1455 1569 1592 1605 factum
1626 1572 1697 1612 est,
1729 1567 1782 1604 ita

1001 1627 1178 1652 carneum
1200 1617 1266 1651 fiat
1280 1619 1316 1651 et
1332 1627 1396 1652 cor
1412 1627 1536 1652 meum
1555 1616 1562 1651 1
1587 1615 1780 1661 Siquidem
1803 1630 1805 1632 ·

1000 1667 1037 1698 et
1055 1663 1125 1698 hoc
1152 1663 1341 1709 pollicitus
1362 1674 1402 1698 es
1432 1674 1499 1709 per
1518 1663 1748 1708 prophetam
1768 1673 1776 1697 :

998 1711 1191 1753 Auferam,
1220 1709 1407 1756 inquiens,
1433 1722 1454 1745 a
1474 1711 1575 1746 vobis
1596 1720 1656 1745 cor·
1687 1710 1780 1754 lapi-

998 1758 1169 1794 11011111.οτ
1196 1757 1288 1792 dabo
1319 1758 1421 1793 vobis
1447 1768 1506 1793 cor
1539 1767 1735 1792 carneum:
1756 1770 1775 1787 »

999 1805 1079 1839 11100
1099 1805 1320 1839 Bcrnardus.

1046 1867 1065 1898 9
1088 1852 1303 1887 Coimus-Du
1325 1852 1498 1887 Cumsrus
1524 1860 1776 1886 PAUPERTATEM

997 1910 1162 1941 rexnam,
1180 1910 1417 1933 HUMILITATEM
1435 1909 1581 1933 susum
1598 1908 1775 1936 vmrATE,

997 1957 1315 1981 uonr1r1c2tr1oxen
1358 1956 1526 1980 0011101115
1576 1954 1775 1980 AFFLICTIO-

997 2004 1113 2028 mers.
1139 2013 1181 2018 —
1222 1991 1356 2027 Vidisti
1392 1995 1516 2027 ortum
1551 1989 1776 2027 sanctissimi

998 2039 1183 2085 Principis
1202 2050 1209 2083 ;
1247 2038 1372 2074 vidisti
1410 2039 1521 2074 simul
1558 2044 1595 2074 et
1627 2040 1776 2084 partum

999 2086 1150 2131 Reginae
1181 2085 1358 2130 coelestis,
1392 2089 1428 2121 et
1462 2085 1501 2120 in
1528 2088 1689 2130 utroque
1719 2094 1778 2119 ar-

997 2133 1203 2168 ctissimam
1224 2135 1482 2179 paupertatem
1499 2132 1694 2168 attendere
1712 2141 1776 2176 po-

997 2180 1113 2216 tuisti.
1138 2182 1224 2216 Haec
1246 2180 1363 2215 virtus
1390 2183 1446 2215 est
1473 2179 1537 2215 illa
1559 2178 1775 2224 evangelica

998 2227 1215 2273 margarita,
1235 2237 1302 2273 pro
1329 2237 1402 2272 qua
1427 2226 1587 2262 emenda
1612 2227 1649 2261 et
1671 2235 1774 2260 com-

996 2274 1177 2319 paranda,
1216 2273 1342 2309 omnia
1377 2277 1464 2309 sunt
1500 2271 1700 2308 vendenda
1738 2274 1775 2307 01

995 2322 1132 2357 danda.
1156 2323 1241 2356 Haec
1253 2324 1309 2356 est
1327 2320 1443 2356 totius
1465 2319 1670 2366 spiritualis
1687 2317 1774 2354 aedi-

994 2368 1068 2403 ficii
1106 2367 1326 2414 primarium
1363 2367 1659 2403 fundamentum.
1687 2366 1773 2401 Haec

993 2418 1049 2450 est
1080 2414 1283 2460 spiritualis
1315 2414 1375 2450 via
1406 2413 1550 2458 salutis,
1579 2417 1772 2459 tamquam

991 2461 1213 2497 humilitatis
1248 2462 1548 2505 fundamentum,
1583 2463 1620 2496 et
1653 2459 1774 2506 perfe-

989 2508 1123 2544 ctionis
1143 2509 1260 2552 radix,
1284 2509 1390 2555 cujus
1412 2510 1469 2545 est
1486 2508 1629 2543 fructus
1649 2505 1772 2558 multi·

989 2555 1085 2601 plex,
1108 2556 1172 2591 sed
1199 2556 1377 2592 occultus.
1403 2576 1441 2581 -
1469 2553 1625 2590 Potuisti
1655 2556 1770 2588 etlam

988 2604 1183 2638 attendere
1203 2602 1241 2638 in
1258 2606 1418 2648 utroque
1438 2599 1768 2648 profundissimam

989 2649 1250 2685 humilitatem.
1272 2651 1351 2685 Non
1367 2648 1465 2684 enim
1479 2650 1563 2683 sunt
1579 2646 1767 2682 stabulum

989 2695 1194 2742 dedignati,
1210 2707 1285 2732 non
1304 2705 1485 2742 praesepe‚
1507 2704 1583 2729 non
1611 2693 1766 2737 foenum,

989 2753 1062 2778 non
1080 2747 1205 2779 cetera
1224 2742 1325 2786 vilia,
1340 2743 1388 2779 ad
1403 2741 1566 2777 dandum
1581 2740 1690 2776 nobis
1710 2751 1769 2775 ex-

989 2790 1151 2835 emplum
1162 2790 1337 2836 perfectae
1353 2786 1588 2825 humilitatis.
1600 2786 1688 2824 Sine
1697 2787 1767 2823 hac
