<?xml version="1.0" encoding="UTF-8"?>
<!DOCTYPE html PUBLIC "-//W3C//DTD XHTML 1.0 Transitional//EN"
    "http://www.w3.org/TR/xhtml1/DTD/xhtml1-transitional.dtd">
<html xmlns="http://www.w3.org/1999/xhtml" xml:lang="en" lang="en">
 <head>
  <title>
</title>
<meta http-equiv="Content-Type" content="text/html;charset=utf-8" />
  <meta name='ocr-system' content='tesseract 3.04.00' />
  <meta name='ocr-capabilities' content='ocr_page ocr_carea ocr_par ocr_line ocrx_word'/>
</head>
<body>
  <div class='ocr_page' id='page_1' title='image "./vitajesuchristie01ludouoft_0024.png"; bbox 0 0 1897 3167; ppageno 0'>
   <div class='ocr_carea' id='block_1_1' title="bbox 179 171 1424 206">
    <p class='ocr_par' dir='ltr' id='par_1_1' title="bbox 179 171 1424 206">
     <span class='ocr_line' id='line_1_1' title="bbox 179 171 1424 206; baseline -0.002 -1"><span class='ocrx_word' id='word_1_1' title='bbox 179 175 213 206; x_wconf 76' lang='lat' dir='ltr'>to</span> <span class='ocrx_word' id='word_1_2' title='bbox 552 171 799 204; x_wconf 62' lang='lat' dir='ltr'>raom-:illuit</span> <span class='ocrx_word' id='word_1_3' title='bbox 838 173 878 204; x_wconf 87' lang='lat' dir='ltr'>IN</span> <span class='ocrx_word' id='word_1_4' title='bbox 917 172 1053 205; x_wconf 72' lang='lat' dir='ltr'>vlTAM</span> <span class='ocrx_word' id='word_1_5' title='bbox 1090 172 1195 204; x_wconf 86' lang='lat' dir='ltr'>JESU</span> <span class='ocrx_word' id='word_1_6' title='bbox 1233 172 1424 205; x_wconf 78' lang='lat' dir='ltr'>CHRISTI.</span> 
     </span>
    </p>
   </div>
   <div class='ocr_carea' id='block_1_2' title="bbox 169 238 954 2157">
    <p class='ocr_par' dir='ltr' id='par_1_2' title="bbox 170 238 954 1596">
     <span class='ocr_line' id='line_1_2' title="bbox 179 238 949 287; baseline 0 -10"><span class='ocrx_word' id='word_1_7' title='bbox 179 250 264 277; x_wconf 87' lang='lat' dir='ltr'>nem</span> <span class='ocrx_word' id='word_1_8' title='bbox 281 239 419 284; x_wconf 87' lang='lat' dir='ltr'>ubique</span> <span class='ocrx_word' id='word_1_9' title='bbox 437 238 661 275; x_wconf 88' lang='lat' dir='ltr'>seminatum</span> <span class='ocrx_word' id='word_1_10' title='bbox 676 243 713 276; x_wconf 88' lang='lat' dir='ltr'>et</span> <span class='ocrx_word' id='word_1_11' title='bbox 724 244 949 287; x_wconf 77' lang='lat' dir='ltr'>vegetatum,</span> 
     </span>
     <span class='ocr_line' id='line_1_3' title="bbox 176 286 951 324; baseline -0.001 0"><span class='ocrx_word' id='word_1_12' title='bbox 176 288 364 324; x_wconf 76' lang='lat' dir='ltr'>coelestem</span> <span class='ocrx_word' id='word_1_13' title='bbox 407 286 727 323; x_wconf 70' lang='lat' dir='ltr'>conversationem</span> <span class='ocrx_word' id='word_1_14' title='bbox 767 288 804 323; x_wconf 92' lang='lat' dir='ltr'>in</span> <span class='ocrx_word' id='word_1_15' title='bbox 842 291 951 324; x_wconf 70' lang='lat' dir='ltr'>terrac</span> 
     </span>
     <span class='ocr_line' id='line_1_4' title="bbox 177 332 951 380; baseline 0 -10"><span class='ocrx_word' id='word_1_16' title='bbox 177 333 330 379; x_wconf 75' lang='lat' dir='ltr'>regione</span> <span class='ocrx_word' id='word_1_17' title='bbox 352 332 571 378; x_wconf 80' lang='lat' dir='ltr'>plantatam,</span> <span class='ocrx_word' id='word_1_18' title='bbox 593 344 776 380; x_wconf 88' lang='lat' dir='ltr'>supernas</span> <span class='ocrx_word' id='word_1_19' title='bbox 787 334 951 371; x_wconf 77' lang='lat' dir='ltr'><strong>Virtutes</strong></span> 
     </span>
     <span class='ocr_line' id='line_1_5' title="bbox 178 379 952 427; baseline 0.001 -10"><span class='ocrx_word' id='word_1_20' title='bbox 178 379 412 417; x_wconf 83' lang='lat' dir='ltr'>familiariter</span> <span class='ocrx_word' id='word_1_21' title='bbox 448 380 642 416; x_wconf 87' lang='lat' dir='ltr'>nobiscum</span> <span class='ocrx_word' id='word_1_22' title='bbox 677 381 885 427; x_wconf 83' lang='lat' dir='ltr'>loquentes,</span> <span class='ocrx_word' id='word_1_23' title='bbox 917 386 952 418; x_wconf 88' lang='lat' dir='ltr'>et</span> 
     </span>
     <span class='ocr_line' id='line_1_6' title="bbox 177 428 949 474; baseline 0 -10"><span class='ocrx_word' id='word_1_24' title='bbox 177 428 223 464; x_wconf 86' lang='lat' dir='ltr'>ad</span> <span class='ocrx_word' id='word_1_25' title='bbox 255 430 374 462; x_wconf 85' lang='lat' dir='ltr'>terras</span> <span class='ocrx_word' id='word_1_26' title='bbox 396 437 493 473; x_wconf 76' lang='lat' dir='ltr'>saepe</span> <span class='ocrx_word' id='word_1_27' title='bbox 514 428 675 474; x_wconf 78' lang='lat' dir='ltr'>Angelos</span> <span class='ocrx_word' id='word_1_28' title='bbox 695 428 919 464; x_wconf 86' lang='lat' dir='ltr'>ventitantes</span> <span class='ocrx_word' id='word_1_29' title='bbox 942 440 949 464; x_wconf 92' lang='lat'>:</span> 
     </span>
     <span class='ocr_line' id='line_1_7' title="bbox 177 473 954 520; baseline 0 -10"><span class='ocrx_word' id='word_1_30' title='bbox 177 484 220 510; x_wconf 84' lang='lat' dir='ltr'>ex</span> <span class='ocrx_word' id='word_1_31' title='bbox 241 473 372 519; x_wconf 88' lang='lat' dir='ltr'>hisque</span> <span class='ocrx_word' id='word_1_32' title='bbox 397 473 568 510; x_wconf 87' lang='lat' dir='ltr'>omnibus</span> <span class='ocrx_word' id='word_1_33' title='bbox 589 485 692 520; x_wconf 87' lang='lat' dir='ltr'>spem</span> <span class='ocrx_word' id='word_1_34' title='bbox 714 475 854 511; x_wconf 84' lang='lat' dir='ltr'>firmari</span> <span class='ocrx_word' id='word_1_35' title='bbox 877 486 954 511; x_wconf 86' lang='grc'><strong>001-</strong></span> 
     </span>
     <span class='ocr_line' id='line_1_8' title="bbox 176 520 954 567; baseline 0.003 -12"><span class='ocrx_word' id='word_1_36' title='bbox 176 520 359 556; x_wconf 88' lang='lat' dir='ltr'>tissimam</span> <span class='ocrx_word' id='word_1_37' title='bbox 394 520 618 557; x_wconf 84' lang='lat' dir='ltr'>futurorum.</span> <span class='ocrx_word' id='word_1_38' title='bbox 654 523 858 567; x_wconf 83' lang='lat' dir='ltr'>Propterea</span> <span class='ocrx_word' id='word_1_39' title='bbox 888 521 954 567; x_wconf 85' lang='lat' dir='ltr'>igi-</span> 
     </span>
     <span class='ocr_line' id='line_1_9' title="bbox 177 567 952 612; baseline 0.001 -10"><span class='ocrx_word' id='word_1_40' title='bbox 177 570 237 603; x_wconf 91' lang='lat' dir='ltr'>tur</span> <span class='ocrx_word' id='word_1_41' title='bbox 271 567 512 612; x_wconf 84' lang='lat' dir='ltr'>Evangelium</span> <span class='ocrx_word' id='word_1_42' title='bbox 555 568 627 604; x_wconf 88' lang='lat' dir='ltr'>ista</span> <span class='ocrx_word' id='word_1_43' title='bbox 657 572 810 604; x_wconf 85' lang='lat' dir='ltr'>vocatur</span> <span class='ocrx_word' id='word_1_44' title='bbox 834 569 952 603; x_wconf 87' lang='lat' dir='ltr'>histo-</span> 
     </span>
     <span class='ocr_line' id='line_1_10' title="bbox 176 613 953 660; baseline 0.001 -11"><span class='ocrx_word' id='word_1_45' title='bbox 176 613 246 657; x_wconf 81' lang='lat' dir='ltr'>ria,</span> <span class='ocrx_word' id='word_1_46' title='bbox 275 614 378 660; x_wconf 81' lang='lat' dir='ltr'>quasi</span> <span class='ocrx_word' id='word_1_47' title='bbox 413 614 553 650; x_wconf 85' lang='lat' dir='ltr'>scilicet</span> <span class='ocrx_word' id='word_1_48' title='bbox 578 615 705 650; x_wconf 81' lang='lat' dir='ltr'>onmia</span> <span class='ocrx_word' id='word_1_49' title='bbox 734 615 808 651; x_wconf 87' lang='lat' dir='ltr'>alia</span> <span class='ocrx_word' id='word_1_50' title='bbox 839 616 953 651; x_wconf 84' lang='lat' dir='ltr'>verba</span> 
     </span>
     <span class='ocr_line' id='line_1_11' title="bbox 176 661 953 708; baseline 0.001 -12"><span class='ocrx_word' id='word_1_51' title='bbox 176 661 305 697; x_wconf 85' lang='lat' dir='ltr'>inania</span> <span class='ocrx_word' id='word_1_52' title='bbox 324 661 543 705; x_wconf 80' lang='lat' dir='ltr'>doceantur,</span> <span class='ocrx_word' id='word_1_53' title='bbox 567 662 701 707; x_wconf 86' lang='lat' dir='ltr'>quihus</span> <span class='ocrx_word' id='word_1_54' title='bbox 727 662 953 708; x_wconf 71' lang='grc'><strong>5010010100-</strong></span> 
     </span>
     <span class='ocr_line' id='line_1_12' title="bbox 176 708 952 755; baseline 0.001 -12"><span class='ocrx_word' id='word_1_55' title='bbox 176 708 297 744; x_wconf 87' lang='lat' dir='ltr'>sentia</span> <span class='ocrx_word' id='word_1_56' title='bbox 316 708 496 753; x_wconf 86' lang='lat' dir='ltr'>promitti.</span> <span class='ocrx_word' id='word_1_57' title='bbox 514 710 601 751; x_wconf 80' lang='lat' dir='ltr'>Quae</span> <span class='ocrx_word' id='word_1_58' title='bbox 616 720 703 744; x_wconf 80' lang='lat' dir='ltr'>vero</span> <span class='ocrx_word' id='word_1_59' title='bbox 724 709 952 755; x_wconf 72' lang='lat' dir='ltr'>piscatorum</span> 
     </span>
     <span class='ocr_line' id='line_1_13' title="bbox 176 755 952 802; baseline 0 -11"><span class='ocrx_word' id='word_1_60' title='bbox 176 755 397 791; x_wconf 85' lang='lat' dir='ltr'>annuntiata</span> <span class='ocrx_word' id='word_1_61' title='bbox 436 758 521 790; x_wconf 85' lang='lat' dir='ltr'>sunt</span> <span class='ocrx_word' id='word_1_62' title='bbox 556 755 692 799; x_wconf 77' lang='lat' dir='ltr'>verbis,</span> <span class='ocrx_word' id='word_1_63' title='bbox 732 755 883 802; x_wconf 75' lang='lat' dir='ltr'>proprie</span> <span class='ocrx_word' id='word_1_64' title='bbox 910 766 952 791; x_wconf 88' lang='lat' dir='ltr'>ac</span> 
     </span>
     <span class='ocr_line' id='line_1_14' title="bbox 175 802 953 848; baseline 0.003 -12"><span class='ocrx_word' id='word_1_65' title='bbox 175 812 263 838; x_wconf 88' lang='lat' dir='ltr'>vere</span> <span class='ocrx_word' id='word_1_66' title='bbox 300 802 500 848; x_wconf 86' lang='lat' dir='ltr'>Evangelia</span> <span class='ocrx_word' id='word_1_67' title='bbox 539 802 782 838; x_wconf 77' lang='lat' dir='ltr'>nominantur</span> <span class='ocrx_word' id='word_1_68' title='bbox 819 814 827 837; x_wconf 89' lang='lat'>:</span> <span class='ocrx_word' id='word_1_69' title='bbox 864 803 953 848; x_wconf 85' lang='lat' dir='ltr'>quia</span> 
     </span>
     <span class='ocr_line' id='line_1_15' title="bbox 175 848 952 885; baseline 0.003 -2"><span class='ocrx_word' id='word_1_70' title='bbox 175 858 260 884; x_wconf 86' lang='lat' dir='ltr'>cum</span> <span class='ocrx_word' id='word_1_71' title='bbox 295 849 397 884; x_wconf 84' lang='lat' dir='ltr'>omni</span> <span class='ocrx_word' id='word_1_72' title='bbox 442 848 551 884; x_wconf 89' lang='lat' dir='ltr'>nobis</span> <span class='ocrx_word' id='word_1_73' title='bbox 594 849 772 885; x_wconf 81' lang='lat' dir='ltr'>facilitate</span> <span class='ocrx_word' id='word_1_74' title='bbox 812 849 952 885; x_wconf 87' lang='lat' dir='ltr'>donata</span> 
     </span>
     <span class='ocr_line' id='line_1_16' title="bbox 175 895 952 932; baseline 0.001 -2"><span class='ocrx_word' id='word_1_75' title='bbox 175 899 276 931; x_wconf 85' lang='lat' dir='ltr'>sunt.</span> <span class='ocrx_word' id='word_1_76' title='bbox 318 897 399 930; x_wconf 90' lang='lat' dir='ltr'>Non</span> <span class='ocrx_word' id='word_1_77' title='bbox 443 895 543 931; x_wconf 91' lang='lat' dir='ltr'>enim</span> <span class='ocrx_word' id='word_1_78' title='bbox 580 895 772 931; x_wconf 79' lang='lat' dir='ltr'>laboribus</span> <span class='ocrx_word' id='word_1_79' title='bbox 812 896 952 932; x_wconf 86' lang='lat' dir='ltr'>nostris</span> 
     </span>
     <span class='ocr_line' id='line_1_17' title="bbox 174 941 953 988; baseline 0.004 -12"><span class='ocrx_word' id='word_1_80' title='bbox 174 945 285 988; x_wconf 89' lang='lat' dir='ltr'>atque</span> <span class='ocrx_word' id='word_1_81' title='bbox 324 941 537 986; x_wconf 88' lang='lat' dir='ltr'>sudoribus,</span> <span class='ocrx_word' id='word_1_82' title='bbox 578 954 654 978; x_wconf 92' lang='lat' dir='ltr'>non</span> <span class='ocrx_word' id='word_1_83' title='bbox 686 942 880 979; x_wconf 89' lang='lat' dir='ltr'>doloribus</span> <span class='ocrx_word' id='word_1_84' title='bbox 916 947 953 979; x_wconf 85' lang='lat' dir='ltr'>et</span> 
     </span>
     <span class='ocr_line' id='line_1_18' title="bbox 173 988 951 1035; baseline 0.003 -12"><span class='ocrx_word' id='word_1_85' title='bbox 173 988 366 1033; x_wconf 67' lang='lat' dir='ltr'>aerumnis,</span> <span class='ocrx_word' id='word_1_86' title='bbox 392 989 457 1024; x_wconf 89' lang='lat' dir='ltr'>sed</span> <span class='ocrx_word' id='word_1_87' title='bbox 488 999 555 1035; x_wconf 89' lang='lat' dir='ltr'>per</span> <span class='ocrx_word' id='word_1_88' title='bbox 590 989 655 1025; x_wconf 92' lang='lat' dir='ltr'>Dei</span> <span class='ocrx_word' id='word_1_89' title='bbox 691 990 951 1026; x_wconf 89' lang='lat' dir='ltr'>tantummodo</span> 
     </span>
     <span class='ocr_line' id='line_1_19' title="bbox 175 1035 952 1082; baseline 0.003 -12"><span class='ocrx_word' id='word_1_90' title='bbox 175 1035 214 1070; x_wconf 92' lang='lat' dir='ltr'>in</span> <span class='ocrx_word' id='word_1_91' title='bbox 239 1046 309 1071; x_wconf 90' lang='lat' dir='ltr'>nos</span> <span class='ocrx_word' id='word_1_92' title='bbox 332 1036 569 1080; x_wconf 85' lang='lat' dir='ltr'>charitatem,</span> <span class='ocrx_word' id='word_1_93' title='bbox 591 1039 668 1072; x_wconf 89' lang='lat' dir='ltr'>tam</span> <span class='ocrx_word' id='word_1_94' title='bbox 693 1037 852 1082; x_wconf 83' lang='lat' dir='ltr'>grandia</span> <span class='ocrx_word' id='word_1_95' title='bbox 872 1038 952 1072; x_wconf 63' lang='lat' dir='ltr'>hcet:</span> 
     </span>
     <span class='ocr_line' id='line_1_20' title="bbox 172 1082 951 1129; baseline 0.003 -12"><span class='ocrx_word' id='word_1_96' title='bbox 172 1082 358 1128; x_wconf 88' lang='lat' dir='ltr'>promissa</span> <span class='ocrx_word' id='word_1_97' title='bbox 378 1083 610 1129; x_wconf 87' lang='lat' dir='ltr'>suscepimus</span> <span class='ocrx_word' id='word_1_98' title='bbox 630 1095 670 1118; x_wconf 79' lang='lat' dir='ltr'>t»</span> <span class='ocrx_word' id='word_1_99' title='bbox 700 1085 780 1119; x_wconf 84' lang='lat' dir='ltr'>haec</span> <span class='ocrx_word' id='word_1_100' title='bbox 798 1085 951 1129; x_wconf 70' lang='lat' dir='ltr'>Chryso-</span> 
     </span>
     <span class='ocr_line' id='line_1_21' title="bbox 170 1130 950 1175; baseline 0.004 -12"><span class='ocrx_word' id='word_1_101' title='bbox 170 1132 318 1165; x_wconf 77' lang='lat' dir='ltr'>stomus.</span> <span class='ocrx_word' id='word_1_102' title='bbox 334 1130 439 1166; x_wconf 88' lang='lat' dir='ltr'>Unde</span> <span class='ocrx_word' id='word_1_103' title='bbox 458 1133 494 1165; x_wconf 91' lang='lat' dir='ltr'>et</span> <span class='ocrx_word' id='word_1_104' title='bbox 510 1132 740 1175; x_wconf 74' lang='lat' dir='ltr'>Auqustinus</span> <span class='ocrx_word' id='word_1_105' title='bbox 758 1143 768 1165; x_wconf 89' lang='grc'>.-</span> <span class='ocrx_word' id='word_1_106' title='bbox 793 1145 810 1163; x_wconf 86' lang='lat'>«</span> <span class='ocrx_word' id='word_1_107' title='bbox 832 1133 950 1166; x_wconf 87' lang='lat' dir='ltr'>Evan-</span> 
     </span>
     <span class='ocr_line' id='line_1_22' title="bbox 170 1175 950 1223; baseline 0.004 -13"><span class='ocrx_word' id='word_1_108' title='bbox 170 1175 257 1222; x_wconf 91' lang='lat' dir='ltr'>gelii</span> <span class='ocrx_word' id='word_1_109' title='bbox 282 1186 421 1212; x_wconf 90' lang='lat' dir='ltr'>nomen</span> <span class='ocrx_word' id='word_1_110' title='bbox 448 1176 576 1213; x_wconf 79' lang='lat' dir='ltr'>Latine</span> <span class='ocrx_word' id='word_1_111' title='bbox 604 1177 872 1223; x_wconf 81' lang='lat' dir='ltr'>interpretatur</span> <span class='ocrx_word' id='word_1_112' title='bbox 891 1179 950 1213; x_wconf 83' lang='lat' dir='ltr'>bo-</span> 
     </span>
     <span class='ocr_line' id='line_1_23' title="bbox 170 1223 949 1265; baseline 0.003 -8"><span class='ocrx_word' id='word_1_113' title='bbox 170 1232 239 1257; x_wconf 81' lang='lat' dir='ltr'>nus</span> <span class='ocrx_word' id='word_1_114' title='bbox 276 1224 440 1263; x_wconf 70' lang='lat' dir='ltr'>nuntius,</span> <span class='ocrx_word' id='word_1_115' title='bbox 481 1223 539 1258; x_wconf 88' lang='lat' dir='ltr'>vel</span> <span class='ocrx_word' id='word_1_116' title='bbox 575 1224 665 1258; x_wconf 85' lang='lat' dir='ltr'>bona</span> <span class='ocrx_word' id='word_1_117' title='bbox 703 1226 949 1265; x_wconf 78' lang='lat' dir='ltr'>annuntiatio,</span> 
     </span>
     <span class='ocr_line' id='line_1_24' title="bbox 173 1268 952 1315; baseline 0.003 -11"><span class='ocrx_word' id='word_1_118' title='bbox 173 1268 273 1314; x_wconf 87' lang='lat' dir='ltr'>quod</span> <span class='ocrx_word' id='word_1_119' title='bbox 294 1269 445 1314; x_wconf 81' lang='lat' dir='ltr'>quIdem</span> <span class='ocrx_word' id='word_1_120' title='bbox 463 1279 546 1305; x_wconf 89' lang='lat' dir='ltr'>cum</span> <span class='ocrx_word' id='word_1_121' title='bbox 567 1269 708 1315; x_wconf 90' lang='lat' dir='ltr'>aliquid</span> <span class='ocrx_word' id='word_1_122' title='bbox 727 1271 866 1306; x_wconf 88' lang='lat' dir='ltr'>bonum</span> <span class='ocrx_word' id='word_1_123' title='bbox 888 1281 952 1306; x_wconf 91' lang='lat' dir='ltr'>an-</span> 
     </span>
     <span class='ocr_line' id='line_1_25' title="bbox 172 1314 951 1363; baseline 0.003 -13"><span class='ocrx_word' id='word_1_124' title='bbox 172 1314 381 1359; x_wconf 88' lang='lat' dir='ltr'>nuntiatur,</span> <span class='ocrx_word' id='word_1_125' title='bbox 392 1326 540 1361; x_wconf 86' lang='lat' dir='ltr'>semper</span> <span class='ocrx_word' id='word_1_126' title='bbox 560 1316 631 1351; x_wconf 83' lang='lat' dir='ltr'>diei</span> <span class='ocrx_word' id='word_1_127' title='bbox 644 1319 785 1362; x_wconf 88' lang='lat' dir='ltr'>potest:</span> <span class='ocrx_word' id='word_1_128' title='bbox 800 1316 951 1363; x_wconf 84' lang='lat' dir='ltr'>proprie</span> 
     </span>
     <span class='ocr_line' id='line_1_26' title="bbox 172 1362 952 1399; baseline 0.003 -2"><span class='ocrx_word' id='word_1_129' title='bbox 172 1364 298 1397; x_wconf 82' lang='lat' dir='ltr'>tamen</span> <span class='ocrx_word' id='word_1_130' title='bbox 315 1363 384 1398; x_wconf 89' lang='lat' dir='ltr'>hoc</span> <span class='ocrx_word' id='word_1_131' title='bbox 396 1362 618 1398; x_wconf 90' lang='lat' dir='ltr'>vocabulum</span> <span class='ocrx_word' id='word_1_132' title='bbox 635 1362 796 1399; x_wconf 84' lang='lat' dir='ltr'>obtinuit</span> <span class='ocrx_word' id='word_1_133' title='bbox 808 1374 952 1399; x_wconf 90' lang='lat' dir='ltr'>annun-</span> 
     </span>
     <span class='ocr_line' id='line_1_27' title="bbox 172 1407 950 1456; baseline 0.004 -13"><span class='ocrx_word' id='word_1_134' title='bbox 172 1407 278 1444; x_wconf 87' lang='lat' dir='ltr'>tiatio</span> <span class='ocrx_word' id='word_1_135' title='bbox 311 1409 528 1445; x_wconf 89' lang='lat' dir='ltr'>Salvatoris.</span> <span class='ocrx_word' id='word_1_136' title='bbox 565 1411 787 1446; x_wconf 88' lang='lat' dir='ltr'>Narratores</span> <span class='ocrx_word' id='word_1_137' title='bbox 814 1410 950 1456; x_wconf 86' lang='lat' dir='ltr'>quippe</span> 
     </span>
     <span class='ocr_line' id='line_1_28' title="bbox 172 1455 950 1502; baseline 0.003 -11"><span class='ocrx_word' id='word_1_138' title='bbox 172 1455 344 1501; x_wconf 86' lang='lat' dir='ltr'>originis,</span> <span class='ocrx_word' id='word_1_139' title='bbox 367 1456 564 1499; x_wconf 84' lang='lat' dir='ltr'>sactorum,</span> <span class='ocrx_word' id='word_1_140' title='bbox 592 1456 851 1502; x_wconf 81' lang='lat' dir='ltr'>dictorumque</span> <span class='ocrx_word' id='word_1_141' title='bbox 878 1459 950 1493; x_wconf 93' lang='lat' dir='ltr'>Do-</span> 
     </span>
     <span class='ocr_line' id='line_1_29' title="bbox 174 1501 950 1550; baseline 0.004 -13"><span class='ocrx_word' id='word_1_142' title='bbox 174 1501 266 1537; x_wconf 89' lang='lat' dir='ltr'>mini</span> <span class='ocrx_word' id='word_1_143' title='bbox 286 1503 405 1538; x_wconf 88' lang='lat' dir='ltr'>nostri</span> <span class='ocrx_word' id='word_1_144' title='bbox 424 1505 514 1539; x_wconf 85' lang='lat' dir='ltr'>Jesu</span> <span class='ocrx_word' id='word_1_145' title='bbox 534 1503 671 1539; x_wconf 85' lang='lat' dir='ltr'>Christi</span> <span class='ocrx_word' id='word_1_146' title='bbox 688 1504 840 1550; x_wconf 90' lang='lat' dir='ltr'>proprie</span> <span class='ocrx_word' id='word_1_147' title='bbox 861 1504 950 1540; x_wconf 86' lang='lat' dir='ltr'>dicti</span> 
     </span>
     <span class='ocr_line' id='line_1_30' title="bbox 173 1550 575 1596; baseline -0.005 -12"><span class='ocrx_word' id='word_1_148' title='bbox 173 1551 260 1585; x_wconf 85' lang='lat' dir='ltr'>sunt</span> <span class='ocrx_word' id='word_1_149' title='bbox 275 1550 533 1596; x_wconf 85' lang='lat' dir='ltr'>Evangelistae.</span> <span class='ocrx_word' id='word_1_150' title='bbox 557 1563 575 1582; x_wconf 66' lang='grc' dir='ltr'>η</span> 
     </span>
    </p>

    <p class='ocr_par' dir='ltr' id='par_1_3' title="bbox 169 1597 952 2157">
     <span class='ocr_line' id='line_1_31' title="bbox 225 1597 951 1634; baseline 0.004 -3"><span class='ocrx_word' id='word_1_151' title='bbox 225 1599 265 1631; x_wconf 87' lang='grc'>16</span> <span class='ocrx_word' id='word_1_152' title='bbox 289 1597 544 1632; x_wconf 64' lang='grc' dir='ltr'><strong>ΕνΑΝο01151-.Ε</strong></span> <span class='ocrx_word' id='word_1_153' title='bbox 570 1608 641 1632; x_wconf 78' lang='lat' dir='ltr'>NON</span> <span class='ocrx_word' id='word_1_154' title='bbox 671 1608 805 1633; x_wconf 69' lang='grc' dir='ltr'><strong>50111)Εο</strong></span> <span class='ocrx_word' id='word_1_155' title='bbox 833 1609 951 1634; x_wconf 78' lang='lat' dir='ltr'><strong>RERUM</strong></span> 
     </span>
     <span class='ocr_line' id='line_1_32' title="bbox 174 1652 952 1681; baseline 0.004 -3"><span class='ocrx_word' id='word_1_156' title='bbox 174 1652 357 1679; x_wconf 84' lang='lat' dir='ltr'><strong>GESTARUM</strong></span> <span class='ocrx_word' id='word_1_157' title='bbox 395 1655 550 1679; x_wconf 66' lang='lat' dir='ltr'>onumen</span> <span class='ocrx_word' id='word_1_158' title='bbox 595 1655 860 1681; x_wconf 51' lang='lat' dir='ltr'>sssnvivenuxr.</span> <span class='ocrx_word' id='word_1_159' title='bbox 905 1665 952 1672; x_wconf 93' lang='lat'>—-</span> 
     </span>
     <span class='ocr_line' id='line_1_33' title="bbox 173 1689 950 1736; baseline 0.004 -11"><span class='ocrx_word' id='word_1_160' title='bbox 173 1689 246 1725; x_wconf 91' lang='lat' dir='ltr'>Sed</span> <span class='ocrx_word' id='word_1_161' title='bbox 265 1694 466 1736; x_wconf 90' lang='lat' dir='ltr'>antequam</span> <span class='ocrx_word' id='word_1_162' title='bbox 483 1691 530 1726; x_wconf 91' lang='lat' dir='ltr'>ad</span> <span class='ocrx_word' id='word_1_163' title='bbox 544 1690 734 1736; x_wconf 83' lang='lat' dir='ltr'>Evangelii</span> <span class='ocrx_word' id='word_1_164' title='bbox 754 1691 950 1728; x_wconf 89' lang='lat' dir='ltr'>historiam</span> 
     </span>
     <span class='ocr_line' id='line_1_34' title="bbox 172 1736 951 1785; baseline 0.004 -14"><span class='ocrx_word' id='word_1_165' title='bbox 172 1736 407 1781; x_wconf 83' lang='lat' dir='ltr'>accedamus,</span> <span class='ocrx_word' id='word_1_166' title='bbox 428 1737 524 1773; x_wconf 89' lang='lat' dir='ltr'>scias</span> <span class='ocrx_word' id='word_1_167' title='bbox 557 1738 656 1783; x_wconf 92' lang='lat' dir='ltr'>quod</span> <span class='ocrx_word' id='word_1_168' title='bbox 683 1739 854 1783; x_wconf 58' lang='lat' dir='ltr'>quaedam</span> <span class='ocrx_word' id='word_1_169' title='bbox 883 1750 951 1785; x_wconf 92' lang='lat' dir='ltr'>per</span> 
     </span>
     <span class='ocr_line' id='line_1_35' title="bbox 171 1784 949 1829; baseline 0.004 -11"><span class='ocrx_word' id='word_1_170' title='bbox 171 1784 428 1829; x_wconf 88' lang='lat' dir='ltr'>Evangelistas</span> <span class='ocrx_word' id='word_1_171' title='bbox 479 1784 693 1829; x_wconf 83' lang='lat' dir='ltr'>salubriter,</span> <span class='ocrx_word' id='word_1_172' title='bbox 745 1785 949 1821; x_wconf 85' lang='lat' dir='ltr'>directione</span> 
     </span>
     <span class='ocr_line' id='line_1_36' title="bbox 171 1830 948 1877; baseline 0.004 -12"><span class='ocrx_word' id='word_1_173' title='bbox 171 1830 330 1875; x_wconf 87' lang='lat' dir='ltr'>Spiritus</span> <span class='ocrx_word' id='word_1_174' title='bbox 376 1831 530 1875; x_wconf 85' lang='lat' dir='ltr'>Sancti,</span> <span class='ocrx_word' id='word_1_175' title='bbox 567 1831 771 1877; x_wconf 89' lang='lat' dir='ltr'>aliquando</span> <span class='ocrx_word' id='word_1_176' title='bbox 815 1832 948 1868; x_wconf 83' lang='lat' dir='ltr'>antici-</span> 
     </span>
     <span class='ocr_line' id='line_1_37' title="bbox 170 1877 950 1925; baseline 0.005 -14"><span class='ocrx_word' id='word_1_177' title='bbox 170 1877 309 1922; x_wconf 88' lang='lat' dir='ltr'>pando,</span> <span class='ocrx_word' id='word_1_178' title='bbox 337 1878 395 1913; x_wconf 86' lang='lat' dir='ltr'>vel</span> <span class='ocrx_word' id='word_1_179' title='bbox 424 1879 734 1924; x_wconf 68' lang='lat' dir='ltr'>przeoccupando,</span> <span class='ocrx_word' id='word_1_180' title='bbox 763 1889 845 1924; x_wconf 70' lang='grc' dir='ltr'><strong>(111ἓο</strong></span> <span class='ocrx_word' id='word_1_181' title='bbox 865 1883 950 1925; x_wconf 86' lang='lat' dir='ltr'>post</span> 
     </span>
     <span class='ocr_line' id='line_1_38' title="bbox 169 1922 949 1970; baseline 0.005 -12"><span class='ocrx_word' id='word_1_182' title='bbox 169 1922 330 1959; x_wconf 86' lang='lat' dir='ltr'>dicenda</span> <span class='ocrx_word' id='word_1_183' title='bbox 361 1928 496 1968; x_wconf 87' lang='lat' dir='ltr'>erant;</span> <span class='ocrx_word' id='word_1_184' title='bbox 534 1924 734 1970; x_wconf 89' lang='lat' dir='ltr'>aliquando</span> <span class='ocrx_word' id='word_1_185' title='bbox 766 1936 949 1962; x_wconf 89' lang='lat' dir='ltr'>rememo-</span> 
     </span>
     <span class='ocr_line' id='line_1_39' title="bbox 171 1970 947 2018; baseline 0.005 -13"><span class='ocrx_word' id='word_1_186' title='bbox 171 1970 305 2015; x_wconf 87' lang='lat' dir='ltr'>rando,</span> <span class='ocrx_word' id='word_1_187' title='bbox 342 1972 398 2006; x_wconf 91' lang='lat' dir='ltr'>vel</span> <span class='ocrx_word' id='word_1_188' title='bbox 430 1972 662 2008; x_wconf 89' lang='lat' dir='ltr'>recordando</span> <span class='ocrx_word' id='word_1_189' title='bbox 689 1983 771 2018; x_wconf 82' lang='grc' dir='ltr'><strong>(111εο</strong></span> <span class='ocrx_word' id='word_1_190' title='bbox 809 1973 947 2009; x_wconf 86' lang='grc'><strong>010150-</strong></span> 
     </span>
     <span class='ocr_line' id='line_1_40' title="bbox 171 2017 948 2065; baseline 0.005 -14"><span class='ocrx_word' id='word_1_191' title='bbox 171 2020 279 2060; x_wconf 85' lang='lat' dir='ltr'>rant;</span> <span class='ocrx_word' id='word_1_192' title='bbox 301 2020 337 2052; x_wconf 92' lang='lat' dir='ltr'>et</span> <span class='ocrx_word' id='word_1_193' title='bbox 357 2017 559 2063; x_wconf 86' lang='lat' dir='ltr'>aliquando</span> <span class='ocrx_word' id='word_1_194' title='bbox 577 2018 877 2065; x_wconf 87' lang='lat' dir='ltr'>recapitulando,</span> <span class='ocrx_word' id='word_1_195' title='bbox 890 2020 948 2056; x_wconf 84' lang='lat' dir='ltr'>vel</span> 
     </span>
     <span class='ocr_line' id='line_1_41' title="bbox 172 2064 950 2112; baseline 0.005 -14"><span class='ocrx_word' id='word_1_196' title='bbox 172 2064 374 2109; x_wconf 89' lang='lat' dir='ltr'>repetendo</span> <span class='ocrx_word' id='word_1_197' title='bbox 404 2075 486 2110; x_wconf 83' lang='lat' dir='ltr'>quae</span> <span class='ocrx_word' id='word_1_198' title='bbox 517 2065 615 2101; x_wconf 90' lang='lat' dir='ltr'>dicta</span> <span class='ocrx_word' id='word_1_199' title='bbox 643 2066 803 2110; x_wconf 86' lang='lat' dir='ltr'>fuerant,</span> <span class='ocrx_word' id='word_1_200' title='bbox 828 2066 950 2112; x_wconf 90' lang='lat' dir='ltr'>posita</span> 
     </span>
     <span class='ocr_line' id='line_1_42' title="bbox 169 2112 949 2157; baseline 0.004 -11"><span class='ocrx_word' id='word_1_201' title='bbox 169 2114 258 2146; x_wconf 84' lang='lat' dir='ltr'>sunt</span> <span class='ocrx_word' id='word_1_202' title='bbox 281 2122 289 2146; x_wconf 78' lang='lat' dir='ltr'><strong><em>z</em></strong></span> <span class='ocrx_word' id='word_1_203' title='bbox 316 2122 398 2157; x_wconf 72' lang='lat' dir='ltr'>quae</span> <span class='ocrx_word' id='word_1_204' title='bbox 424 2112 594 2157; x_wconf 90' lang='lat' dir='ltr'>quamvis</span> <span class='ocrx_word' id='word_1_205' title='bbox 627 2112 737 2150; x_wconf 87' lang='lat' dir='ltr'>aliter</span> <span class='ocrx_word' id='word_1_206' title='bbox 762 2113 949 2150; x_wconf 83' lang='lat' dir='ltr'>conscribi</span> 
     </span>
    </p>
   </div>
   <div class='ocr_carea' id='block_1_3' title="bbox 1021 240 1810 2158">
    <p class='ocr_par' dir='ltr' id='par_1_4' title="bbox 1021 240 1810 1502">
     <span class='ocr_line' id='line_1_43' title="bbox 1024 240 1800 286; baseline 0.001 -10"><span class='ocrx_word' id='word_1_207' title='bbox 1024 251 1099 276; x_wconf 91' lang='lat' dir='ltr'>non</span> <span class='ocrx_word' id='word_1_208' title='bbox 1120 240 1300 277; x_wconf 90' lang='lat' dir='ltr'>deberent</span> <span class='ocrx_word' id='word_1_209' title='bbox 1325 250 1436 286; x_wconf 89' lang='lat' dir='ltr'>quam</span> <span class='ocrx_word' id='word_1_210' title='bbox 1465 250 1532 286; x_wconf 90' lang='lat' dir='ltr'>per</span> <span class='ocrx_word' id='word_1_211' title='bbox 1554 251 1633 285; x_wconf 86' lang='lat' dir='ltr'>eos,</span> <span class='ocrx_word' id='word_1_212' title='bbox 1659 251 1800 277; x_wconf 90' lang='lat' dir='ltr'>summe</span> 
     </span>
     <span class='ocr_line' id='line_1_44' title="bbox 1026 286 1800 333; baseline 0.003 -11"><span class='ocrx_word' id='word_1_213' title='bbox 1026 287 1165 323; x_wconf 88' lang='lat' dir='ltr'>utiliter</span> <span class='ocrx_word' id='word_1_214' title='bbox 1187 291 1272 323; x_wconf 91' lang='lat' dir='ltr'>sunt</span> <span class='ocrx_word' id='word_1_215' title='bbox 1293 287 1432 322; x_wconf 84' lang='lat' dir='ltr'>dictata</span> <span class='ocrx_word' id='word_1_216' title='bbox 1455 299 1462 322; x_wconf 94' lang='lat'>:</span> <span class='ocrx_word' id='word_1_217' title='bbox 1489 286 1576 333; x_wconf 87' lang='lat' dir='ltr'>quia</span> <span class='ocrx_word' id='word_1_218' title='bbox 1596 288 1800 324; x_wconf 87' lang='lat' dir='ltr'>secundum</span> 
     </span>
     <span class='ocr_line' id='line_1_45' title="bbox 1025 333 1803 380; baseline 0.003 -11"><span class='ocrx_word' id='word_1_219' title='bbox 1025 336 1274 378; x_wconf 71' lang='lat' dir='ltr'>Auqustinum</span> <span class='ocrx_word' id='word_1_220' title='bbox 1320 333 1515 380; x_wconf 89' lang='lat' dir='ltr'>probabile</span> <span class='ocrx_word' id='word_1_221' title='bbox 1570 337 1626 370; x_wconf 88' lang='lat' dir='ltr'>est</span> <span class='ocrx_word' id='word_1_222' title='bbox 1651 361 1659 379; x_wconf 92' lang='lat'>‚</span> <span class='ocrx_word' id='word_1_223' title='bbox 1705 336 1803 380; x_wconf 90' lang='lat' dir='ltr'>quod</span> 
     </span>
     <span class='ocr_line' id='line_1_46' title="bbox 1027 381 1803 427; baseline 0 -10"><span class='ocrx_word' id='word_1_224' title='bbox 1027 381 1281 427; x_wconf 88' lang='lat' dir='ltr'>unusquisque</span> <span class='ocrx_word' id='word_1_225' title='bbox 1317 381 1655 426; x_wconf 77' lang='lat' dir='ltr'>EvangeliStarum,</span> <span class='ocrx_word' id='word_1_226' title='bbox 1684 392 1728 417; x_wconf 92' lang='lat' dir='ltr'>eo</span> <span class='ocrx_word' id='word_1_227' title='bbox 1764 392 1803 417; x_wconf 90' lang='lat' dir='ltr'>se</span> 
     </span>
     <span class='ocr_line' id='line_1_47' title="bbox 1026 427 1803 474; baseline 0 -11"><span class='ocrx_word' id='word_1_228' title='bbox 1026 428 1156 464; x_wconf 91' lang='lat' dir='ltr'>ordine</span> <span class='ocrx_word' id='word_1_229' title='bbox 1177 427 1333 463; x_wconf 87' lang='lat' dir='ltr'>credidit</span> <span class='ocrx_word' id='word_1_230' title='bbox 1353 427 1527 464; x_wconf 89' lang='lat' dir='ltr'>debuisse</span> <span class='ocrx_word' id='word_1_231' title='bbox 1548 438 1718 473; x_wconf 88' lang='lat' dir='ltr'>narrare,</span> <span class='ocrx_word' id='word_1_232' title='bbox 1731 438 1803 474; x_wconf 90' lang='lat' dir='ltr'>quo</span> 
     </span>
     <span class='ocr_line' id='line_1_48' title="bbox 1026 474 1804 521; baseline 0 -11"><span class='ocrx_word' id='word_1_233' title='bbox 1026 477 1123 510; x_wconf 90' lang='lat' dir='ltr'>Deus</span> <span class='ocrx_word' id='word_1_234' title='bbox 1149 474 1264 509; x_wconf 84' lang='lat' dir='ltr'>voluit</span> <span class='ocrx_word' id='word_1_235' title='bbox 1285 475 1364 520; x_wconf 85' lang='lat' dir='ltr'>ejus</span> <span class='ocrx_word' id='word_1_236' title='bbox 1390 474 1643 510; x_wconf 87' lang='lat' dir='ltr'>recordationi</span> <span class='ocrx_word' id='word_1_237' title='bbox 1671 485 1804 521; x_wconf 88' lang='lat' dir='ltr'>sugge-</span> 
     </span>
     <span class='ocr_line' id='line_1_49' title="bbox 1026 520 1805 566; baseline 0.001 -10"><span class='ocrx_word' id='word_1_238' title='bbox 1026 532 1123 556; x_wconf 86' lang='lat' dir='ltr'>rere.</span> <span class='ocrx_word' id='word_1_239' title='bbox 1142 523 1194 556; x_wconf 89' lang='lat' dir='ltr'>Ne</span> <span class='ocrx_word' id='word_1_240' title='bbox 1214 524 1339 556; x_wconf 88' lang='lat' dir='ltr'>tamen</span> <span class='ocrx_word' id='word_1_241' title='bbox 1358 521 1501 557; x_wconf 86' lang='lat' dir='ltr'>turbari</span> <span class='ocrx_word' id='word_1_242' title='bbox 1521 521 1639 566; x_wconf 88' lang='lat' dir='ltr'>possit</span> <span class='ocrx_word' id='word_1_243' title='bbox 1657 520 1805 557; x_wconf 86' lang='lat' dir='ltr'>devotio</span> 
     </span>
     <span class='ocr_line' id='line_1_50' title="bbox 1027 567 1805 614; baseline 0.001 -11"><span class='ocrx_word' id='word_1_244' title='bbox 1027 568 1281 614; x_wconf 88' lang='lat' dir='ltr'>parvulorum,</span> <span class='ocrx_word' id='word_1_245' title='bbox 1317 568 1408 603; x_wconf 87' lang='lat' dir='ltr'>locis</span> <span class='ocrx_word' id='word_1_246' title='bbox 1446 567 1600 612; x_wconf 89' lang='lat' dir='ltr'>debitis,</span> <span class='ocrx_word' id='word_1_247' title='bbox 1642 568 1805 614; x_wconf 85' lang='lat' dir='ltr'>quodam</span> 
     </span>
     <span class='ocr_line' id='line_1_51' title="bbox 1028 614 1805 659; baseline 0.001 -10"><span class='ocrx_word' id='word_1_248' title='bbox 1028 614 1158 650; x_wconf 92' lang='lat' dir='ltr'>ordine</span> <span class='ocrx_word' id='word_1_249' title='bbox 1179 615 1266 657; x_wconf 77' lang='lat' dir='ltr'>allo,</span> <span class='ocrx_word' id='word_1_250' title='bbox 1288 617 1399 659; x_wconf 90' lang='lat' dir='ltr'>prout</span> <span class='ocrx_word' id='word_1_251' title='bbox 1430 625 1491 649; x_wconf 89' lang='lat' dir='ltr'>res</span> <span class='ocrx_word' id='word_1_252' title='bbox 1523 618 1642 659; x_wconf 87' lang='lat' dir='ltr'>gesta,</span> <span class='ocrx_word' id='word_1_253' title='bbox 1663 615 1722 650; x_wconf 80' lang='lat' dir='ltr'>vel</span> <span class='ocrx_word' id='word_1_254' title='bbox 1749 615 1805 650; x_wconf 92' lang='lat' dir='ltr'>di-</span> 
     </span>
     <span class='ocr_line' id='line_1_52' title="bbox 1028 660 1808 706; baseline 0.001 -10"><span class='ocrx_word' id='word_1_255' title='bbox 1028 661 1134 696; x_wconf 81' lang='lat' dir='ltr'>cendi</span> <span class='ocrx_word' id='word_1_256' title='bbox 1177 660 1423 705; x_wconf 82' lang='lat' dir='ltr'>congruentia</span> <span class='ocrx_word' id='word_1_257' title='bbox 1468 660 1615 706; x_wconf 83' lang='lat' dir='ltr'>exigere</span> <span class='ocrx_word' id='word_1_258' title='bbox 1657 660 1808 697; x_wconf 88' lang='lat' dir='ltr'>videba-</span> 
     </span>
     <span class='ocr_line' id='line_1_53' title="bbox 1029 707 1806 753; baseline 0.003 -11"><span class='ocrx_word' id='word_1_259' title='bbox 1029 711 1099 751; x_wconf 85' lang='lat' dir='ltr'>tur,</span> <span class='ocrx_word' id='word_1_260' title='bbox 1132 707 1170 743; x_wconf 90' lang='lat' dir='ltr'>in</span> <span class='ocrx_word' id='word_1_261' title='bbox 1200 707 1446 753; x_wconf 81' lang='lat' dir='ltr'>sequentibus</span> <span class='ocrx_word' id='word_1_262' title='bbox 1474 718 1541 753; x_wconf 87' lang='lat' dir='ltr'>per</span> <span class='ocrx_word' id='word_1_263' title='bbox 1565 707 1737 743; x_wconf 84' lang='lat' dir='ltr'>ordinem</span> <span class='ocrx_word' id='word_1_264' title='bbox 1758 708 1806 744; x_wconf 90' lang='lat' dir='ltr'>si-</span> 
     </span>
     <span class='ocr_line' id='line_1_54' title="bbox 1026 754 1809 799; baseline 0 -9"><span class='ocrx_word' id='word_1_265' title='bbox 1026 758 1194 790; x_wconf 86' lang='lat' dir='ltr'>tuantur.</span> <span class='ocrx_word' id='word_1_266' title='bbox 1218 755 1298 789; x_wconf 92' lang='lat' dir='ltr'>Non</span> <span class='ocrx_word' id='word_1_267' title='bbox 1319 756 1445 790; x_wconf 91' lang='lat' dir='ltr'>tamen</span> <span class='ocrx_word' id='word_1_268' title='bbox 1463 754 1610 789; x_wconf 84' lang='lat' dir='ltr'>affirmo</span> <span class='ocrx_word' id='word_1_269' title='bbox 1628 754 1727 799; x_wconf 86' lang='lat' dir='ltr'>quod</span> <span class='ocrx_word' id='word_1_270' title='bbox 1749 754 1809 790; x_wconf 89' lang='lat' dir='ltr'>hic</span> 
     </span>
     <span class='ocr_line' id='line_1_55' title="bbox 1026 801 1808 845; baseline 0 -9"><span class='ocrx_word' id='word_1_271' title='bbox 1026 801 1073 836; x_wconf 91' lang='lat' dir='ltr'>sit</span> <span class='ocrx_word' id='word_1_272' title='bbox 1106 812 1230 845; x_wconf 84' lang='lat' dir='ltr'>verus,</span> <span class='ocrx_word' id='word_1_273' title='bbox 1260 811 1303 837; x_wconf 87' lang='lat' dir='ltr'>ac</span> <span class='ocrx_word' id='word_1_274' title='bbox 1337 805 1460 837; x_wconf 89' lang='lat' dir='ltr'>certus</span> <span class='ocrx_word' id='word_1_275' title='bbox 1493 804 1529 836; x_wconf 90' lang='lat' dir='ltr'>et</span> <span class='ocrx_word' id='word_1_276' title='bbox 1567 801 1717 837; x_wconf 90' lang='lat' dir='ltr'>debitus</span> <span class='ocrx_word' id='word_1_277' title='bbox 1752 801 1808 837; x_wconf 88' lang='lat' dir='ltr'>rei</span> 
     </span>
     <span class='ocr_line' id='line_1_56' title="bbox 1025 847 1810 894; baseline -0.001 -10"><span class='ocrx_word' id='word_1_278' title='bbox 1025 851 1140 894; x_wconf 71' lang='lat' dir='ltr'>gestae</span> <span class='ocrx_word' id='word_1_279' title='bbox 1170 848 1262 884; x_wconf 90' lang='lat' dir='ltr'>ordo</span> <span class='ocrx_word' id='word_1_280' title='bbox 1289 848 1514 894; x_wconf 89' lang='lat' dir='ltr'>descriptus,</span> <span class='ocrx_word' id='word_1_281' title='bbox 1536 847 1625 893; x_wconf 88' lang='lat' dir='ltr'>quia</span> <span class='ocrx_word' id='word_1_282' title='bbox 1643 847 1730 884; x_wconf 86' lang='lat' dir='ltr'>talis</span> <span class='ocrx_word' id='word_1_283' title='bbox 1750 847 1810 883; x_wconf 83' lang='lat' dir='ltr'>vix</span> 
     </span>
     <span class='ocr_line' id='line_1_57' title="bbox 1025 895 1808 941; baseline 0 -11"><span class='ocrx_word' id='word_1_284' title='bbox 1025 896 1072 931; x_wconf 86' lang='lat' dir='ltr'>ab</span> <span class='ocrx_word' id='word_1_285' title='bbox 1093 895 1220 941; x_wconf 87' lang='lat' dir='ltr'>aliquo</span> <span class='ocrx_word' id='word_1_286' title='bbox 1240 895 1425 940; x_wconf 87' lang='lat' dir='ltr'>reperitur</span> <span class='ocrx_word' id='word_1_287' title='bbox 1443 905 1653 940; x_wconf 86' lang='lat' dir='ltr'>expressus.</span> <span class='ocrx_word' id='word_1_288' title='bbox 1667 896 1709 930; x_wconf 95' lang='lat' dir='ltr'>In</span> <span class='ocrx_word' id='word_1_289' title='bbox 1726 895 1808 941; x_wconf 87' lang='lat' dir='ltr'>ipso</span> 
     </span>
     <span class='ocr_line' id='line_1_58' title="bbox 1025 941 1808 987; baseline -0.001 -9"><span class='ocrx_word' id='word_1_290' title='bbox 1025 946 1149 978; x_wconf 89' lang='lat' dir='ltr'>autem</span> <span class='ocrx_word' id='word_1_291' title='bbox 1175 942 1390 987; x_wconf 78' lang='lat' dir='ltr'>Evangelio,</span> <span class='ocrx_word' id='word_1_292' title='bbox 1418 941 1585 987; x_wconf 86' lang='lat' dir='ltr'>reperies</span> <span class='ocrx_word' id='word_1_293' title='bbox 1610 941 1724 978; x_wconf 90' lang='lat' dir='ltr'>Verbi</span> <span class='ocrx_word' id='word_1_294' title='bbox 1746 941 1808 977; x_wconf 86' lang='lat' dir='ltr'>in-</span> 
     </span>
     <span class='ocr_line' id='line_1_59' title="bbox 1025 988 1809 1034; baseline -0.003 -9"><span class='ocrx_word' id='word_1_295' title='bbox 1025 989 1167 1025; x_wconf 88' lang='lat' dir='ltr'>carnati</span> <span class='ocrx_word' id='word_1_296' title='bbox 1196 988 1405 1033; x_wconf 86' lang='lat' dir='ltr'>historiam,</span> <span class='ocrx_word' id='word_1_297' title='bbox 1438 989 1616 1024; x_wconf 86' lang='lat' dir='ltr'>mandata</span> <span class='ocrx_word' id='word_1_298' title='bbox 1651 991 1687 1024; x_wconf 90' lang='lat' dir='ltr'>et</span> <span class='ocrx_word' id='word_1_299' title='bbox 1719 998 1809 1034; x_wconf 89' lang='lat' dir='ltr'>pro-</span> 
     </span>
     <span class='ocr_line' id='line_1_60' title="bbox 1025 1034 1809 1081; baseline -0.001 -10"><span class='ocrx_word' id='word_1_300' title='bbox 1025 1036 1139 1072; x_wconf 88' lang='lat' dir='ltr'>missa</span> <span class='ocrx_word' id='word_1_301' title='bbox 1161 1047 1169 1071; x_wconf 88' lang='lat'>:</span> <span class='ocrx_word' id='word_1_302' title='bbox 1192 1035 1230 1071; x_wconf 90' lang='lat' dir='ltr'>in</span> <span class='ocrx_word' id='word_1_303' title='bbox 1249 1036 1386 1081; x_wconf 88' lang='lat' dir='ltr'>quibus</span> <span class='ocrx_word' id='word_1_304' title='bbox 1404 1036 1522 1071; x_wconf 89' lang='lat' dir='ltr'>habes</span> <span class='ocrx_word' id='word_1_305' title='bbox 1542 1035 1655 1080; x_wconf 90' lang='lat' dir='ltr'>viam,</span> <span class='ocrx_word' id='word_1_306' title='bbox 1673 1034 1809 1071; x_wconf 89' lang='lat' dir='ltr'>verita-</span> 
     </span>
     <span class='ocr_line' id='line_1_61' title="bbox 1024 1081 1806 1128; baseline 0 -10"><span class='ocrx_word' id='word_1_307' title='bbox 1024 1086 1114 1127; x_wconf 91' lang='lat' dir='ltr'>tem,</span> <span class='ocrx_word' id='word_1_308' title='bbox 1133 1086 1169 1118; x_wconf 90' lang='lat' dir='ltr'>et</span> <span class='ocrx_word' id='word_1_309' title='bbox 1192 1083 1319 1118; x_wconf 84' lang='lat' dir='ltr'>vitam.</span> <span class='ocrx_word' id='word_1_310' title='bbox 1344 1082 1479 1119; x_wconf 83' lang='lat' dir='ltr'>Christi</span> <span class='ocrx_word' id='word_1_311' title='bbox 1505 1081 1619 1127; x_wconf 89' lang='lat' dir='ltr'>igitur</span> <span class='ocrx_word' id='word_1_312' title='bbox 1636 1082 1806 1128; x_wconf 86' lang='lat' dir='ltr'>exemplo</span> 
     </span>
     <span class='ocr_line' id='line_1_62' title="bbox 1024 1128 1803 1175; baseline -0.001 -10"><span class='ocrx_word' id='word_1_313' title='bbox 1024 1140 1151 1174; x_wconf 86' lang='lat' dir='ltr'>nosce,</span> <span class='ocrx_word' id='word_1_314' title='bbox 1171 1129 1260 1175; x_wconf 87' lang='lat' dir='ltr'>quia</span> <span class='ocrx_word' id='word_1_315' title='bbox 1280 1130 1375 1165; x_wconf 91' lang='grc'><strong>0000</strong></span> <span class='ocrx_word' id='word_1_316' title='bbox 1402 1129 1526 1164; x_wconf 89' lang='lat' dir='ltr'>vivere</span> <span class='ocrx_word' id='word_1_317' title='bbox 1547 1128 1682 1174; x_wconf 86' lang='lat' dir='ltr'>possis,</span> <span class='ocrx_word' id='word_1_318' title='bbox 1706 1138 1803 1174; x_wconf 83' lang='lat' dir='ltr'>prae-</span> 
     </span>
     <span class='ocr_line' id='line_1_63' title="bbox 1023 1175 1802 1222; baseline -0.001 -10"><span class='ocrx_word' id='word_1_319' title='bbox 1023 1176 1139 1222; x_wconf 88' lang='lat' dir='ltr'>ceptis</span> <span class='ocrx_word' id='word_1_320' title='bbox 1166 1177 1263 1212; x_wconf 89' lang='lat' dir='ltr'>bene</span> <span class='ocrx_word' id='word_1_321' title='bbox 1304 1176 1428 1212; x_wconf 88' lang='lat' dir='ltr'>vivere</span> <span class='ocrx_word' id='word_1_322' title='bbox 1467 1175 1576 1220; x_wconf 90' lang='lat' dir='ltr'>scias,</span> <span class='ocrx_word' id='word_1_323' title='bbox 1604 1175 1802 1221; x_wconf 88' lang='lat' dir='ltr'>promissis</span> 
     </span>
     <span class='ocr_line' id='line_1_64' title="bbox 1023 1222 1798 1267; baseline -0.001 -8"><span class='ocrx_word' id='word_1_324' title='bbox 1023 1224 1118 1259; x_wconf 88' lang='lat' dir='ltr'>bene</span> <span class='ocrx_word' id='word_1_325' title='bbox 1135 1223 1260 1258; x_wconf 79' lang='lat' dir='ltr'>vivere</span> <span class='ocrx_word' id='word_1_326' title='bbox 1282 1223 1387 1258; x_wconf 88' lang='lat' dir='ltr'>velis.</span> <span class='ocrx_word' id='word_1_327' title='bbox 1415 1222 1479 1258; x_wconf 88' lang='lat' dir='ltr'>His</span> <span class='ocrx_word' id='word_1_328' title='bbox 1512 1222 1638 1267; x_wconf 89' lang='lat' dir='ltr'>itaque</span> <span class='ocrx_word' id='word_1_329' title='bbox 1665 1222 1798 1266; x_wconf 89' lang='lat' dir='ltr'>tribus,</span> 
     </span>
     <span class='ocr_line' id='line_1_65' title="bbox 1022 1268 1801 1315; baseline -0.001 -10"><span class='ocrx_word' id='word_1_330' title='bbox 1022 1270 1094 1305; x_wconf 88' lang='lat' dir='ltr'>tria</span> <span class='ocrx_word' id='word_1_331' title='bbox 1115 1269 1265 1315; x_wconf 91' lang='lat' dir='ltr'>pulsare</span> <span class='ocrx_word' id='word_1_332' title='bbox 1283 1280 1435 1305; x_wconf 85' lang='lat' dir='ltr'>necesse</span> <span class='ocrx_word' id='word_1_333' title='bbox 1453 1272 1523 1312; x_wconf 88' lang='lat' dir='ltr'>est,</span> <span class='ocrx_word' id='word_1_334' title='bbox 1546 1268 1686 1304; x_wconf 88' lang='lat' dir='ltr'>scilicet</span> <span class='ocrx_word' id='word_1_335' title='bbox 1709 1268 1801 1304; x_wconf 88' lang='lat' dir='ltr'>:im-</span> 
     </span>
     <span class='ocr_line' id='line_1_66' title="bbox 1021 1315 1801 1362; baseline 0 -11"><span class='ocrx_word' id='word_1_336' title='bbox 1021 1316 1228 1362; x_wconf 86' lang='lat' dir='ltr'>potentiam</span> <span class='ocrx_word' id='word_1_337' title='bbox 1250 1343 1258 1360; x_wconf 98' lang='lat'>,</span> <span class='ocrx_word' id='word_1_338' title='bbox 1287 1315 1539 1361; x_wconf 84' lang='lat' dir='ltr'>ignorantiam</span> <span class='ocrx_word' id='word_1_339' title='bbox 1563 1343 1572 1358; x_wconf 92' lang='lat'>,</span> <span class='ocrx_word' id='word_1_340' title='bbox 1606 1315 1801 1361; x_wconf 87' lang='lat' dir='ltr'>negligen-</span> 
     </span>
     <span class='ocr_line' id='line_1_67' title="bbox 1021 1361 1801 1409; baseline 0 -11"><span class='ocrx_word' id='word_1_341' title='bbox 1021 1363 1126 1398; x_wconf 87' lang='lat' dir='ltr'>tiam.</span> <span class='ocrx_word' id='word_1_342' title='bbox 1144 1364 1324 1408; x_wconf 83' lang='lat' dir='ltr'>Ignorans</span> <span class='ocrx_word' id='word_1_343' title='bbox 1336 1361 1589 1407; x_wconf 84' lang='lat' dir='ltr'>ignorabitur3</span> <span class='ocrx_word' id='word_1_344' title='bbox 1606 1362 1801 1409; x_wconf 87' lang='lat' dir='ltr'>negligens</span> 
     </span>
     <span class='ocr_line' id='line_1_68' title="bbox 1023 1408 1801 1454; baseline 0 -10"><span class='ocrx_word' id='word_1_345' title='bbox 1023 1420 1110 1445; x_wconf 84' lang='lat' dir='ltr'>vero</span> <span class='ocrx_word' id='word_1_346' title='bbox 1154 1409 1362 1452; x_wconf 80' lang='lat' dir='ltr'>nescietur3</span> <span class='ocrx_word' id='word_1_347' title='bbox 1399 1419 1563 1454; x_wconf 84' lang='lat' dir='ltr'>nequam</span> <span class='ocrx_word' id='word_1_348' title='bbox 1605 1408 1801 1445; x_wconf 87' lang='lat' dir='ltr'>simulator</span> 
     </span>
     <span class='ocr_line' id='line_1_69' title="bbox 1022 1455 1727 1502; baseline -0.001 -10"><span class='ocrx_word' id='word_1_349' title='bbox 1022 1455 1254 1502; x_wconf 58' lang='lat' dir='ltr'>impotentiae</span> <span class='ocrx_word' id='word_1_350' title='bbox 1279 1455 1524 1491; x_wconf 89' lang='lat' dir='ltr'>nihilominus</span> <span class='ocrx_word' id='word_1_351' title='bbox 1545 1455 1727 1501; x_wconf 87' lang='lat' dir='ltr'>ejicietur.</span> 
     </span>
    </p>

    <p class='ocr_par' dir='ltr' id='par_1_5' title="bbox 1021 1505 1802 2158">
     <span class='ocr_line' id='line_1_70' title="bbox 1074 1505 1799 1549; baseline -0.003 -10"><span class='ocrx_word' id='word_1_352' title='bbox 1074 1518 1113 1549; x_wconf 82' lang='lat'>17</span> <span class='ocrx_word' id='word_1_353' title='bbox 1133 1505 1360 1538; x_wconf 70' lang='lat' dir='ltr'>Exaoamrio</span> <span class='ocrx_word' id='word_1_354' title='bbox 1388 1514 1432 1538; x_wconf 77' lang='lat' dir='ltr'>An</span> <span class='ocrx_word' id='word_1_355' title='bbox 1464 1514 1601 1537; x_wconf 79' lang='lat' dir='ltr'>ANIMAM</span> <span class='ocrx_word' id='word_1_356' title='bbox 1621 1514 1799 1538; x_wconf 83' lang='lat' dir='ltr'><strong>DEVOTAM.</strong></span> 
     </span>
     <span class='ocr_line' id='line_1_71' title="bbox 1022 1549 1800 1596; baseline 0 -11"><span class='ocrx_word' id='word_1_357' title='bbox 1022 1570 1067 1576; x_wconf 91' lang='lat'>—</span> <span class='ocrx_word' id='word_1_358' title='bbox 1094 1549 1357 1596; x_wconf 85' lang='lat' dir='ltr'>Expergiscere</span> <span class='ocrx_word' id='word_1_359' title='bbox 1379 1560 1482 1595; x_wconf 84' lang='lat' dir='ltr'>erg0‚</span> <span class='ocrx_word' id='word_1_360' title='bbox 1507 1549 1634 1585; x_wconf 89' lang='lat' dir='ltr'>anima</span> <span class='ocrx_word' id='word_1_361' title='bbox 1654 1549 1800 1586; x_wconf 87' lang='lat' dir='ltr'>Christo</span> 
     </span>
     <span class='ocr_line' id='line_1_72' title="bbox 1023 1595 1800 1641; baseline -0.001 -9"><span class='ocrx_word' id='word_1_362' title='bbox 1023 1597 1181 1641; x_wconf 80' lang='lat' dir='ltr'>devota3</span> <span class='ocrx_word' id='word_1_363' title='bbox 1208 1596 1355 1641; x_wconf 87' lang='lat' dir='ltr'>evigila,</span> <span class='ocrx_word' id='word_1_364' title='bbox 1381 1596 1502 1631; x_wconf 90' lang='lat' dir='ltr'>omnis</span> <span class='ocrx_word' id='word_1_365' title='bbox 1540 1596 1666 1631; x_wconf 88' lang='lat' dir='ltr'>anima</span> <span class='ocrx_word' id='word_1_366' title='bbox 1701 1595 1800 1632; x_wconf 88' lang='lat' dir='ltr'>chri-</span> 
     </span>
     <span class='ocr_line' id='line_1_73' title="bbox 1022 1643 1801 1689; baseline -0.001 -10"><span class='ocrx_word' id='word_1_367' title='bbox 1022 1644 1162 1687; x_wconf 71' lang='grc' dir='ltr'><strong>51100ος</strong></span> <span class='ocrx_word' id='word_1_368' title='bbox 1178 1646 1214 1679; x_wconf 87' lang='grc'>01</span> <span class='ocrx_word' id='word_1_369' title='bbox 1230 1643 1377 1689; x_wconf 87' lang='lat' dir='ltr'>singula</span> <span class='ocrx_word' id='word_1_370' title='bbox 1389 1653 1471 1688; x_wconf 83' lang='lat' dir='ltr'>quae</span> <span class='ocrx_word' id='word_1_371' title='bbox 1488 1643 1533 1678; x_wconf 88' lang='lat' dir='ltr'>de</span> <span class='ocrx_word' id='word_1_372' title='bbox 1552 1643 1699 1679; x_wconf 90' lang='lat' dir='ltr'>Christo</span> <span class='ocrx_word' id='word_1_373' title='bbox 1712 1644 1801 1679; x_wconf 84' lang='lat' dir='ltr'>Jesu</span> 
     </span>
     <span class='ocr_line' id='line_1_74' title="bbox 1022 1689 1802 1735; baseline 0 -9"><span class='ocrx_word' id='word_1_374' title='bbox 1022 1691 1211 1734; x_wconf 85' lang='lat' dir='ltr'>dicuntur,</span> <span class='ocrx_word' id='word_1_375' title='bbox 1222 1690 1422 1735; x_wconf 87' lang='lat' dir='ltr'>diligenter</span> <span class='ocrx_word' id='word_1_376' title='bbox 1435 1689 1592 1733; x_wconf 89' lang='lat' dir='ltr'>discute,</span> <span class='ocrx_word' id='word_1_377' title='bbox 1605 1689 1802 1726; x_wconf 87' lang='lat' dir='ltr'>considera</span> 
     </span>
     <span class='ocr_line' id='line_1_75' title="bbox 1022 1736 1801 1782; baseline -0.003 -9"><span class='ocrx_word' id='word_1_378' title='bbox 1022 1741 1177 1781; x_wconf 87' lang='lat' dir='ltr'>attente,</span> <span class='ocrx_word' id='word_1_379' title='bbox 1200 1747 1347 1772; x_wconf 88' lang='lat' dir='ltr'>morose</span> <span class='ocrx_word' id='word_1_380' title='bbox 1368 1740 1568 1782; x_wconf 85' lang='lat' dir='ltr'>pertracta,</span> <span class='ocrx_word' id='word_1_381' title='bbox 1591 1739 1627 1772; x_wconf 90' lang='lat' dir='ltr'>et</span> <span class='ocrx_word' id='word_1_382' title='bbox 1653 1736 1801 1773; x_wconf 91' lang='lat' dir='ltr'>Domini</span> 
     </span>
     <span class='ocr_line' id='line_1_76' title="bbox 1022 1783 1801 1830; baseline -0.001 -10"><span class='ocrx_word' id='word_1_383' title='bbox 1022 1784 1075 1820; x_wconf 89' lang='lat' dir='ltr'>tui</span> <span class='ocrx_word' id='word_1_384' title='bbox 1091 1784 1240 1819; x_wconf 87' lang='lat' dir='ltr'>imitare</span> <span class='ocrx_word' id='word_1_385' title='bbox 1256 1783 1425 1829; x_wconf 82' lang='lat' dir='ltr'>vestigia.</span> <span class='ocrx_word' id='word_1_386' title='bbox 1444 1784 1508 1819; x_wconf 91' lang='lat' dir='ltr'>Ille</span> <span class='ocrx_word' id='word_1_387' title='bbox 1527 1786 1681 1830; x_wconf 90' lang='lat' dir='ltr'>propter</span> <span class='ocrx_word' id='word_1_388' title='bbox 1698 1787 1735 1820; x_wconf 89' lang='lat' dir='ltr'>te</span> <span class='ocrx_word' id='word_1_389' title='bbox 1754 1784 1801 1819; x_wconf 91' lang='lat' dir='ltr'>de</span> 
     </span>
     <span class='ocr_line' id='line_1_77' title="bbox 1022 1831 1801 1874; baseline -0.001 -7"><span class='ocrx_word' id='word_1_390' title='bbox 1022 1831 1162 1867; x_wconf 85' lang='lat' dir='ltr'>coelesti</span> <span class='ocrx_word' id='word_1_391' title='bbox 1181 1831 1269 1866; x_wconf 89' lang='lat' dir='ltr'>sede</span> <span class='ocrx_word' id='word_1_392' title='bbox 1290 1831 1482 1866; x_wconf 88' lang='lat' dir='ltr'>descendit</span> <span class='ocrx_word' id='word_1_393' title='bbox 1504 1831 1552 1866; x_wconf 90' lang='lat' dir='ltr'>ad</span> <span class='ocrx_word' id='word_1_394' title='bbox 1573 1834 1741 1874; x_wconf 90' lang='lat' dir='ltr'>terrena;</span> <span class='ocrx_word' id='word_1_395' title='bbox 1760 1834 1801 1866; x_wconf 92' lang='lat' dir='ltr'>tu</span> 
     </span>
     <span class='ocr_line' id='line_1_78' title="bbox 1021 1878 1801 1924; baseline -0.001 -10"><span class='ocrx_word' id='word_1_396' title='bbox 1021 1881 1176 1924; x_wconf 89' lang='lat' dir='ltr'>propter</span> <span class='ocrx_word' id='word_1_397' title='bbox 1199 1881 1235 1913; x_wconf 84' lang='lat' dir='ltr'>te</span> <span class='ocrx_word' id='word_1_398' title='bbox 1259 1878 1344 1923; x_wconf 84' lang='lat' dir='ltr'>fuge</span> <span class='ocrx_word' id='word_1_399' title='bbox 1373 1881 1537 1922; x_wconf 90' lang='lat' dir='ltr'>terrena,</span> <span class='ocrx_word' id='word_1_400' title='bbox 1566 1880 1699 1923; x_wconf 87' lang='lat' dir='ltr'>appete</span> <span class='ocrx_word' id='word_1_401' title='bbox 1726 1887 1801 1913; x_wconf 85' lang='lat' dir='ltr'>coe-</span> 
     </span>
     <span class='ocr_line' id='line_1_79' title="bbox 1021 1924 1802 1968; baseline 0 -8"><span class='ocrx_word' id='word_1_402' title='bbox 1021 1926 1141 1961; x_wconf 83' lang='lat' dir='ltr'>lestia.</span> <span class='ocrx_word' id='word_1_403' title='bbox 1167 1925 1202 1960; x_wconf 89' lang='lat' dir='ltr'>Si</span> <span class='ocrx_word' id='word_1_404' title='bbox 1230 1925 1349 1960; x_wconf 89' lang='lat' dir='ltr'>dulcis</span> <span class='ocrx_word' id='word_1_405' title='bbox 1369 1927 1425 1960; x_wconf 89' lang='lat' dir='ltr'>est</span> <span class='ocrx_word' id='word_1_406' title='bbox 1458 1924 1633 1968; x_wconf 79' lang='grc' dir='ltr'><strong>100οᾶ115,</strong></span> <span class='ocrx_word' id='word_1_407' title='bbox 1656 1924 1802 1967; x_wconf 85' lang='lat' dir='ltr'>dulcior</span> 
     </span>
     <span class='ocr_line' id='line_1_80' title="bbox 1022 1971 1799 2016; baseline -0.003 -8"><span class='ocrx_word' id='word_1_408' title='bbox 1022 1975 1079 2008; x_wconf 87' lang='lat' dir='ltr'>est</span> <span class='ocrx_word' id='word_1_409' title='bbox 1099 1971 1287 2014; x_wconf 87' lang='lat' dir='ltr'>Christus;</span> <span class='ocrx_word' id='word_1_410' title='bbox 1310 1971 1338 2006; x_wconf 93' lang='lat' dir='ltr'>si</span> <span class='ocrx_word' id='word_1_411' title='bbox 1363 1982 1515 2007; x_wconf 86' lang='lat' dir='ltr'>amarus</span> <span class='ocrx_word' id='word_1_412' title='bbox 1536 1974 1591 2006; x_wconf 86' lang='lat' dir='ltr'>est</span> <span class='ocrx_word' id='word_1_413' title='bbox 1621 1971 1799 2016; x_wconf 91' lang='lat' dir='ltr'>mundus,</span> 
     </span>
     <span class='ocr_line' id='line_1_81' title="bbox 1022 2017 1800 2064; baseline 0 -10"><span class='ocrx_word' id='word_1_414' title='bbox 1022 2018 1149 2054; x_wconf 88' lang='lat' dir='ltr'>omnia</span> <span class='ocrx_word' id='word_1_415' title='bbox 1175 2022 1328 2064; x_wconf 84' lang='lat' dir='ltr'>propter</span> <span class='ocrx_word' id='word_1_416' title='bbox 1351 2022 1388 2054; x_wconf 91' lang='lat' dir='ltr'>te</span> <span class='ocrx_word' id='word_1_417' title='bbox 1412 2017 1590 2054; x_wconf 77' lang='lat' dir='ltr'>sustinuit</span> <span class='ocrx_word' id='word_1_418' title='bbox 1615 2017 1800 2054; x_wconf 85' lang='lat' dir='ltr'>Christus.</span> 
     </span>
     <span class='ocr_line' id='line_1_82' title="bbox 1023 2064 1800 2111; baseline -0.001 -9"><span class='ocrx_word' id='word_1_419' title='bbox 1023 2067 1141 2111; x_wconf 84' lang='lat' dir='ltr'>Surge</span> <span class='ocrx_word' id='word_1_420' title='bbox 1158 2076 1247 2111; x_wconf 89' lang='lat' dir='ltr'>ergo</span> <span class='ocrx_word' id='word_1_421' title='bbox 1266 2068 1302 2100; x_wconf 91' lang='lat' dir='ltr'>et</span> <span class='ocrx_word' id='word_1_422' title='bbox 1321 2065 1486 2109; x_wconf 90' lang='lat' dir='ltr'>ambula,</span> <span class='ocrx_word' id='word_1_423' title='bbox 1499 2064 1574 2100; x_wconf 92' lang='lat' dir='ltr'>noli</span> <span class='ocrx_word' id='word_1_424' title='bbox 1587 2064 1800 2110; x_wconf 83' lang='lat' dir='ltr'>pigrescere</span> 
     </span>
     <span class='ocr_line' id='line_1_83' title="bbox 1022 2110 1706 2158; baseline 0 -10"><span class='ocrx_word' id='word_1_425' title='bbox 1022 2112 1061 2148; x_wconf 92' lang='lat' dir='ltr'>in</span> <span class='ocrx_word' id='word_1_426' title='bbox 1078 2113 1151 2157; x_wconf 89' lang='lat' dir='ltr'>via,</span> <span class='ocrx_word' id='word_1_427' title='bbox 1164 2123 1211 2148; x_wconf 90' lang='lat' dir='ltr'>ne</span> <span class='ocrx_word' id='word_1_428' title='bbox 1226 2113 1348 2148; x_wconf 91' lang='lat' dir='ltr'>locum</span> <span class='ocrx_word' id='word_1_429' title='bbox 1366 2112 1501 2158; x_wconf 87' lang='lat' dir='ltr'>perdas</span> <span class='ocrx_word' id='word_1_430' title='bbox 1518 2111 1555 2147; x_wconf 90' lang='lat' dir='ltr'>in</span> <span class='ocrx_word' id='word_1_431' title='bbox 1571 2110 1706 2158; x_wconf 86' lang='lat' dir='ltr'>patria.</span> 
     </span>
    </p>
   </div>
   <div class='ocr_carea' id='block_1_4' title="bbox 532 2229 1432 2259">
    <p class='ocr_par' dir='ltr' id='par_1_6' title="bbox 532 2229 1432 2259">
     <span class='ocr_line' id='line_1_84' title="bbox 532 2229 1432 2259; baseline 0.002 -2"><span class='ocrx_word' id='word_1_432' title='bbox 532 2229 676 2258; x_wconf 83' lang='lat' dir='ltr'>ORATIO</span> <span class='ocrx_word' id='word_1_433' title='bbox 697 2230 890 2259; x_wconf 84' lang='lat' dir='ltr'>AUCTORIS</span> <span class='ocrx_word' id='word_1_434' title='bbox 912 2230 952 2259; x_wconf 83' lang='lat' dir='ltr'>IN</span> <span class='ocrx_word' id='word_1_435' title='bbox 974 2230 1121 2259; x_wconf 87' lang='lat' dir='ltr'>LIBRUM</span> <span class='ocrx_word' id='word_1_436' title='bbox 1144 2230 1244 2259; x_wconf 80' lang='lat' dir='ltr'>VITAE</span> <span class='ocrx_word' id='word_1_437' title='bbox 1266 2230 1432 2259; x_wconf 82' lang='lat' dir='ltr'>CHRISTI.</span> 
     </span>
    </p>
   </div>
   <div class='ocr_carea' id='block_1_5' title="bbox 167 2302 1800 2726">
    <p class='ocr_par' dir='ltr' id='par_1_7' title="bbox 167 2302 1800 2726">
     <span class='ocr_line' id='line_1_85' title="bbox 217 2302 1799 2351; baseline 0.001 -13"><span class='ocrx_word' id='word_1_438' title='bbox 217 2302 372 2338; x_wconf 88' lang='lat' dir='ltr'>Domine</span> <span class='ocrx_word' id='word_1_439' title='bbox 389 2305 477 2340; x_wconf 89' lang='lat' dir='ltr'>Jesu</span> <span class='ocrx_word' id='word_1_440' title='bbox 499 2304 656 2349; x_wconf 89' lang='lat' dir='ltr'>Christe,</span> <span class='ocrx_word' id='word_1_441' title='bbox 679 2304 747 2340; x_wconf 92' lang='lat' dir='ltr'>Fili</span> <span class='ocrx_word' id='word_1_442' title='bbox 772 2304 837 2341; x_wconf 91' lang='lat' dir='ltr'>Dei</span> <span class='ocrx_word' id='word_1_443' title='bbox 855 2305 941 2349; x_wconf 90' lang='lat' dir='ltr'>vivi,</span> <span class='ocrx_word' id='word_1_444' title='bbox 964 2305 1129 2341; x_wconf 90' lang='lat' dir='ltr'>concede</span> <span class='ocrx_word' id='word_1_445' title='bbox 1149 2304 1240 2340; x_wconf 89' lang='lat' dir='ltr'>mihi</span> <span class='ocrx_word' id='word_1_446' title='bbox 1261 2303 1383 2350; x_wconf 83' lang='lat' dir='ltr'>fragili</span> <span class='ocrx_word' id='word_1_447' title='bbox 1404 2307 1438 2340; x_wconf 87' lang='lat' dir='ltr'>et</span> <span class='ocrx_word' id='word_1_448' title='bbox 1459 2304 1596 2341; x_wconf 89' lang='lat' dir='ltr'>misero</span> <span class='ocrx_word' id='word_1_449' title='bbox 1611 2304 1799 2351; x_wconf 85' lang='lat' dir='ltr'>peccatori</span> 
     </span>
     <span class='ocr_line' id='line_1_86' title="bbox 175 2349 1800 2399; baseline 0.002 -15"><span class='ocrx_word' id='word_1_450' title='bbox 175 2349 289 2385; x_wconf 85' lang='lat' dir='ltr'>vitam</span> <span class='ocrx_word' id='word_1_451' title='bbox 304 2353 339 2385; x_wconf 90' lang='lat' dir='ltr'>et</span> <span class='ocrx_word' id='word_1_452' title='bbox 355 2361 478 2386; x_wconf 88' lang='lat' dir='ltr'>mores</span> <span class='ocrx_word' id='word_1_453' title='bbox 498 2354 582 2387; x_wconf 88' lang='lat' dir='ltr'>tuos</span> <span class='ocrx_word' id='word_1_454' title='bbox 608 2361 685 2397; x_wconf 81' lang='lat' dir='ltr'>prae</span> <span class='ocrx_word' id='word_1_455' title='bbox 703 2351 821 2387; x_wconf 91' lang='lat' dir='ltr'>oculis</span> <span class='ocrx_word' id='word_1_456' title='bbox 837 2352 960 2388; x_wconf 86' lang='lat' dir='ltr'>cordis</span> <span class='ocrx_word' id='word_1_457' title='bbox 981 2363 1129 2399; x_wconf 84' lang='lat' dir='ltr'>semper</span> <span class='ocrx_word' id='word_1_458' title='bbox 1148 2353 1301 2397; x_wconf 88' lang='lat' dir='ltr'>habere,</span> <span class='ocrx_word' id='word_1_459' title='bbox 1325 2355 1361 2387; x_wconf 88' lang='lat' dir='ltr'>et</span> <span class='ocrx_word' id='word_1_460' title='bbox 1380 2362 1448 2398; x_wconf 90' lang='lat' dir='ltr'>pro</span> <span class='ocrx_word' id='word_1_461' title='bbox 1469 2362 1554 2388; x_wconf 88' lang='lat' dir='ltr'>mea</span> <span class='ocrx_word' id='word_1_462' title='bbox 1570 2351 1800 2398; x_wconf 86' lang='lat' dir='ltr'>possibiliate</span> 
     </span>
     <span class='ocr_line' id='line_1_87' title="bbox 172 2395 1799 2451; baseline 0.002 -20"><span class='ocrx_word' id='word_1_463' title='bbox 172 2395 332 2440; x_wconf 88' lang='lat' dir='ltr'>imitari;</span> <span class='ocrx_word' id='word_1_464' title='bbox 355 2397 489 2443; x_wconf 85' lang='lat' dir='ltr'>facque</span> <span class='ocrx_word' id='word_1_465' title='bbox 515 2408 574 2434; x_wconf 90' lang='lat' dir='ltr'>me</span> <span class='ocrx_word' id='word_1_466' title='bbox 596 2398 635 2433; x_wconf 91' lang='lat' dir='ltr'>in</span> <span class='ocrx_word' id='word_1_467' title='bbox 660 2398 751 2444; x_wconf 87' lang='lat' dir='ltr'>ipsis</span> <span class='ocrx_word' id='word_1_468' title='bbox 770 2399 954 2451; x_wconf 84' lang='lat' dir='ltr'>proficere</span> <span class='ocrx_word' id='word_1_469' title='bbox 979 2403 1014 2435; x_wconf 88' lang='lat' dir='ltr'>et</span> <span class='ocrx_word' id='word_1_470' title='bbox 1041 2409 1211 2436; x_wconf 85' lang='lat' dir='ltr'>crescere</span> <span class='ocrx_word' id='word_1_471' title='bbox 1236 2398 1275 2434; x_wconf 92' lang='lat' dir='ltr'>in</span> <span class='ocrx_word' id='word_1_472' title='bbox 1302 2398 1425 2434; x_wconf 87' lang='lat' dir='ltr'>virum</span> <span class='ocrx_word' id='word_1_473' title='bbox 1451 2399 1673 2446; x_wconf 87' lang='lat' dir='ltr'>perfectum,</span> <span class='ocrx_word' id='word_1_474' title='bbox 1703 2401 1739 2434; x_wconf 87' lang='lat' dir='ltr'>et</span> <span class='ocrx_word' id='word_1_475' title='bbox 1759 2399 1799 2434; x_wconf 93' lang='lat' dir='ltr'>in</span> 
     </span>
     <span class='ocr_line' id='line_1_88' title="bbox 172 2443 1798 2491; baseline 0.001 -13"><span class='ocrx_word' id='word_1_476' title='bbox 172 2443 355 2489; x_wconf 91' lang='lat' dir='ltr'>templum</span> <span class='ocrx_word' id='word_1_477' title='bbox 388 2447 561 2480; x_wconf 88' lang='lat' dir='ltr'>sanctum</span> <span class='ocrx_word' id='word_1_478' title='bbox 600 2445 640 2480; x_wconf 92' lang='lat' dir='ltr'>in</span> <span class='ocrx_word' id='word_1_479' title='bbox 678 2446 850 2481; x_wconf 80' lang='lat' dir='ltr'>Domino.</span> <span class='ocrx_word' id='word_1_480' title='bbox 880 2446 1043 2489; x_wconf 92' lang='lat' dir='ltr'>Illustra,</span> <span class='ocrx_word' id='word_1_481' title='bbox 1075 2457 1216 2491; x_wconf 78' lang='lat' dir='ltr'>quaeso,</span> <span class='ocrx_word' id='word_1_482' title='bbox 1241 2456 1305 2482; x_wconf 92' lang='lat' dir='ltr'>cor</span> <span class='ocrx_word' id='word_1_483' title='bbox 1340 2456 1464 2482; x_wconf 88' lang='lat' dir='ltr'>meum</span> <span class='ocrx_word' id='word_1_484' title='bbox 1503 2446 1644 2482; x_wconf 91' lang='lat' dir='ltr'>lumine</span> <span class='ocrx_word' id='word_1_485' title='bbox 1668 2445 1798 2491; x_wconf 88' lang='lat' dir='ltr'>gratiae</span> 
     </span>
     <span class='ocr_line' id='line_1_89' title="bbox 169 2491 1798 2538; baseline 0.001 -13"><span class='ocrx_word' id='word_1_486' title='bbox 169 2491 258 2535; x_wconf 71' lang='lat' dir='ltr'>tuae,</span> <span class='ocrx_word' id='word_1_487' title='bbox 282 2500 364 2535; x_wconf 83' lang='lat' dir='ltr'>quae</span> <span class='ocrx_word' id='word_1_488' title='bbox 385 2501 443 2527; x_wconf 89' lang='lat' dir='ltr'>me</span> <span class='ocrx_word' id='word_1_489' title='bbox 465 2491 608 2537; x_wconf 86' lang='lat' dir='ltr'>jugiter</span> <span class='ocrx_word' id='word_1_490' title='bbox 627 2492 832 2537; x_wconf 64' lang='lat' dir='ltr'>praeveniat</span> <span class='ocrx_word' id='word_1_491' title='bbox 855 2495 891 2527; x_wconf 91' lang='lat' dir='ltr'>et</span> <span class='ocrx_word' id='word_1_492' title='bbox 912 2496 1090 2538; x_wconf 86' lang='lat' dir='ltr'>sequatur</span> <span class='ocrx_word' id='word_1_493' title='bbox 1111 2505 1118 2528; x_wconf 81' lang='lat' dir='ltr'>z</span> <span class='ocrx_word' id='word_1_494' title='bbox 1143 2496 1181 2528; x_wconf 89' lang='lat' dir='ltr'>ut</span> <span class='ocrx_word' id='word_1_495' title='bbox 1201 2496 1238 2528; x_wconf 89' lang='lat' dir='ltr'>te</span> <span class='ocrx_word' id='word_1_496' title='bbox 1258 2493 1451 2529; x_wconf 89' lang='lat' dir='ltr'>ductorem</span> <span class='ocrx_word' id='word_1_497' title='bbox 1471 2492 1508 2528; x_wconf 90' lang='lat' dir='ltr'>in</span> <span class='ocrx_word' id='word_1_498' title='bbox 1536 2493 1710 2529; x_wconf 87' lang='lat' dir='ltr'>omnibus</span> <span class='ocrx_word' id='word_1_499' title='bbox 1729 2492 1798 2528; x_wconf 86' lang='lat' dir='ltr'>viis</span> 
     </span>
     <span class='ocr_line' id='line_1_90' title="bbox 168 2535 1796 2585; baseline 0.002 -14"><span class='ocrx_word' id='word_1_500' title='bbox 168 2535 263 2572; x_wconf 87' lang='lat' dir='ltr'>meis</span> <span class='ocrx_word' id='word_1_501' title='bbox 286 2537 445 2582; x_wconf 87' lang='lat' dir='ltr'>habens,</span> <span class='ocrx_word' id='word_1_502' title='bbox 468 2541 601 2574; x_wconf 89' lang='lat' dir='ltr'>cuncta</span> <span class='ocrx_word' id='word_1_503' title='bbox 621 2549 703 2584; x_wconf 83' lang='lat' dir='ltr'>quae</span> <span class='ocrx_word' id='word_1_504' title='bbox 730 2538 797 2575; x_wconf 89' lang='lat' dir='ltr'>tibi</span> <span class='ocrx_word' id='word_1_505' title='bbox 826 2539 977 2585; x_wconf 87' lang='lat' dir='ltr'>placent</span> <span class='ocrx_word' id='word_1_506' title='bbox 1008 2539 1178 2585; x_wconf 88' lang='lat' dir='ltr'>implere,</span> <span class='ocrx_word' id='word_1_507' title='bbox 1201 2542 1237 2575; x_wconf 89' lang='lat' dir='ltr'>et</span> <span class='ocrx_word' id='word_1_508' title='bbox 1264 2550 1346 2585; x_wconf 84' lang='lat' dir='ltr'>quae</span> <span class='ocrx_word' id='word_1_509' title='bbox 1370 2539 1436 2575; x_wconf 90' lang='lat' dir='ltr'>tibi</span> <span class='ocrx_word' id='word_1_510' title='bbox 1462 2539 1710 2585; x_wconf 87' lang='lat' dir='ltr'>disciplicent,</span> <span class='ocrx_word' id='word_1_511' title='bbox 1741 2538 1796 2574; x_wconf 90' lang='lat' dir='ltr'>vi-</span> 
     </span>
     <span class='ocr_line' id='line_1_91' title="bbox 168 2583 1798 2632; baseline 0.002 -14"><span class='ocrx_word' id='word_1_512' title='bbox 168 2585 249 2619; x_wconf 87' lang='lat' dir='ltr'>tare</span> <span class='ocrx_word' id='word_1_513' title='bbox 262 2583 417 2629; x_wconf 85' lang='lat' dir='ltr'>possim.</span> <span class='ocrx_word' id='word_1_514' title='bbox 441 2583 581 2630; x_wconf 89' lang='lat' dir='ltr'>Dirige,</span> <span class='ocrx_word' id='word_1_515' title='bbox 606 2586 777 2630; x_wconf 90' lang='lat' dir='ltr'>obsecro,</span> <span class='ocrx_word' id='word_1_516' title='bbox 793 2585 1052 2631; x_wconf 88' lang='lat' dir='ltr'>cogitationes,</span> <span class='ocrx_word' id='word_1_517' title='bbox 1070 2597 1278 2630; x_wconf 87' lang='lat' dir='ltr'>sermones,</span> <span class='ocrx_word' id='word_1_518' title='bbox 1304 2589 1340 2622; x_wconf 92' lang='lat' dir='ltr'>et</span> <span class='ocrx_word' id='word_1_519' title='bbox 1353 2586 1518 2622; x_wconf 86' lang='lat' dir='ltr'>actiones</span> <span class='ocrx_word' id='word_1_520' title='bbox 1537 2596 1639 2622; x_wconf 89' lang='lat' dir='ltr'>meas</span> <span class='ocrx_word' id='word_1_521' title='bbox 1660 2585 1697 2621; x_wconf 92' lang='lat' dir='ltr'>in</span> <span class='ocrx_word' id='word_1_522' title='bbox 1715 2585 1798 2632; x_wconf 86' lang='lat' dir='ltr'>lege</span> 
     </span>
     <span class='ocr_line' id='line_1_92' title="bbox 167 2630 1799 2678; baseline 0.002 -13"><span class='ocrx_word' id='word_1_523' title='bbox 167 2631 246 2673; x_wconf 87' lang='lat' dir='ltr'>tua,</span> <span class='ocrx_word' id='word_1_524' title='bbox 272 2633 309 2666; x_wconf 91' lang='lat' dir='ltr'>et</span> <span class='ocrx_word' id='word_1_525' title='bbox 346 2630 384 2666; x_wconf 93' lang='lat' dir='ltr'>in</span> <span class='ocrx_word' id='word_1_526' title='bbox 402 2631 599 2677; x_wconf 86' lang='lat' dir='ltr'>praeceptis</span> <span class='ocrx_word' id='word_1_527' title='bbox 624 2635 737 2678; x_wconf 87' lang='lat' dir='ltr'>atque</span> <span class='ocrx_word' id='word_1_528' title='bbox 759 2632 925 2668; x_wconf 87' lang='lat' dir='ltr'>consiliis</span> <span class='ocrx_word' id='word_1_529' title='bbox 951 2633 1040 2677; x_wconf 89' lang='lat' dir='ltr'>tuis,</span> <span class='ocrx_word' id='word_1_530' title='bbox 1065 2643 1086 2669; x_wconf 94' lang='grc'>0</span> <span class='ocrx_word' id='word_1_531' title='bbox 1113 2633 1303 2668; x_wconf 87' lang='lat' dir='ltr'>Altissime</span> <span class='ocrx_word' id='word_1_532' title='bbox 1324 2644 1331 2668; x_wconf 89' lang='lat'>:</span> <span class='ocrx_word' id='word_1_533' title='bbox 1354 2637 1394 2669; x_wconf 88' lang='lat' dir='ltr'>ut</span> <span class='ocrx_word' id='word_1_534' title='bbox 1413 2633 1453 2668; x_wconf 92' lang='lat' dir='ltr'>in</span> <span class='ocrx_word' id='word_1_535' title='bbox 1474 2633 1647 2669; x_wconf 91' lang='lat' dir='ltr'>omnibus</span> <span class='ocrx_word' id='word_1_536' title='bbox 1666 2632 1799 2669; x_wconf 89' lang='lat' dir='ltr'>volun-</span> 
     </span>
     <span class='ocr_line' id='line_1_93' title="bbox 168 2677 1723 2726; baseline 0.003 -15"><span class='ocrx_word' id='word_1_537' title='bbox 168 2678 281 2712; x_wconf 84' lang='lat' dir='ltr'>tatem</span> <span class='ocrx_word' id='word_1_538' title='bbox 301 2680 406 2713; x_wconf 87' lang='lat' dir='ltr'>tuam</span> <span class='ocrx_word' id='word_1_539' title='bbox 423 2677 579 2723; x_wconf 88' lang='lat' dir='ltr'>faciens,</span> <span class='ocrx_word' id='word_1_540' title='bbox 599 2678 659 2715; x_wconf 92' lang='lat' dir='ltr'>hic</span> <span class='ocrx_word' id='word_1_541' title='bbox 679 2682 715 2715; x_wconf 91' lang='lat' dir='ltr'>et</span> <span class='ocrx_word' id='word_1_542' title='bbox 736 2679 774 2714; x_wconf 92' lang='lat' dir='ltr'>in</span> <span class='ocrx_word' id='word_1_543' title='bbox 793 2682 976 2715; x_wconf 80' lang='lat' dir='ltr'>aeternum</span> <span class='ocrx_word' id='word_1_544' title='bbox 996 2690 1064 2726; x_wconf 90' lang='lat' dir='ltr'>per</span> <span class='ocrx_word' id='word_1_545' title='bbox 1083 2683 1120 2715; x_wconf 88' lang='lat' dir='ltr'>te</span> <span class='ocrx_word' id='word_1_546' title='bbox 1157 2690 1304 2716; x_wconf 87' lang='lat' dir='ltr'>merear</span> <span class='ocrx_word' id='word_1_547' title='bbox 1325 2680 1449 2716; x_wconf 88' lang='lat' dir='ltr'>salvus</span> <span class='ocrx_word' id='word_1_548' title='bbox 1470 2690 1565 2716; x_wconf 84' lang='lat' dir='ltr'>esse.</span> <span class='ocrx_word' id='word_1_549' title='bbox 1589 2681 1723 2717; x_wconf 87' lang='lat' dir='ltr'>Amen.</span> 
     </span>
    </p>
   </div>
   <div class='ocr_carea' id='block_1_6' title="bbox 746 2760 1230 2800">
    <p class='ocr_par' dir='ltr' id='par_1_8' title="bbox 746 2760 1230 2800">
     <span class='ocr_line' id='line_1_94' title="bbox 746 2760 1230 2800; baseline 0.002 -1"><span class='ocrx_word' id='word_1_550' title='bbox 746 2761 886 2799; x_wconf 86' lang='lat' dir='ltr'>FINIT</span> <span class='ocrx_word' id='word_1_551' title='bbox 913 2760 1230 2800; x_wconf 87' lang='lat' dir='ltr'>PROOEMIUM.</span> 
     </span>
    </p>
   </div>
  </div>
 </body>
</html>
