<?xml version="1.0" encoding="UTF-8"?>
<!DOCTYPE html PUBLIC "-//W3C//DTD XHTML 1.0 Transitional//EN"
    "http://www.w3.org/TR/xhtml1/DTD/xhtml1-transitional.dtd">
<html xmlns="http://www.w3.org/1999/xhtml" xml:lang="en" lang="en">
 <head>
  <title>
</title>
<meta http-equiv="Content-Type" content="text/html;charset=utf-8" />
  <meta name='ocr-system' content='tesseract 3.04.00' />
  <meta name='ocr-capabilities' content='ocr_page ocr_carea ocr_par ocr_line ocrx_word'/>
</head>
<body>
  <div class='ocr_page' id='page_1' title='image "./vitajesuchristie01ludouoft_0037.png"; bbox 0 0 1897 3167; ppageno 0'>
   <div class='ocr_carea' id='block_1_1' title="bbox 644 140 1786 179">
    <p class='ocr_par' dir='ltr' id='par_1_1' title="bbox 644 140 1786 179">
     <span class='ocr_line' id='line_1_1' title="bbox 644 140 1786 179; baseline -0.006 -1"><span class='ocrx_word' id='word_1_1' title='bbox 644 146 693 178; x_wconf 78' lang='lat' dir='ltr'>DE</span> <span class='ocrx_word' id='word_1_2' title='bbox 734 145 1089 179; x_wconf 59' lang='lat' dir='ltr'>DESPONSATIONE</span> <span class='ocrx_word' id='word_1_3' title='bbox 1128 146 1290 178; x_wconf 63' lang='lat' dir='ltr'>MARlAE.</span> <span class='ocrx_word' id='word_1_4' title='bbox 1748 140 1786 173; x_wconf 64' lang='lat'>23</span> 
     </span>
    </p>
   </div>
   <div class='ocr_carea' id='block_1_2' title="bbox 134 214 940 2816">
    <p class='ocr_par' dir='ltr' id='par_1_2' title="bbox 137 214 934 872">
     <span class='ocr_line' id='line_1_2' title="bbox 145 214 934 262; baseline 0 -12"><span class='ocrx_word' id='word_1_5' title='bbox 145 215 332 262; x_wconf 80' lang='lat' dir='ltr'>nibusque</span> <span class='ocrx_word' id='word_1_6' title='bbox 354 216 393 252; x_wconf 93' lang='lat' dir='ltr'>in</span> <span class='ocrx_word' id='word_1_7' title='bbox 421 215 610 251; x_wconf 92' lang='lat' dir='ltr'>communi</span> <span class='ocrx_word' id='word_1_8' title='bbox 644 214 784 260; x_wconf 84' lang='lat' dir='ltr'>placuit</span> <span class='ocrx_word' id='word_1_9' title='bbox 811 215 934 250; x_wconf 88' lang='lat' dir='ltr'>Domi-</span> 
     </span>
     <span class='ocr_line' id='line_1_3' title="bbox 148 262 929 309; baseline 0 -12"><span class='ocrx_word' id='word_1_10' title='bbox 148 272 238 298; x_wconf 89' lang='lat' dir='ltr'>num</span> <span class='ocrx_word' id='word_1_11' title='bbox 274 273 387 309; x_wconf 90' lang='lat' dir='ltr'>super</span> <span class='ocrx_word' id='word_1_12' title='bbox 418 262 488 298; x_wconf 88' lang='lat' dir='ltr'>hoc</span> <span class='ocrx_word' id='word_1_13' title='bbox 523 273 605 298; x_wconf 88' lang='lat' dir='ltr'>esse</span> <span class='ocrx_word' id='word_1_14' title='bbox 642 262 929 298; x_wconf 88' lang='lat' dir='ltr'>consulendum.</span> 
     </span>
     <span class='ocr_line' id='line_1_4' title="bbox 150 308 932 354; baseline 0 -10"><span class='ocrx_word' id='word_1_15' title='bbox 150 310 194 344; x_wconf 88' lang='lat' dir='ltr'>Et</span> <span class='ocrx_word' id='word_1_16' title='bbox 228 309 362 345; x_wconf 91' lang='lat' dir='ltr'>ceteris</span> <span class='ocrx_word' id='word_1_17' title='bbox 402 308 552 354; x_wconf 88' lang='lat' dir='ltr'>quidem</span> <span class='ocrx_word' id='word_1_18' title='bbox 588 308 748 344; x_wconf 87' lang='lat' dir='ltr'>orationi</span> <span class='ocrx_word' id='word_1_19' title='bbox 791 308 932 344; x_wconf 77' lang='lat' dir='ltr'>incum—</span> 
     </span>
     <span class='ocr_line' id='line_1_5' title="bbox 150 355 931 399; baseline -0.001 -7"><span class='ocrx_word' id='word_1_20' title='bbox 150 356 339 399; x_wconf 80' lang='lat' dir='ltr'>bentibus,</span> <span class='ocrx_word' id='word_1_21' title='bbox 363 355 531 392; x_wconf 81' lang='lat' dir='ltr'>Pontifex</span> <span class='ocrx_word' id='word_1_22' title='bbox 549 367 591 392; x_wconf 83' lang='lat' dir='ltr'>ex</span> <span class='ocrx_word' id='word_1_23' title='bbox 611 366 716 392; x_wconf 91' lang='lat' dir='ltr'>more</span> <span class='ocrx_word' id='word_1_24' title='bbox 736 355 782 391; x_wconf 90' lang='lat' dir='ltr'>ad</span> <span class='ocrx_word' id='word_1_25' title='bbox 794 367 931 391; x_wconf 85' lang='lat' dir='ltr'>consu-</span> 
     </span>
     <span class='ocr_line' id='line_1_6' title="bbox 146 402 928 447; baseline 0.001 -9"><span class='ocrx_word' id='word_1_26' title='bbox 146 403 299 439; x_wconf 89' lang='lat' dir='ltr'>lendum</span> <span class='ocrx_word' id='word_1_27' title='bbox 315 402 514 439; x_wconf 89' lang='lat' dir='ltr'>Dominum</span> <span class='ocrx_word' id='word_1_28' title='bbox 530 403 699 439; x_wconf 88' lang='lat' dir='ltr'>accessit.</span> <span class='ocrx_word' id='word_1_29' title='bbox 717 404 789 439; x_wconf 77' lang='lat' dir='ltr'>Nec</span> <span class='ocrx_word' id='word_1_30' title='bbox 809 414 928 447; x_wconf 90' lang='lat' dir='ltr'>mora,</span> 
     </span>
     <span class='ocr_line' id='line_1_7' title="bbox 149 449 928 502; baseline 0.001 -17"><span class='ocrx_word' id='word_1_31' title='bbox 149 453 186 485; x_wconf 88' lang='lat' dir='ltr'>et</span> <span class='ocrx_word' id='word_1_32' title='bbox 209 449 352 502; x_wconf 64' lang='lat' dir='ltr'>eunctis</span> <span class='ocrx_word' id='word_1_33' title='bbox 384 449 638 493; x_wconf 83' lang='lat' dir='ltr'>audientibus,</span> <span class='ocrx_word' id='word_1_34' title='bbox 666 450 712 486; x_wconf 90' lang='lat' dir='ltr'>de</span> <span class='ocrx_word' id='word_1_35' title='bbox 748 450 928 496; x_wconf 88' lang='lat' dir='ltr'>propitia-</span> 
     </span>
     <span class='ocr_line' id='line_1_8' title="bbox 143 496 929 549; baseline 0.003 -18"><span class='ocrx_word' id='word_1_36' title='bbox 143 499 233 549; x_wconf 79' lang='lat' dir='ltr'>torii</span> <span class='ocrx_word' id='word_1_37' title='bbox 272 496 354 533; x_wconf 89' lang='lat' dir='ltr'>loco</span> <span class='ocrx_word' id='word_1_38' title='bbox 381 508 449 533; x_wconf 81' lang='lat' dir='ltr'>vox</span> <span class='ocrx_word' id='word_1_39' title='bbox 478 498 575 534; x_wconf 84' lang='lat' dir='ltr'>sacta</span> <span class='ocrx_word' id='word_1_40' title='bbox 605 502 674 541; x_wconf 89' lang='lat' dir='ltr'>est,</span> <span class='ocrx_word' id='word_1_41' title='bbox 710 497 812 533; x_wconf 78' lang='lat' dir='ltr'>lsaiae</span> <span class='ocrx_word' id='word_1_42' title='bbox 837 497 929 533; x_wconf 68' lang='lat' dir='ltr'>vati-</span> 
     </span>
     <span class='ocr_line' id='line_1_9' title="bbox 146 543 928 591; baseline 0.001 -12"><span class='ocrx_word' id='word_1_43' title='bbox 146 543 246 580; x_wconf 84' lang='lat' dir='ltr'>cinio</span> <span class='ocrx_word' id='word_1_44' title='bbox 282 545 551 590; x_wconf 85' lang='lat' dir='ltr'>requirendum</span> <span class='ocrx_word' id='word_1_45' title='bbox 581 555 678 589; x_wconf 85' lang='lat' dir='ltr'>esse,</span> <span class='ocrx_word' id='word_1_46' title='bbox 719 544 776 580; x_wconf 92' lang='lat' dir='ltr'>cui</span> <span class='ocrx_word' id='word_1_47' title='bbox 817 545 928 591; x_wconf 66' lang='lat' dir='ltr'>Virgo</span> 
     </span>
     <span class='ocr_line' id='line_1_10' title="bbox 143 591 927 643; baseline 0 -16"><span class='ocrx_word' id='word_1_48' title='bbox 143 591 400 643; x_wconf 71' lang='lat' dir='ltr'>commendari</span> <span class='ocrx_word' id='word_1_49' title='bbox 433 597 469 628; x_wconf 89' lang='lat' dir='ltr'>et</span> <span class='ocrx_word' id='word_1_50' title='bbox 509 591 731 638; x_wconf 88' lang='lat' dir='ltr'>desponsari</span> <span class='ocrx_word' id='word_1_51' title='bbox 759 592 927 636; x_wconf 89' lang='lat' dir='ltr'>deberet,</span> 
     </span>
     <span class='ocr_line' id='line_1_11' title="bbox 144 637 930 684; baseline 0.001 -11"><span class='ocrx_word' id='word_1_52' title='bbox 144 637 209 674; x_wconf 84' lang='lat' dir='ltr'>lllo</span> <span class='ocrx_word' id='word_1_53' title='bbox 247 638 387 675; x_wconf 86' lang='lat' dir='ltr'>scilicet</span> <span class='ocrx_word' id='word_1_54' title='bbox 429 651 437 675; x_wconf 73' lang='grc' dir='ltr'>ε</span> <span class='ocrx_word' id='word_1_55' title='bbox 483 640 702 684; x_wconf 73' lang='lat' dir='ltr'>Eyredc&#39;etw‘</span> <span class='ocrx_word' id='word_1_56' title='bbox 742 642 846 684; x_wconf 70' lang='lat' dir='ltr'>vit-qa</span> <span class='ocrx_word' id='word_1_57' title='bbox 886 640 930 675; x_wconf 79' lang='lat' dir='ltr'>de</span> 
     </span>
     <span class='ocr_line' id='line_1_12' title="bbox 142 685 928 733; baseline 0.005 -14"><span class='ocrx_word' id='word_1_58' title='bbox 142 685 271 721; x_wconf 80' lang='lat' dir='ltr'><em>radice</em></span> <span class='ocrx_word' id='word_1_59' title='bbox 304 688 414 726; x_wconf 83' lang='lat' dir='ltr'>Jesse.</span> <span class='ocrx_word' id='word_1_60' title='bbox 443 690 515 723; x_wconf 77' lang='lat' dir='ltr'>etc.</span> <span class='ocrx_word' id='word_1_61' title='bbox 545 687 707 723; x_wconf 91' lang='lat' dir='ltr'>Cunctos</span> <span class='ocrx_word' id='word_1_62' title='bbox 736 686 850 733; x_wconf 87' lang='lat' dir='ltr'>igitur</span> <span class='ocrx_word' id='word_1_63' title='bbox 883 687 928 723; x_wconf 91' lang='lat' dir='ltr'>de</span> 
     </span>
     <span class='ocr_line' id='line_1_13' title="bbox 142 731 928 781; baseline 0.003 -13"><span class='ocrx_word' id='word_1_64' title='bbox 142 731 257 769; x_wconf 90' lang='lat' dir='ltr'>domo</span> <span class='ocrx_word' id='word_1_65' title='bbox 275 736 311 769; x_wconf 89' lang='lat' dir='ltr'>et</span> <span class='ocrx_word' id='word_1_66' title='bbox 332 733 474 770; x_wconf 84' lang='lat' dir='ltr'>familia</span> <span class='ocrx_word' id='word_1_67' title='bbox 493 734 609 770; x_wconf 79' lang='lat' dir='ltr'>David</span> <span class='ocrx_word' id='word_1_68' title='bbox 631 733 928 781; x_wconf 88' lang='lat' dir='ltr'>nuptiishabiles</span> 
     </span>
     <span class='ocr_line' id='line_1_14' title="bbox 145 780 927 832; baseline 0.004 -17"><span class='ocrx_word' id='word_1_69' title='bbox 145 780 477 832; x_wconf 38' lang='lat' dir='ltr'>pon-conjugatos,</span> <span class='ocrx_word' id='word_1_70' title='bbox 492 781 617 827; x_wconf 84' lang='lat' dir='ltr'>virgas</span> <span class='ocrx_word' id='word_1_71' title='bbox 638 792 725 818; x_wconf 89' lang='lat' dir='ltr'>suas</span> <span class='ocrx_word' id='word_1_72' title='bbox 743 781 790 817; x_wconf 88' lang='lat' dir='ltr'>ad</span> <span class='ocrx_word' id='word_1_73' title='bbox 809 781 927 818; x_wconf 88' lang='lat' dir='ltr'>altare</span> 
     </span>
     <span class='ocr_line' id='line_1_15' title="bbox 137 827 422 872; baseline 0.007 -10"><span class='ocrx_word' id='word_1_74' title='bbox 137 830 251 872; x_wconf 82' lang='lat' dir='ltr'>Jussit</span> <span class='ocrx_word' id='word_1_75' title='bbox 270 827 422 864; x_wconf 78' lang='lat' dir='ltr'>afferre.</span> 
     </span>
    </p>

    <p class='ocr_par' dir='ltr' id='par_1_3' title="bbox 134 875 940 2816">
     <span class='ocr_line' id='line_1_16' title="bbox 194 875 927 913; baseline 0.003 -4"><span class='ocrx_word' id='word_1_76' title='bbox 194 875 348 910; x_wconf 75' lang='lat' dir='ltr'>2V1RGA</span> <span class='ocrx_word' id='word_1_77' title='bbox 386 876 520 912; x_wconf 66' lang='lat' dir='ltr'>Jossrn</span> <span class='ocrx_word' id='word_1_78' title='bbox 563 889 726 913; x_wconf 65' lang='lat' dir='ltr'>nomm.</span> <span class='ocrx_word' id='word_1_79' title='bbox 768 896 811 902; x_wconf 96' lang='lat'>—</span> <span class='ocrx_word' id='word_1_80' title='bbox 842 877 927 912; x_wconf 87' lang='lat' dir='ltr'>Erat</span> 
     </span>
     <span class='ocr_line' id='line_1_17' title="bbox 142 922 928 960; baseline 0.005 -4"><span class='ocrx_word' id='word_1_81' title='bbox 142 924 269 957; x_wconf 87' lang='lat' dir='ltr'>autem</span> <span class='ocrx_word' id='word_1_82' title='bbox 307 922 408 958; x_wconf 91' lang='lat' dir='ltr'>inter</span> <span class='ocrx_word' id='word_1_83' title='bbox 443 927 590 960; x_wconf 88' lang='lat' dir='ltr'>ceteros</span> <span class='ocrx_word' id='word_1_84' title='bbox 623 925 735 960; x_wconf 79' lang='lat' dir='ltr'>homo</span> <span class='ocrx_word' id='word_1_85' title='bbox 776 923 928 959; x_wconf 88' lang='lat' dir='ltr'>nomine</span> 
     </span>
     <span class='ocr_line' id='line_1_18' title="bbox 138 969 928 1023; baseline 0.003 -20"><span class='ocrx_word' id='word_1_86' title='bbox 138 969 299 1020; x_wconf 76' lang='lat' dir='ltr'>Joseph,</span> <span class='ocrx_word' id='word_1_87' title='bbox 322 969 385 1023; x_wconf 74' lang='lat' dir='ltr'>qui</span> <span class='ocrx_word' id='word_1_88' title='bbox 409 981 493 1006; x_wconf 91' lang='lat' dir='ltr'>cum</span> <span class='ocrx_word' id='word_1_89' title='bbox 520 971 664 1019; x_wconf 78' lang='lat' dir='ltr'>virgam</span> <span class='ocrx_word' id='word_1_90' title='bbox 696 981 802 1007; x_wconf 89' lang='lat' dir='ltr'>suam</span> <span class='ocrx_word' id='word_1_91' title='bbox 829 974 928 1006; x_wconf 85' lang='lat' dir='ltr'>attu-</span> 
     </span>
     <span class='ocr_line' id='line_1_19' title="bbox 143 1016 930 1064; baseline 0.003 -13"><span class='ocrx_word' id='word_1_92' title='bbox 143 1016 265 1059; x_wconf 83' lang='lat' dir='ltr'>lisset,</span> <span class='ocrx_word' id='word_1_93' title='bbox 298 1020 334 1052; x_wconf 84' lang='lat' dir='ltr'>et</span> <span class='ocrx_word' id='word_1_94' title='bbox 367 1027 450 1064; x_wconf 80' lang='lat' dir='ltr'>ipsa</span> <span class='ocrx_word' id='word_1_95' title='bbox 486 1018 584 1055; x_wconf 88' lang='lat' dir='ltr'>illico</span> <span class='ocrx_word' id='word_1_96' title='bbox 624 1020 756 1055; x_wconf 83' lang='lat' dir='ltr'>florem</span> <span class='ocrx_word' id='word_1_97' title='bbox 794 1017 930 1064; x_wconf 79' lang='lat' dir='ltr'>germi-</span> 
     </span>
     <span class='ocr_line' id='line_1_20' title="bbox 143 1064 928 1112; baseline 0.003 -14"><span class='ocrx_word' id='word_1_98' title='bbox 143 1067 285 1107; x_wconf 81' lang='lat' dir='ltr'>nasset,</span> <span class='ocrx_word' id='word_1_99' title='bbox 309 1067 422 1110; x_wconf 85' lang='lat' dir='ltr'>atque</span> <span class='ocrx_word' id='word_1_100' title='bbox 458 1064 495 1101; x_wconf 92' lang='lat' dir='ltr'>in</span> <span class='ocrx_word' id='word_1_101' title='bbox 530 1067 610 1112; x_wconf 87' lang='lat' dir='ltr'>ejus</span> <span class='ocrx_word' id='word_1_102' title='bbox 643 1065 837 1102; x_wconf 80' lang='lat' dir='ltr'>cacumine</span> <span class='ocrx_word' id='word_1_103' title='bbox 865 1075 928 1100; x_wconf 94' lang='lat' dir='ltr'>co-</span> 
     </span>
     <span class='ocr_line' id='line_1_21' title="bbox 142 1110 926 1163; baseline 0.003 -18"><span class='ocrx_word' id='word_1_104' title='bbox 142 1110 270 1163; x_wconf 79' lang='lat' dir='ltr'>lumba</span> <span class='ocrx_word' id='word_1_105' title='bbox 296 1111 342 1147; x_wconf 92' lang='lat' dir='ltr'>de</span> <span class='ocrx_word' id='word_1_106' title='bbox 367 1111 460 1148; x_wconf 82' lang='lat' dir='ltr'>coelo</span> <span class='ocrx_word' id='word_1_107' title='bbox 494 1113 649 1149; x_wconf 83' lang='lat' dir='ltr'>veniens</span> <span class='ocrx_word' id='word_1_108' title='bbox 679 1112 926 1156; x_wconf 78' lang='lat' dir='ltr'>consedisset,</span> 
     </span>
     <span class='ocr_line' id='line_1_22' title="bbox 137 1157 926 1206; baseline 0.003 -14"><span class='ocrx_word' id='word_1_109' title='bbox 137 1157 282 1203; x_wconf 81' lang='lat' dir='ltr'>liquido</span> <span class='ocrx_word' id='word_1_110' title='bbox 303 1158 477 1195; x_wconf 89' lang='lat' dir='ltr'>omnibus</span> <span class='ocrx_word' id='word_1_111' title='bbox 497 1161 616 1206; x_wconf 88' lang='lat' dir='ltr'>patuit</span> <span class='ocrx_word' id='word_1_112' title='bbox 641 1159 711 1206; x_wconf 90' lang='lat' dir='ltr'>ipsi</span> <span class='ocrx_word' id='word_1_113' title='bbox 733 1159 926 1205; x_wconf 75' lang='lat' dir='ltr'>Virginem</span> 
     </span>
     <span class='ocr_line' id='line_1_23' title="bbox 140 1204 927 1251; baseline 0.003 -10"><span class='ocrx_word' id='word_1_114' title='bbox 140 1204 446 1251; x_wconf 81' lang='lat' dir='ltr'>desponsandam</span> <span class='ocrx_word' id='word_1_115' title='bbox 477 1207 570 1244; x_wconf 83' lang='lat' dir='ltr'>sore.</span> <span class='ocrx_word' id='word_1_116' title='bbox 606 1208 711 1244; x_wconf 85' lang='lat' dir='ltr'>Unde</span> <span class='ocrx_word' id='word_1_117' title='bbox 745 1207 783 1243; x_wconf 94' lang='lat' dir='ltr'>in</span> <span class='ocrx_word' id='word_1_118' title='bbox 823 1206 927 1243; x_wconf 87' lang='lat' dir='ltr'>libris</span> 
     </span>
     <span class='ocr_line' id='line_1_24' title="bbox 142 1253 927 1307; baseline 0.003 -19"><span class='ocrx_word' id='word_1_119' title='bbox 142 1253 394 1307; x_wconf 43' lang='lat' dir='ltr'>§umerorum</span> <span class='ocrx_word' id='word_1_120' title='bbox 433 1253 572 1301; x_wconf 83' lang='lat' dir='ltr'>legitur</span> <span class='ocrx_word' id='word_1_121' title='bbox 594 1283 602 1297; x_wconf 94' lang='lat'>,</span> <span class='ocrx_word' id='word_1_122' title='bbox 645 1254 745 1301; x_wconf 87' lang='lat' dir='ltr'>quod</span> <span class='ocrx_word' id='word_1_123' title='bbox 782 1256 927 1300; x_wconf 73' lang='lat' dir='ltr'>Moyses</span> 
     </span>
     <span class='ocr_line' id='line_1_25' title="bbox 140 1302 924 1347; baseline 0.001 -12"><span class='ocrx_word' id='word_1_124' title='bbox 140 1302 279 1336; x_wconf 78' lang='lat' dir='ltr'>znvem&#39;t</span> <span class='ocrx_word' id='word_1_125' title='bbox 299 1302 441 1345; x_wconf 73' lang='lat' dir='ltr'>vir-qam</span> <span class='ocrx_word' id='word_1_126' title='bbox 466 1303 592 1338; x_wconf 76' lang='lat' dir='ltr'>Aaron</span> <span class='ocrx_word' id='word_1_127' title='bbox 619 1304 853 1347; x_wconf 67' lang='lat' dir='ltr'>yerminasse,</span> <span class='ocrx_word' id='word_1_128' title='bbox 879 1304 924 1342; x_wconf 80' lang='lat' dir='ltr'>et,</span> 
     </span>
     <span class='ocr_line' id='line_1_26' title="bbox 140 1348 923 1394; baseline 0.003 -13"><span class='ocrx_word' id='word_1_129' title='bbox 140 1348 369 1391; x_wconf 69' lang='lat' dir='ltr'>tui-qentibus</span> <span class='ocrx_word' id='word_1_130' title='bbox 404 1351 573 1391; x_wconf 66' lang='grc' dir='ltr'>ρθηιηὶίε,</span> <span class='ocrx_word' id='word_1_131' title='bbox 610 1352 714 1394; x_wconf 80' lang='lat' dir='ltr'>flores</span> <span class='ocrx_word' id='word_1_132' title='bbox 750 1351 923 1394; x_wconf 76' lang='lat' dir='ltr'>erupisse,</span> 
     </span>
     <span class='ocr_line' id='line_1_27' title="bbox 140 1395 927 1440; baseline 0.001 -11"><span class='ocrx_word' id='word_1_133' title='bbox 140 1396 208 1439; x_wconf 81' lang='lat' dir='ltr'>qui</span> <span class='ocrx_word' id='word_1_134' title='bbox 230 1396 335 1438; x_wconf 73' lang='lat' dir='ltr'>foliis</span> <span class='ocrx_word' id='word_1_135' title='bbox 353 1395 523 1431; x_wconf 72' lang='lat' dir='ltr'>dilatatis</span> <span class='ocrx_word' id='word_1_136' title='bbox 559 1398 596 1432; x_wconf 76' lang='lat' dir='ltr'>in</span> <span class='ocrx_word' id='word_1_137' title='bbox 623 1396 840 1440; x_wconf 59' lang='lat' dir='ltr'>amygdalus</span> <span class='ocrx_word' id='word_1_138' title='bbox 862 1397 927 1431; x_wconf 79' lang='lat' dir='ltr'>de-</span> 
     </span>
     <span class='ocr_line' id='line_1_28' title="bbox 134 1443 925 1489; baseline 0.001 -13"><span class='ocrx_word' id='word_1_139' title='bbox 134 1443 292 1483; x_wconf 78' lang='lat' dir='ltr'>formati</span> <span class='ocrx_word' id='word_1_140' title='bbox 310 1446 407 1478; x_wconf 81' lang='lat' dir='ltr'>sunt.</span> <span class='ocrx_word' id='word_1_141' title='bbox 437 1444 507 1479; x_wconf 90' lang='lat' dir='ltr'>Per</span> <span class='ocrx_word' id='word_1_142' title='bbox 528 1443 638 1480; x_wconf 88' lang='lat' dir='ltr'>istam</span> <span class='ocrx_word' id='word_1_143' title='bbox 660 1443 817 1488; x_wconf 80' lang='lat' dir='ltr'>intelligi</span> <span class='ocrx_word' id='word_1_144' title='bbox 843 1446 925 1489; x_wconf 88' lang='lat' dir='ltr'>pot-</span> 
     </span>
     <span class='ocr_line' id='line_1_29' title="bbox 140 1489 926 1541; baseline 0 -17"><span class='ocrx_word' id='word_1_145' title='bbox 140 1491 197 1524; x_wconf 88' lang='lat' dir='ltr'>est</span> <span class='ocrx_word' id='word_1_146' title='bbox 217 1489 328 1541; x_wconf 77' lang='lat' dir='ltr'>beata</span> <span class='ocrx_word' id='word_1_147' title='bbox 343 1489 455 1536; x_wconf 73' lang='lat' dir='ltr'>Virgo</span> <span class='ocrx_word' id='word_1_148' title='bbox 469 1490 598 1535; x_wconf 82' lang='lat' dir='ltr'>Maria,</span> <span class='ocrx_word' id='word_1_149' title='bbox 618 1502 700 1536; x_wconf 78' lang='lat' dir='ltr'>quae</span> <span class='ocrx_word' id='word_1_150' title='bbox 716 1491 835 1525; x_wconf 84' lang='lat' dir='ltr'>instar</span> <span class='ocrx_word' id='word_1_151' title='bbox 855 1489 926 1525; x_wconf 73' lang='lat' dir='ltr'>vir-</span> 
     </span>
     <span class='ocr_line' id='line_1_30' title="bbox 139 1536 925 1588; baseline 0.003 -18"><span class='ocrx_word' id='word_1_152' title='bbox 139 1546 195 1581; x_wconf 78' lang='lat' dir='ltr'>gae</span> <span class='ocrx_word' id='word_1_153' title='bbox 217 1536 292 1588; x_wconf 62' lang='lat' dir='ltr'><strong>.fu.¹t.</strong></span> <span class='ocrx_word' id='word_1_154' title='bbox 317 1536 466 1582; x_wconf 83' lang='lat' dir='ltr'>gracilis</span> <span class='ocrx_word' id='word_1_155' title='bbox 493 1548 559 1583; x_wconf 88' lang='lat' dir='ltr'>per</span> <span class='ocrx_word' id='word_1_156' title='bbox 586 1541 861 1584; x_wconf 83' lang='lat' dir='ltr'>paupertatem,</span> <span class='ocrx_word' id='word_1_157' title='bbox 891 1540 925 1573; x_wconf 91' lang='lat' dir='ltr'>et</span> 
     </span>
     <span class='ocr_line' id='line_1_31' title="bbox 140 1583 925 1635; baseline 0.003 -17"><span class='ocrx_word' id='word_1_158' title='bbox 140 1583 315 1635; x_wconf 78' lang='lat' dir='ltr'>nextbilis</span> <span class='ocrx_word' id='word_1_159' title='bbox 352 1593 420 1629; x_wconf 93' lang='lat' dir='ltr'>per</span> <span class='ocrx_word' id='word_1_160' title='bbox 455 1584 720 1628; x_wconf 85' lang='lat' dir='ltr'>humilitatem,</span> <span class='ocrx_word' id='word_1_161' title='bbox 755 1588 791 1620; x_wconf 87' lang='lat' dir='ltr'>et</span> <span class='ocrx_word' id='word_1_162' title='bbox 824 1588 925 1620; x_wconf 89' lang='lat' dir='ltr'>recta</span> 
     </span>
     <span class='ocr_line' id='line_1_32' title="bbox 139 1630 926 1683; baseline 0.004 -18"><span class='ocrx_word' id='word_1_163' title='bbox 139 1639 207 1682; x_wconf 82' lang='lat' dir='ltr'>per</span> <span class='ocrx_word' id='word_1_164' title='bbox 241 1630 491 1683; x_wconf 82' lang='lat' dir='ltr'>intentionem</span> <span class='ocrx_word' id='word_1_165' title='bbox 513 1635 547 1668; x_wconf 90' lang='lat' dir='ltr'>et</span> <span class='ocrx_word' id='word_1_166' title='bbox 584 1632 821 1668; x_wconf 88' lang='lat' dir='ltr'>charitatem.</span> <span class='ocrx_word' id='word_1_167' title='bbox 851 1633 926 1668; x_wconf 85' lang='lat' dir='ltr'>Ista</span> 
     </span>
     <span class='ocr_line' id='line_1_33' title="bbox 140 1678 924 1724; baseline 0.003 -12"><span class='ocrx_word' id='word_1_168' title='bbox 140 1678 254 1723; x_wconf 83' lang='lat' dir='ltr'>Virgo</span> <span class='ocrx_word' id='word_1_169' title='bbox 269 1681 425 1714; x_wconf 85' lang='lat' dir='ltr'>inventa</span> <span class='ocrx_word' id='word_1_170' title='bbox 442 1682 498 1715; x_wconf 89' lang='lat' dir='ltr'>est</span> <span class='ocrx_word' id='word_1_171' title='bbox 512 1681 663 1723; x_wconf 63' lang='lat' dir='ltr'>gemmis</span> <span class='ocrx_word' id='word_1_172' title='bbox 681 1679 924 1724; x_wconf 61' lang='lat' dir='ltr'>tumentibus,</span> 
     </span>
     <span class='ocr_line' id='line_1_34' title="bbox 139 1724 926 1778; baseline 0.001 -17"><span class='ocrx_word' id='word_1_173' title='bbox 139 1724 292 1778; x_wconf 35' lang='lat' dir='ltr'>qua-ndo</span> <span class='ocrx_word' id='word_1_174' title='bbox 314 1725 447 1762; x_wconf 91' lang='lat' dir='ltr'>Filium</span> <span class='ocrx_word' id='word_1_175' title='bbox 472 1726 537 1762; x_wconf 89' lang='lat' dir='ltr'>Dei</span> <span class='ocrx_word' id='word_1_176' title='bbox 558 1727 595 1762; x_wconf 92' lang='lat' dir='ltr'>in</span> <span class='ocrx_word' id='word_1_177' title='bbox 617 1730 724 1763; x_wconf 87' lang='lat' dir='ltr'>utero</span> <span class='ocrx_word' id='word_1_178' title='bbox 749 1737 817 1762; x_wconf 89' lang='lat' dir='ltr'>suo</span> <span class='ocrx_word' id='word_1_179' title='bbox 838 1737 926 1762; x_wconf 88' lang='lat' dir='ltr'>eon-</span> 
     </span>
     <span class='ocr_line' id='line_1_35' title="bbox 142 1773 926 1819; baseline 0.003 -12"><span class='ocrx_word' id='word_1_180' title='bbox 142 1775 254 1817; x_wconf 78' lang='lat' dir='ltr'>cepit,</span> <span class='ocrx_word' id='word_1_181' title='bbox 276 1783 319 1808; x_wconf 86' lang='lat' dir='ltr'>ex</span> <span class='ocrx_word' id='word_1_182' title='bbox 343 1783 416 1819; x_wconf 90' lang='lat' dir='ltr'>qua</span> <span class='ocrx_word' id='word_1_183' title='bbox 439 1774 551 1810; x_wconf 77' lang='lat' dir='ltr'>flores</span> <span class='ocrx_word' id='word_1_184' title='bbox 583 1773 764 1810; x_wconf 80' lang='lat' dir='ltr'>fructiferi</span> <span class='ocrx_word' id='word_1_185' title='bbox 790 1784 926 1819; x_wconf 84' lang='lat' dir='ltr'>erupe-</span> 
     </span>
     <span class='ocr_line' id='line_1_36' title="bbox 141 1820 925 1867; baseline 0.004 -13"><span class='ocrx_word' id='word_1_186' title='bbox 141 1823 243 1863; x_wconf 89' lang='lat' dir='ltr'>runt,</span> <span class='ocrx_word' id='word_1_187' title='bbox 276 1820 427 1866; x_wconf 89' lang='lat' dir='ltr'>quando</span> <span class='ocrx_word' id='word_1_188' title='bbox 460 1822 525 1857; x_wconf 90' lang='lat' dir='ltr'>Dei</span> <span class='ocrx_word' id='word_1_189' title='bbox 563 1821 691 1866; x_wconf 89' lang='lat' dir='ltr'>Filius,</span> <span class='ocrx_word' id='word_1_190' title='bbox 724 1821 805 1867; x_wconf 89' lang='lat' dir='ltr'>ipsa</span> <span class='ocrx_word' id='word_1_191' title='bbox 846 1832 925 1857; x_wconf 88' lang='lat' dir='ltr'>ma-</span> 
     </span>
     <span class='ocr_line' id='line_1_37' title="bbox 143 1867 925 1914; baseline 0.001 -11"><span class='ocrx_word' id='word_1_192' title='bbox 143 1870 259 1903; x_wconf 87' lang='lat' dir='ltr'>nente</span> <span class='ocrx_word' id='word_1_193' title='bbox 284 1867 444 1914; x_wconf 82' lang='lat' dir='ltr'>virgine,</span> <span class='ocrx_word' id='word_1_194' title='bbox 468 1871 581 1905; x_wconf 88' lang='lat' dir='ltr'>natus</span> <span class='ocrx_word' id='word_1_195' title='bbox 605 1869 686 1905; x_wconf 81' lang='lat' dir='ltr'>suit.</span> <span class='ocrx_word' id='word_1_196' title='bbox 716 1870 810 1905; x_wconf 85' lang='lat' dir='ltr'>Nam</span> <span class='ocrx_word' id='word_1_197' title='bbox 832 1868 925 1905; x_wconf 89' lang='lat' dir='ltr'>sieut</span> 
     </span>
     <span class='ocr_line' id='line_1_38' title="bbox 141 1914 924 1967; baseline 0.003 -18"><span class='ocrx_word' id='word_1_198' title='bbox 141 1914 214 1967; x_wconf 75' lang='lat' dir='ltr'>flos</span> <span class='ocrx_word' id='word_1_199' title='bbox 235 1925 312 1967; x_wconf 82' lang='lat' dir='ltr'>non</span> <span class='ocrx_word' id='word_1_200' title='bbox 341 1914 455 1951; x_wconf 81' lang='lat' dir='ltr'>violat</span> <span class='ocrx_word' id='word_1_201' title='bbox 483 1917 672 1960; x_wconf 82' lang='lat' dir='ltr'>arborem,</span> <span class='ocrx_word' id='word_1_202' title='bbox 701 1916 767 1952; x_wconf 86' lang='lat' dir='ltr'>sed</span> <span class='ocrx_word' id='word_1_203' title='bbox 794 1920 924 1959; x_wconf 91' lang='lat' dir='ltr'>ornat;</span> 
     </span>
     <span class='ocr_line' id='line_1_39' title="bbox 142 1962 926 2009; baseline 0.001 -12"><span class='ocrx_word' id='word_1_204' title='bbox 142 1971 197 1997; x_wconf 84' lang='lat' dir='ltr'>sle</span> <span class='ocrx_word' id='word_1_205' title='bbox 219 1962 284 1998; x_wconf 80' lang='lat' dir='ltr'>Dei</span> <span class='ocrx_word' id='word_1_206' title='bbox 306 1962 420 1998; x_wconf 90' lang='lat' dir='ltr'>Filius</span> <span class='ocrx_word' id='word_1_207' title='bbox 444 1974 519 1999; x_wconf 91' lang='lat' dir='ltr'>non</span> <span class='ocrx_word' id='word_1_208' title='bbox 546 1963 699 2000; x_wconf 70' lang='lat' dir='ltr'>violavit</span> <span class='ocrx_word' id='word_1_209' title='bbox 719 1963 926 2009; x_wconf 67' lang='lat' dir='ltr'>Virginem,</span> 
     </span>
     <span class='ocr_line' id='line_1_40' title="bbox 145 2008 925 2057; baseline 0.001 -13"><span class='ocrx_word' id='word_1_210' title='bbox 145 2008 212 2045; x_wconf 89' lang='lat' dir='ltr'>sed</span> <span class='ocrx_word' id='word_1_211' title='bbox 230 2009 350 2055; x_wconf 83' lang='lat' dir='ltr'>magis</span> <span class='ocrx_word' id='word_1_212' title='bbox 371 2009 480 2046; x_wconf 91' lang='lat' dir='ltr'>donis</span> <span class='ocrx_word' id='word_1_213' title='bbox 503 2014 539 2047; x_wconf 91' lang='lat' dir='ltr'>et</span> <span class='ocrx_word' id='word_1_214' title='bbox 560 2011 692 2057; x_wconf 75' lang='lat' dir='ltr'>gratiis</span> <span class='ocrx_word' id='word_1_215' title='bbox 714 2010 925 2046; x_wconf 82' lang='lat' dir='ltr'>adornavit.</span> 
     </span>
     <span class='ocr_line' id='line_1_41' title="bbox 147 2056 929 2104; baseline -0.001 -12"><span class='ocrx_word' id='word_1_216' title='bbox 147 2057 234 2092; x_wconf 79' lang='lat' dir='ltr'>Haec</span> <span class='ocrx_word' id='word_1_217' title='bbox 260 2061 317 2093; x_wconf 88' lang='lat' dir='ltr'>est</span> <span class='ocrx_word' id='word_1_218' title='bbox 337 2056 441 2104; x_wconf 79' lang='lat' dir='ltr'>virga</span> <span class='ocrx_word' id='word_1_219' title='bbox 465 2069 562 2104; x_wconf 64' lang='lat' dir='ltr'>quse,</span> <span class='ocrx_word' id='word_1_220' title='bbox 585 2059 792 2095; x_wconf 88' lang='lat' dir='ltr'>secundum</span> <span class='ocrx_word' id='word_1_221' title='bbox 816 2059 929 2103; x_wconf 76' lang='lat' dir='ltr'>Chry-</span> 
     </span>
     <span class='ocr_line' id='line_1_42' title="bbox 143 2105 928 2156; baseline 0.003 -17"><span class='ocrx_word' id='word_1_222' title='bbox 143 2107 358 2156; x_wconf 55' lang='lat' dir='ltr'>sementum,</span> <span class='ocrx_word' id='word_1_223' title='bbox 382 2105 421 2140; x_wconf 91' lang='lat' dir='ltr'>in</span> <span class='ocrx_word' id='word_1_224' title='bbox 450 2106 693 2142; x_wconf 88' lang='lat' dir='ltr'>tabernaculo</span> <span class='ocrx_word' id='word_1_225' title='bbox 723 2105 928 2142; x_wconf 84' lang='lat' dir='ltr'>testimonii</span> 
     </span>
     <span class='ocr_line' id='line_1_43' title="bbox 147 2151 930 2204; baseline 0.001 -17"><span class='ocrx_word' id='word_1_226' title='bbox 147 2154 286 2204; x_wconf 69' lang='lat' dir='ltr'>posita,</span> <span class='ocrx_word' id='word_1_227' title='bbox 313 2151 395 2188; x_wconf 88' lang='lat' dir='ltr'>sine</span> <span class='ocrx_word' id='word_1_228' title='bbox 432 2153 592 2189; x_wconf 89' lang='lat' dir='ltr'>humore</span> <span class='ocrx_word' id='word_1_229' title='bbox 620 2157 731 2189; x_wconf 79' lang='lat' dir='ltr'>terrae</span> <span class='ocrx_word' id='word_1_230' title='bbox 770 2154 930 2189; x_wconf 84' lang='lat' dir='ltr'>t&#39;ructum</span> 
     </span>
     <span class='ocr_line' id='line_1_44' title="bbox 149 2199 930 2251; baseline 0.003 -17"><span class='ocrx_word' id='word_1_231' title='bbox 149 2208 255 2251; x_wconf 77' lang='lat' dir='ltr'>nucis</span> <span class='ocrx_word' id='word_1_232' title='bbox 280 2199 524 2246; x_wconf 85' lang='lat' dir='ltr'>germinavit;</span> <span class='ocrx_word' id='word_1_233' title='bbox 554 2201 643 2246; x_wconf 86' lang='lat' dir='ltr'>quia</span> <span class='ocrx_word' id='word_1_234' title='bbox 671 2200 751 2236; x_wconf 89' lang='lat' dir='ltr'>sine</span> <span class='ocrx_word' id='word_1_235' title='bbox 779 2200 847 2235; x_wconf 54' lang='lat' dir='ltr'>wiri</span> <span class='ocrx_word' id='word_1_236' title='bbox 872 2211 930 2236; x_wconf 92' lang='lat' dir='ltr'>se-</span> 
     </span>
     <span class='ocr_line' id='line_1_45' title="bbox 149 2246 932 2299; baseline 0.001 -18"><span class='ocrx_word' id='word_1_237' title='bbox 149 2256 264 2299; x_wconf 40' lang='lat' dir='ltr'>mine·</span> <span class='ocrx_word' id='word_1_238' title='bbox 299 2246 431 2282; x_wconf 89' lang='lat' dir='ltr'>Filium</span> <span class='ocrx_word' id='word_1_239' title='bbox 473 2248 604 2292; x_wconf 86' lang='lat' dir='ltr'>edidit,</span> <span class='ocrx_word' id='word_1_240' title='bbox 638 2247 699 2294; x_wconf 83' lang='lat' dir='ltr'>qui</span> <span class='ocrx_word' id='word_1_241' title='bbox 738 2251 932 2293; x_wconf 84' lang='lat' dir='ltr'>tamquam</span> 
     </span>
     <span class='ocr_line' id='line_1_46' title="bbox 151 2293 933 2340; baseline 0.004 -12"><span class='ocrx_word' id='word_1_242' title='bbox 151 2303 225 2329; x_wconf 85' lang='lat' dir='ltr'>nux</span> <span class='ocrx_word' id='word_1_243' title='bbox 242 2293 344 2339; x_wconf 86' lang='lat' dir='ltr'>ligno</span> <span class='ocrx_word' id='word_1_244' title='bbox 361 2294 546 2340; x_wconf 84' lang='lat' dir='ltr'>passionis</span> <span class='ocrx_word' id='word_1_245' title='bbox 562 2295 734 2331; x_wconf 67' lang='lat' dir='ltr'>adhaesit.</span> <span class='ocrx_word' id='word_1_246' title='bbox 759 2296 801 2330; x_wconf 87' lang='lat' dir='ltr'>Et</span> <span class='ocrx_word' id='word_1_247' title='bbox 821 2296 933 2339; x_wconf 88' lang='lat' dir='ltr'>bene,</span> 
     </span>
     <span class='ocr_line' id='line_1_47' title="bbox 153 2342 933 2388; baseline 0.004 -13"><span class='ocrx_word' id='word_1_248' title='bbox 153 2350 252 2376; x_wconf 87' lang='lat' dir='ltr'>nunc</span> <span class='ocrx_word' id='word_1_249' title='bbox 268 2342 352 2385; x_wconf 79' lang='lat' dir='ltr'>ilos,</span> <span class='ocrx_word' id='word_1_250' title='bbox 374 2352 473 2377; x_wconf 91' lang='lat' dir='ltr'>nunc</span> <span class='ocrx_word' id='word_1_251' title='bbox 492 2342 635 2378; x_wconf 80' lang='lat' dir='ltr'>fructus</span> <span class='ocrx_word' id='word_1_252' title='bbox 654 2342 791 2378; x_wconf 90' lang='lat' dir='ltr'>dicitur</span> <span class='ocrx_word' id='word_1_253' title='bbox 810 2354 816 2377; x_wconf 91' lang='lat'>:</span> <span class='ocrx_word' id='word_1_254' title='bbox 832 2342 933 2388; x_wconf 82' lang='lat' dir='ltr'>quia,</span> 
     </span>
     <span class='ocr_line' id='line_1_48' title="bbox 153 2387 937 2440; baseline 0.003 -17"><span class='ocrx_word' id='word_1_255' title='bbox 153 2387 362 2440; x_wconf 83' lang='lat' dir='ltr'>secundum</span> <span class='ocrx_word' id='word_1_256' title='bbox 376 2389 624 2431; x_wconf 76' lang='lat' dir='ltr'>Ambrosium,</span> <span class='ocrx_word' id='word_1_257' title='bbox 642 2389 756 2425; x_wconf 76' lang='lat' dir='ltr'>veluti</span> <span class='ocrx_word' id='word_1_258' title='bbox 775 2389 863 2425; x_wconf 84' lang='lat' dir='ltr'>honi</span> <span class='ocrx_word' id='word_1_259' title='bbox 879 2401 937 2426; x_wconf 87' lang='lat' dir='ltr'>ar-</span> 
     </span>
     <span class='ocr_line' id='line_1_49' title="bbox 154 2435 936 2483; baseline 0.003 -12"><span class='ocrx_word' id='word_1_260' title='bbox 154 2435 258 2471; x_wconf 83' lang='lat' dir='ltr'>boris</span> <span class='ocrx_word' id='word_1_261' title='bbox 278 2436 419 2471; x_wconf 80' lang='lat' dir='ltr'>fructus</span> <span class='ocrx_word' id='word_1_262' title='bbox 440 2446 506 2482; x_wconf 92' lang='lat' dir='ltr'>pro</span> <span class='ocrx_word' id='word_1_263' title='bbox 525 2441 663 2472; x_wconf 76' lang='lat' dir='ltr'>nostrae</span> <span class='ocrx_word' id='word_1_264' title='bbox 683 2436 830 2472; x_wconf 68' lang='lat' dir='ltr'>virtutis</span> <span class='ocrx_word' id='word_1_265' title='bbox 850 2448 936 2483; x_wconf 91' lang='lat' dir='ltr'>pro-</span> 
     </span>
     <span class='ocr_line' id='line_1_50' title="bbox 155 2483 938 2527; baseline 0.004 -10"><span class='ocrx_word' id='word_1_266' title='bbox 155 2492 278 2526; x_wconf 78' lang='lat' dir='ltr'>cessu,</span> <span class='ocrx_word' id='word_1_267' title='bbox 301 2493 397 2518; x_wconf 91' lang='lat' dir='ltr'>nunc</span> <span class='ocrx_word' id='word_1_268' title='bbox 414 2484 537 2527; x_wconf 78' lang='lat' dir='ltr'>floret,</span> <span class='ocrx_word' id='word_1_269' title='bbox 560 2495 655 2520; x_wconf 91' lang='lat' dir='ltr'>nunc</span> <span class='ocrx_word' id='word_1_270' title='bbox 678 2483 879 2521; x_wconf 78' lang='lat' dir='ltr'>fructificat</span> <span class='ocrx_word' id='word_1_271' title='bbox 900 2484 938 2520; x_wconf 92' lang='lat' dir='ltr'>in</span> 
     </span>
     <span class='ocr_line' id='line_1_51' title="bbox 159 2529 937 2582; baseline 0.005 -18"><span class='ocrx_word' id='word_1_272' title='bbox 159 2529 287 2582; x_wconf 76' lang='lat' dir='ltr'>nobis;</span> <span class='ocrx_word' id='word_1_273' title='bbox 309 2540 405 2566; x_wconf 91' lang='lat' dir='ltr'>nune</span> <span class='ocrx_word' id='word_1_274' title='bbox 428 2530 595 2567; x_wconf 72' lang='lat' dir='ltr'>rediviva</span> <span class='ocrx_word' id='word_1_275' title='bbox 622 2531 790 2578; x_wconf 77' lang='lat' dir='ltr'>corpor1s</span> <span class='ocrx_word' id='word_1_276' title='bbox 811 2543 937 2568; x_wconf 88' lang='lat' dir='ltr'>resur-</span> 
     </span>
     <span class='ocr_line' id='line_1_52' title="bbox 158 2579 938 2624; baseline 0.004 -12"><span class='ocrx_word' id='word_1_277' title='bbox 158 2580 326 2613; x_wconf 83' lang='lat' dir='ltr'>rectione</span> <span class='ocrx_word' id='word_1_278' title='bbox 355 2582 564 2624; x_wconf 87' lang='lat' dir='ltr'>reparatur.</span> <span class='ocrx_word' id='word_1_279' title='bbox 599 2579 685 2614; x_wconf 90' lang='lat' dir='ltr'>Ideo</span> <span class='ocrx_word' id='word_1_280' title='bbox 712 2579 824 2615; x_wconf 89' lang='lat' dir='ltr'>etiam</span> <span class='ocrx_word' id='word_1_281' title='bbox 849 2579 938 2616; x_wconf 86' lang='lat' dir='ltr'>alibi</span> 
     </span>
     <span class='ocr_line' id='line_1_53' title="bbox 158 2624 939 2676; baseline 0.004 -17"><span class='ocrx_word' id='word_1_282' title='bbox 158 2625 242 2676; x_wconf 78' lang='lat' dir='ltr'>llos,</span> <span class='ocrx_word' id='word_1_283' title='bbox 275 2624 363 2661; x_wconf 90' lang='lat' dir='ltr'>alibi</span> <span class='ocrx_word' id='word_1_284' title='bbox 405 2626 547 2661; x_wconf 81' lang='lat' dir='ltr'>fructus</span> <span class='ocrx_word' id='word_1_285' title='bbox 578 2626 714 2662; x_wconf 89' lang='lat' dir='ltr'>dicitur</span> <span class='ocrx_word' id='word_1_286' title='bbox 745 2637 752 2661; x_wconf 90' lang='lat'>:</span> <span class='ocrx_word' id='word_1_287' title='bbox 788 2626 876 2672; x_wconf 85' lang='lat' dir='ltr'>quia</span> <span class='ocrx_word' id='word_1_288' title='bbox 902 2627 939 2662; x_wconf 92' lang='lat' dir='ltr'>in</span> 
     </span>
     <span class='ocr_line' id='line_1_54' title="bbox 157 2673 940 2724; baseline 0.005 -18"><span class='ocrx_word' id='word_1_289' title='bbox 157 2674 353 2724; x_wconf 76' lang='lat' dir='ltr'>utriusque</span> <span class='ocrx_word' id='word_1_290' title='bbox 370 2673 598 2709; x_wconf 87' lang='lat' dir='ltr'>Testamenti</span> <span class='ocrx_word' id='word_1_291' title='bbox 617 2673 765 2720; x_wconf 84' lang='lat' dir='ltr'>paginis</span> <span class='ocrx_word' id='word_1_292' title='bbox 784 2673 834 2710; x_wconf 91' lang='lat' dir='ltr'>ita</span> <span class='ocrx_word' id='word_1_293' title='bbox 848 2685 940 2721; x_wconf 77' lang='lat' dir='ltr'>prae-</span> 
     </span>
     <span class='ocr_line' id='line_1_55' title="bbox 157 2719 939 2771; baseline 0.005 -17"><span class='ocrx_word' id='word_1_294' title='bbox 157 2719 318 2771; x_wconf 38' lang='lat' dir='ltr'>dica-tur,</span> <span class='ocrx_word' id='word_1_295' title='bbox 359 2720 430 2756; x_wconf 84' lang='lat' dir='ltr'>ilos</span> <span class='ocrx_word' id='word_1_296' title='bbox 469 2720 506 2756; x_wconf 90' lang='lat' dir='ltr'>in</span> <span class='ocrx_word' id='word_1_297' title='bbox 541 2720 680 2766; x_wconf 89' lang='lat' dir='ltr'>littera,</span> <span class='ocrx_word' id='word_1_298' title='bbox 720 2721 862 2758; x_wconf 79' lang='lat' dir='ltr'>fructus</span> <span class='ocrx_word' id='word_1_299' title='bbox 902 2721 939 2758; x_wconf 89' lang='lat' dir='ltr'>in</span> 
     </span>
     <span class='ocr_line' id='line_1_56' title="bbox 154 2767 940 2816; baseline 0.009 -17"><span class='ocrx_word' id='word_1_300' title='bbox 154 2769 311 2811; x_wconf 79' lang='lat' dir='ltr'>spiritu3</span> <span class='ocrx_word' id='word_1_301' title='bbox 335 2767 405 2803; x_wconf 79' lang='lat' dir='ltr'>ilos</span> <span class='ocrx_word' id='word_1_302' title='bbox 430 2767 466 2803; x_wconf 90' lang='lat' dir='ltr'>in</span> <span class='ocrx_word' id='word_1_303' title='bbox 496 2768 606 2814; x_wconf 71' lang='lat' dir='ltr'>Lege,</span> <span class='ocrx_word' id='word_1_304' title='bbox 628 2768 768 2803; x_wconf 73' lang='lat' dir='ltr'>fructus</span> <span class='ocrx_word' id='word_1_305' title='bbox 797 2769 831 2804; x_wconf 84' lang='lat' dir='ltr'>in</span> <span class='ocrx_word' id='word_1_306' title='bbox 856 2780 940 2816; x_wconf 81' lang='lat' dir='ltr'>gra-</span> 
     </span>
    </p>
   </div>
   <div class='ocr_carea' id='block_1_3' title="bbox 1001 211 1797 2811">
    <p class='ocr_par' dir='ltr' id='par_1_4' title="bbox 1005 211 1792 1016">
     <span class='ocr_line' id='line_1_57' title="bbox 1008 211 1790 260; baseline -0.006 -10"><span class='ocrx_word' id='word_1_307' title='bbox 1008 214 1059 250; x_wconf 88' lang='lat' dir='ltr'>tia</span> <span class='ocrx_word' id='word_1_308' title='bbox 1081 218 1116 250; x_wconf 88' lang='lat' dir='ltr'>et</span> <span class='ocrx_word' id='word_1_309' title='bbox 1138 215 1398 257; x_wconf 74' lang='lat' dir='ltr'>veritate3tlos</span> <span class='ocrx_word' id='word_1_310' title='bbox 1420 214 1455 250; x_wconf 93' lang='lat' dir='ltr'>in</span> <span class='ocrx_word' id='word_1_311' title='bbox 1476 211 1591 260; x_wconf 92' lang='lat' dir='ltr'>priori</span> <span class='ocrx_word' id='word_1_312' title='bbox 1614 211 1790 248; x_wconf 87' lang='lat' dir='ltr'>taberna-</span> 
     </span>
     <span class='ocr_line' id='line_1_58' title="bbox 1007 258 1788 305; baseline -0.004 -9"><span class='ocrx_word' id='word_1_313' title='bbox 1007 261 1105 305; x_wconf 91' lang='lat' dir='ltr'>culo,</span> <span class='ocrx_word' id='word_1_314' title='bbox 1126 262 1267 297; x_wconf 83' lang='lat' dir='ltr'>fructus</span> <span class='ocrx_word' id='word_1_315' title='bbox 1290 262 1327 297; x_wconf 86' lang='lat' dir='ltr'>in</span> <span class='ocrx_word' id='word_1_316' title='bbox 1351 261 1540 303; x_wconf 78' lang='lat' dir='ltr'>secundo3</span> <span class='ocrx_word' id='word_1_317' title='bbox 1565 261 1634 295; x_wconf 81' lang='lat' dir='ltr'>nos</span> <span class='ocrx_word' id='word_1_318' title='bbox 1659 258 1696 293; x_wconf 92' lang='lat' dir='ltr'>in</span> <span class='ocrx_word' id='word_1_319' title='bbox 1721 259 1788 293; x_wconf 87' lang='lat' dir='ltr'>ob-</span> 
     </span>
     <span class='ocr_line' id='line_1_59' title="bbox 1006 305 1787 349; baseline -0.004 -6"><span class='ocrx_word' id='word_1_320' title='bbox 1006 307 1220 344; x_wconf 80' lang='lat' dir='ltr'>servatione</span> <span class='ocrx_word' id='word_1_321' title='bbox 1256 309 1463 344; x_wconf 88' lang='lat' dir='ltr'>carnalium</span> <span class='ocrx_word' id='word_1_322' title='bbox 1500 305 1787 349; x_wconf 80' lang='lat' dir='ltr'>sacrificiorum,</span> 
     </span>
     <span class='ocr_line' id='line_1_60' title="bbox 1007 352 1788 400; baseline -0.005 -9"><span class='ocrx_word' id='word_1_323' title='bbox 1007 356 1148 391; x_wconf 80' lang='lat' dir='ltr'>fructus</span> <span class='ocrx_word' id='word_1_324' title='bbox 1169 355 1207 390; x_wconf 90' lang='lat' dir='ltr'>in</span> <span class='ocrx_word' id='word_1_325' title='bbox 1228 355 1410 400; x_wconf 87' lang='lat' dir='ltr'>spirituali</span> <span class='ocrx_word' id='word_1_326' title='bbox 1434 352 1682 400; x_wconf 79' lang='lat' dir='ltr'>intelligentia</span> <span class='ocrx_word' id='word_1_327' title='bbox 1711 362 1788 398; x_wconf 65' lang='lat' dir='ltr'>my-</span> 
     </span>
     <span class='ocr_line' id='line_1_61' title="bbox 1006 400 1790 438; baseline -0.004 0"><span class='ocrx_word' id='word_1_328' title='bbox 1006 402 1219 438; x_wconf 91' lang='lat' dir='ltr'>steriorum.</span> <span class='ocrx_word' id='word_1_329' title='bbox 1241 402 1341 438; x_wconf 85' lang='lat' dir='ltr'>Sicut</span> <span class='ocrx_word' id='word_1_330' title='bbox 1359 401 1457 437; x_wconf 90' lang='lat' dir='ltr'>enim</span> <span class='ocrx_word' id='word_1_331' title='bbox 1477 401 1515 436; x_wconf 90' lang='lat' dir='ltr'>in</span> <span class='ocrx_word' id='word_1_332' title='bbox 1535 402 1626 436; x_wconf 78' lang='lat' dir='ltr'>tiore</span> <span class='ocrx_word' id='word_1_333' title='bbox 1648 400 1790 435; x_wconf 79' lang='lat' dir='ltr'>fructus</span> 
     </span>
     <span class='ocr_line' id='line_1_62' title="bbox 1007 446 1790 495; baseline -0.005 -10"><span class='ocrx_word' id='word_1_334' title='bbox 1007 449 1294 495; x_wconf 64' lang='lat' dir='ltr'>praenuntiatur,</span> <span class='ocrx_word' id='word_1_335' title='bbox 1320 448 1372 484; x_wconf 90' lang='lat' dir='ltr'>sie</span> <span class='ocrx_word' id='word_1_336' title='bbox 1400 448 1437 483; x_wconf 93' lang='lat' dir='ltr'>in</span> <span class='ocrx_word' id='word_1_337' title='bbox 1463 448 1535 483; x_wconf 91' lang='lat' dir='ltr'>illis</span> <span class='ocrx_word' id='word_1_338' title='bbox 1566 446 1790 483; x_wconf 84' lang='lat' dir='ltr'>ceremoniis</span> 
     </span>
     <span class='ocr_line' id='line_1_63' title="bbox 1006 494 1789 540; baseline -0.006 -7"><span class='ocrx_word' id='word_1_339' title='bbox 1006 496 1176 534; x_wconf 86' lang='lat' dir='ltr'>Christus</span> <span class='ocrx_word' id='word_1_340' title='bbox 1193 499 1372 532; x_wconf 87' lang='lat' dir='ltr'>venturus</span> <span class='ocrx_word' id='word_1_341' title='bbox 1391 494 1690 540; x_wconf 76' lang='lat' dir='ltr'>significabatur.</span> <span class='ocrx_word' id='word_1_342' title='bbox 1721 495 1789 529; x_wconf 84' lang='lat' dir='ltr'>Pa-</span> 
     </span>
     <span class='ocr_line' id='line_1_64' title="bbox 1007 541 1792 589; baseline -0.006 -9"><span class='ocrx_word' id='word_1_343' title='bbox 1007 548 1058 580; x_wconf 88' lang='lat' dir='ltr'>tet</span> <span class='ocrx_word' id='word_1_344' title='bbox 1084 544 1210 589; x_wconf 86' lang='lat' dir='ltr'>itaque</span> <span class='ocrx_word' id='word_1_345' title='bbox 1239 542 1340 589; x_wconf 84' lang='lat' dir='ltr'>quod</span> <span class='ocrx_word' id='word_1_346' title='bbox 1364 542 1532 579; x_wconf 88' lang='lat' dir='ltr'>Christus</span> <span class='ocrx_word' id='word_1_347' title='bbox 1559 543 1627 576; x_wconf 82' lang='lat' dir='ltr'>llos</span> <span class='ocrx_word' id='word_1_348' title='bbox 1652 541 1792 576; x_wconf 90' lang='lat' dir='ltr'>dicitur</span> 
     </span>
     <span class='ocr_line' id='line_1_65' title="bbox 1005 587 1791 638; baseline -0.006 -12"><span class='ocrx_word' id='word_1_349' title='bbox 1005 591 1043 627; x_wconf 88' lang='lat' dir='ltr'>in</span> <span class='ocrx_word' id='word_1_350' title='bbox 1064 590 1283 638; x_wconf 77' lang='lat' dir='ltr'>prophetica</span> <span class='ocrx_word' id='word_1_351' title='bbox 1298 589 1444 626; x_wconf 86' lang='lat' dir='ltr'>Veteris</span> <span class='ocrx_word' id='word_1_352' title='bbox 1462 587 1689 624; x_wconf 87' lang='lat' dir='ltr'>Testamenti</span> <span class='ocrx_word' id='word_1_353' title='bbox 1706 598 1791 633; x_wconf 91' lang='lat' dir='ltr'>pro-</span> 
     </span>
     <span class='ocr_line' id='line_1_66' title="bbox 1007 634 1789 684; baseline -0.006 -10"><span class='ocrx_word' id='word_1_354' title='bbox 1007 638 1201 682; x_wconf 79' lang='lat' dir='ltr'>missione,</span> <span class='ocrx_word' id='word_1_355' title='bbox 1233 637 1295 684; x_wconf 92' lang='lat' dir='ltr'>qui</span> <span class='ocrx_word' id='word_1_356' title='bbox 1331 640 1369 673; x_wconf 88' lang='lat' dir='ltr'>et</span> <span class='ocrx_word' id='word_1_357' title='bbox 1393 636 1535 672; x_wconf 85' lang='lat' dir='ltr'>fructus</span> <span class='ocrx_word' id='word_1_358' title='bbox 1560 638 1715 670; x_wconf 74' lang='lat' dir='ltr'>vocatur</span> <span class='ocrx_word' id='word_1_359' title='bbox 1753 634 1789 670; x_wconf 92' lang='lat' dir='ltr'>in</span> 
     </span>
     <span class='ocr_line' id='line_1_67' title="bbox 1005 681 1786 730; baseline -0.009 -8"><span class='ocrx_word' id='word_1_360' title='bbox 1005 685 1096 722; x_wconf 76' lang='lat' dir='ltr'>Novi</span> <span class='ocrx_word' id='word_1_361' title='bbox 1125 683 1355 721; x_wconf 78' lang='lat' dir='ltr'>&#39;l&#39;estamenti</span> <span class='ocrx_word' id='word_1_362' title='bbox 1383 683 1515 730; x_wconf 78' lang='lat' dir='ltr'>gratiae</span> <span class='ocrx_word' id='word_1_363' title='bbox 1540 681 1786 728; x_wconf 84' lang='lat' dir='ltr'>perfectione.</span> 
     </span>
     <span class='ocr_line' id='line_1_68' title="bbox 1006 728 1789 775; baseline -0.009 -5"><span class='ocrx_word' id='word_1_364' title='bbox 1006 733 1079 770; x_wconf 87' lang='lat' dir='ltr'>Sed</span> <span class='ocrx_word' id='word_1_365' title='bbox 1119 732 1213 769; x_wconf 86' lang='lat' dir='ltr'>sicut</span> <span class='ocrx_word' id='word_1_366' title='bbox 1249 732 1392 768; x_wconf 86' lang='lat' dir='ltr'>fructus</span> <span class='ocrx_word' id='word_1_367' title='bbox 1427 741 1502 767; x_wconf 91' lang='lat' dir='ltr'>non</span> <span class='ocrx_word' id='word_1_368' title='bbox 1529 731 1701 775; x_wconf 88' lang='lat' dir='ltr'>apparet,</span> <span class='ocrx_word' id='word_1_369' title='bbox 1742 728 1789 763; x_wconf 73' lang='lat' dir='ltr'>vi-</span> 
     </span>
     <span class='ocr_line' id='line_1_69' title="bbox 1006 775 1789 822; baseline -0.009 -5"><span class='ocrx_word' id='word_1_370' title='bbox 1006 783 1113 817; x_wconf 87' lang='lat' dir='ltr'>rente</span> <span class='ocrx_word' id='word_1_371' title='bbox 1150 781 1268 822; x_wconf 88' lang='lat' dir='ltr'>ssore;</span> <span class='ocrx_word' id='word_1_372' title='bbox 1302 779 1353 814; x_wconf 87' lang='lat' dir='ltr'>ita</span> <span class='ocrx_word' id='word_1_373' title='bbox 1383 789 1451 814; x_wconf 84' lang='lat' dir='ltr'>nec</span> <span class='ocrx_word' id='word_1_374' title='bbox 1479 775 1615 814; x_wconf 86' lang='lat' dir='ltr'>Christi</span> <span class='ocrx_word' id='word_1_375' title='bbox 1650 775 1789 811; x_wconf 66' lang='lat' dir='ltr'>veritas</span> 
     </span>
     <span class='ocr_line' id='line_1_70' title="bbox 1006 824 1789 874; baseline -0.008 -11"><span class='ocrx_word' id='word_1_376' title='bbox 1006 827 1139 874; x_wconf 87' lang='lat' dir='ltr'>patuit,</span> <span class='ocrx_word' id='word_1_377' title='bbox 1153 826 1294 863; x_wconf 89' lang='lat' dir='ltr'>carnali</span> <span class='ocrx_word' id='word_1_378' title='bbox 1311 824 1577 862; x_wconf 79' lang='lat' dir='ltr'>observatione</span> <span class='ocrx_word' id='word_1_379' title='bbox 1590 826 1789 867; x_wconf 80' lang='lat' dir='ltr'>manent03</span> 
     </span>
     <span class='ocr_line' id='line_1_71' title="bbox 1005 870 1791 917; baseline -0.008 -6"><span class='ocrx_word' id='word_1_380' title='bbox 1005 878 1203 911; x_wconf 85' lang='lat' dir='ltr'>arescente</span> <span class='ocrx_word' id='word_1_381' title='bbox 1215 885 1302 910; x_wconf 77' lang='lat' dir='ltr'>vero</span> <span class='ocrx_word' id='word_1_382' title='bbox 1326 874 1434 917; x_wconf 85' lang='lat' dir='ltr'>flore,</span> <span class='ocrx_word' id='word_1_383' title='bbox 1450 873 1594 908; x_wconf 80' lang='lat' dir='ltr'>fructus</span> <span class='ocrx_word' id='word_1_384' title='bbox 1611 870 1760 906; x_wconf 80' lang='lat' dir='ltr'>videtur</span> <span class='ocrx_word' id='word_1_385' title='bbox 1784 881 1791 905; x_wconf 72' lang='grc' dir='ltr'><em>τ</em></span> 
     </span>
     <span class='ocr_line' id='line_1_72' title="bbox 1006 919 1790 968; baseline -0.006 -12"><span class='ocrx_word' id='word_1_386' title='bbox 1006 923 1107 968; x_wconf 79' lang='lat' dir='ltr'>quia,</span> <span class='ocrx_word' id='word_1_387' title='bbox 1131 921 1329 958; x_wconf 88' lang='lat' dir='ltr'>decidente</span> <span class='ocrx_word' id='word_1_388' title='bbox 1354 922 1464 966; x_wconf 85' lang='lat' dir='ltr'>Lege,</span> <span class='ocrx_word' id='word_1_389' title='bbox 1489 920 1614 964; x_wconf 70' lang='lat' dir='ltr'>qratia</span> <span class='ocrx_word' id='word_1_390' title='bbox 1636 921 1668 953; x_wconf 79' lang='lat' dir='ltr'>et</span> <span class='ocrx_word' id='word_1_391' title='bbox 1695 919 1790 952; x_wconf 71' lang='lat' dir='ltr'>verz·-</span> 
     </span>
     <span class='ocr_line' id='line_1_73' title="bbox 1006 967 1788 1016; baseline -0.008 -11"><span class='ocrx_word' id='word_1_392' title='bbox 1006 975 1062 1006; x_wconf 78' lang='lat' dir='ltr'>tas</span> <span class='ocrx_word' id='word_1_393' title='bbox 1077 981 1144 1016; x_wconf 82' lang='lat' dir='ltr'>per</span> <span class='ocrx_word' id='word_1_394' title='bbox 1162 971 1283 1005; x_wconf 75' lang='lat' dir='ltr'>Jeszcm</span> <span class='ocrx_word' id='word_1_395' title='bbox 1303 969 1485 1005; x_wconf 74' lang='lat' dir='ltr'>Christum</span> <span class='ocrx_word' id='word_1_396' title='bbox 1504 968 1607 1010; x_wconf 80' lang='lat' dir='ltr'>faeta</span> <span class='ocrx_word' id='word_1_397' title='bbox 1626 967 1788 1001; x_wconf 89' lang='lat' dir='ltr'>tenetur.</span> 
     </span>
    </p>

    <p class='ocr_par' dir='ltr' id='par_1_5' title="bbox 1001 1011 1797 2811">
     <span class='ocr_line' id='line_1_74' title="bbox 1054 1011 1792 1065; baseline -0.009 -12"><span class='ocrx_word' id='word_1_398' title='bbox 1054 1021 1074 1053; x_wconf 83' lang='lat'>5</span> <span class='ocrx_word' id='word_1_399' title='bbox 1098 1019 1346 1053; x_wconf 64' lang='lat' dir='ltr'>Desroxsfllo</span> <span class='ocrx_word' id='word_1_400' title='bbox 1369 1016 1510 1051; x_wconf 46' lang='lat' dir='ltr'>Mamm.</span> <span class='ocrx_word' id='word_1_401' title='bbox 1530 1034 1575 1039; x_wconf 89' lang='lat'>—-</span> <span class='ocrx_word' id='word_1_402' title='bbox 1592 1012 1705 1065; x_wconf 76' lang='lat' dir='ltr'>Virgo</span> <span class='ocrx_word' id='word_1_403' title='bbox 1727 1011 1792 1058; x_wconf 83' lang='lat' dir='ltr'>igi-</span> 
     </span>
     <span class='ocr_line' id='line_1_75' title="bbox 1006 1058 1791 1108; baseline -0.01 -7"><span class='ocrx_word' id='word_1_404' title='bbox 1006 1068 1066 1101; x_wconf 91' lang='lat' dir='ltr'>tur</span> <span class='ocrx_word' id='word_1_405' title='bbox 1093 1063 1242 1100; x_wconf 91' lang='lat' dir='ltr'>Domini</span> <span class='ocrx_word' id='word_1_406' title='bbox 1274 1073 1358 1099; x_wconf 90' lang='lat' dir='ltr'>cum</span> <span class='ocrx_word' id='word_1_407' title='bbox 1386 1061 1614 1108; x_wconf 83' lang='lat' dir='ltr'>quibusdam</span> <span class='ocrx_word' id='word_1_408' title='bbox 1635 1058 1791 1105; x_wconf 75' lang='lat' dir='ltr'>virgini-</span> 
     </span>
     <span class='ocr_line' id='line_1_76' title="bbox 1004 1106 1789 1155; baseline -0.009 -7"><span class='ocrx_word' id='word_1_409' title='bbox 1004 1113 1074 1148; x_wconf 86' lang='lat' dir='ltr'>bus</span> <span class='ocrx_word' id='word_1_410' title='bbox 1099 1110 1342 1148; x_wconf 89' lang='lat' dir='ltr'>collactaneis</span> <span class='ocrx_word' id='word_1_411' title='bbox 1366 1109 1457 1153; x_wconf 92' lang='lat' dir='ltr'>suis,</span> <span class='ocrx_word' id='word_1_412' title='bbox 1486 1119 1579 1155; x_wconf 88' lang='lat' dir='ltr'>quas</span> <span class='ocrx_word' id='word_1_413' title='bbox 1603 1108 1651 1143; x_wconf 90' lang='lat' dir='ltr'>ob</span> <span class='ocrx_word' id='word_1_414' title='bbox 1675 1106 1789 1142; x_wconf 89' lang='lat' dir='ltr'>mira-</span> 
     </span>
     <span class='ocr_line' id='line_1_77' title="bbox 1005 1153 1790 1202; baseline -0.01 -6"><span class='ocrx_word' id='word_1_415' title='bbox 1005 1159 1076 1196; x_wconf 90' lang='lat' dir='ltr'>culi</span> <span class='ocrx_word' id='word_1_416' title='bbox 1117 1158 1374 1195; x_wconf 87' lang='lat' dir='ltr'>ostensionem</span> <span class='ocrx_word' id='word_1_417' title='bbox 1399 1185 1406 1200; x_wconf 87' lang='lat'>,</span> <span class='ocrx_word' id='word_1_418' title='bbox 1448 1160 1485 1192; x_wconf 92' lang='lat' dir='ltr'>et</span> <span class='ocrx_word' id='word_1_419' title='bbox 1538 1153 1695 1202; x_wconf 89' lang='lat' dir='ltr'>pudoris</span> <span class='ocrx_word' id='word_1_420' title='bbox 1733 1153 1790 1189; x_wconf 89' lang='lat' dir='ltr'>sui</span> 
     </span>
     <span class='ocr_line' id='line_1_78' title="bbox 1004 1201 1789 1248; baseline -0.009 -6"><span class='ocrx_word' id='word_1_421' title='bbox 1004 1206 1215 1242; x_wconf 86' lang='lat' dir='ltr'>custodiam</span> <span class='ocrx_word' id='word_1_422' title='bbox 1242 1216 1264 1241; x_wconf 91' lang='lat' dir='ltr'>a</span> <span class='ocrx_word' id='word_1_423' title='bbox 1293 1204 1489 1241; x_wconf 88' lang='lat' dir='ltr'>sacerdote</span> <span class='ocrx_word' id='word_1_424' title='bbox 1517 1205 1716 1248; x_wconf 90' lang='lat' dir='ltr'>acceperat</span> <span class='ocrx_word' id='word_1_425' title='bbox 1742 1201 1789 1236; x_wconf 88' lang='lat' dir='ltr'>ad</span> 
     </span>
     <span class='ocr_line' id='line_1_79' title="bbox 1004 1250 1790 1300; baseline -0.009 -10"><span class='ocrx_word' id='word_1_426' title='bbox 1004 1255 1157 1290; x_wconf 89' lang='lat' dir='ltr'>domum</span> <span class='ocrx_word' id='word_1_427' title='bbox 1177 1256 1376 1300; x_wconf 90' lang='lat' dir='ltr'>parentum</span> <span class='ocrx_word' id='word_1_428' title='bbox 1400 1251 1438 1287; x_wconf 91' lang='lat' dir='ltr'>in</span> <span class='ocrx_word' id='word_1_429' title='bbox 1459 1250 1790 1293; x_wconf 88' lang='lat' dir='ltr'>Nazareth,rever-</span> 
     </span>
     <span class='ocr_line' id='line_1_80' title="bbox 1003 1295 1788 1345; baseline -0.009 -8"><span class='ocrx_word' id='word_1_430' title='bbox 1003 1312 1045 1337; x_wconf 87' lang='lat' dir='ltr'>sa</span> <span class='ocrx_word' id='word_1_431' title='bbox 1082 1304 1152 1345; x_wconf 87' lang='lat' dir='ltr'>est,</span> <span class='ocrx_word' id='word_1_432' title='bbox 1193 1301 1338 1336; x_wconf 90' lang='lat' dir='ltr'>habens</span> <span class='ocrx_word' id='word_1_433' title='bbox 1378 1308 1503 1334; x_wconf 87' lang='lat' dir='ltr'>secum</span> <span class='ocrx_word' id='word_1_434' title='bbox 1539 1307 1644 1333; x_wconf 89' lang='lat' dir='ltr'>more</span> <span class='ocrx_word' id='word_1_435' title='bbox 1679 1295 1788 1331; x_wconf 92' lang='lat' dir='ltr'>solito</span> 
     </span>
     <span class='ocr_line' id='line_1_81' title="bbox 1003 1343 1788 1394; baseline -0.008 -10"><span class='ocrx_word' id='word_1_436' title='bbox 1003 1348 1058 1384; x_wconf 90' lang='lat' dir='ltr'>sui</span> <span class='ocrx_word' id='word_1_437' title='bbox 1087 1347 1242 1394; x_wconf 89' lang='lat' dir='ltr'>pudoris</span> <span class='ocrx_word' id='word_1_438' title='bbox 1266 1346 1440 1382; x_wconf 89' lang='lat' dir='ltr'>custodes</span> <span class='ocrx_word' id='word_1_439' title='bbox 1469 1348 1505 1381; x_wconf 90' lang='lat' dir='ltr'>et</span> <span class='ocrx_word' id='word_1_440' title='bbox 1537 1349 1666 1386; x_wconf 88' lang='lat' dir='ltr'>testes,</span> <span class='ocrx_word' id='word_1_441' title='bbox 1707 1343 1788 1379; x_wconf 89' lang='lat' dir='ltr'>sine</span> 
     </span>
     <span class='ocr_line' id='line_1_82' title="bbox 1002 1391 1787 1442; baseline -0.008 -11"><span class='ocrx_word' id='word_1_442' title='bbox 1002 1406 1075 1442; x_wconf 83' lang='lat' dir='ltr'>quo</span> <span class='ocrx_word' id='word_1_443' title='bbox 1096 1404 1302 1440; x_wconf 84' lang='lat' dir='ltr'>numquam</span> <span class='ocrx_word' id='word_1_444' title='bbox 1320 1392 1516 1440; x_wconf 88' lang='lat' dir='ltr'>processit.</span> <span class='ocrx_word' id='word_1_445' title='bbox 1537 1391 1642 1427; x_wconf 91' lang='lat' dir='ltr'>Unde</span> <span class='ocrx_word' id='word_1_446' title='bbox 1659 1392 1787 1426; x_wconf 83' lang='lat' dir='ltr'>Hiero-</span> 
     </span>
     <span class='ocr_line' id='line_1_83' title="bbox 1001 1438 1787 1486; baseline -0.008 -8"><span class='ocrx_word' id='word_1_447' title='bbox 1001 1453 1131 1486; x_wconf 67' lang='lat' dir='ltr'>nymus</span> <span class='ocrx_word' id='word_1_448' title='bbox 1149 1455 1159 1477; x_wconf 90' lang='lat'>.·</span> <span class='ocrx_word' id='word_1_449' title='bbox 1181 1457 1198 1474; x_wconf 87' lang='lat'>«</span> <span class='ocrx_word' id='word_1_450' title='bbox 1219 1442 1309 1478; x_wconf 91' lang='lat' dir='ltr'>Cum</span> <span class='ocrx_word' id='word_1_451' title='bbox 1324 1451 1369 1476; x_wconf 90' lang='lat' dir='ltr'>ea</span> <span class='ocrx_word' id='word_1_452' title='bbox 1387 1450 1536 1486; x_wconf 90' lang='lat' dir='ltr'>semper</span> <span class='ocrx_word' id='word_1_453' title='bbox 1553 1438 1787 1484; x_wconf 85' lang='lat' dir='ltr'>singularum</span> 
     </span>
     <span class='ocr_line' id='line_1_84' title="bbox 1001 1485 1788 1534; baseline -0.008 -9"><span class='ocrx_word' id='word_1_454' title='bbox 1001 1490 1183 1525; x_wconf 68' lang='lat' dir='ltr'>virtutum</span> <span class='ocrx_word' id='word_1_455' title='bbox 1220 1487 1403 1534; x_wconf 88' lang='lat' dir='ltr'>pudicitia</span> <span class='ocrx_word' id='word_1_456' title='bbox 1439 1497 1565 1522; x_wconf 89' lang='lat' dir='ltr'>comes</span> <span class='ocrx_word' id='word_1_457' title='bbox 1606 1485 1788 1521; x_wconf 90' lang='lat' dir='ltr'>irremota</span> 
     </span>
     <span class='ocr_line' id='line_1_85' title="bbox 1002 1531 1786 1581; baseline -0.008 -9"><span class='ocrx_word' id='word_1_458' title='bbox 1002 1536 1152 1579; x_wconf 90' lang='lat' dir='ltr'>mansit,</span> <span class='ocrx_word' id='word_1_459' title='bbox 1185 1536 1273 1581; x_wconf 83' lang='lat' dir='ltr'>quia</span> <span class='ocrx_word' id='word_1_460' title='bbox 1308 1534 1463 1571; x_wconf 90' lang='lat' dir='ltr'>omnino</span> <span class='ocrx_word' id='word_1_461' title='bbox 1500 1533 1622 1580; x_wconf 89' lang='lat' dir='ltr'>pudor</span> <span class='ocrx_word' id='word_1_462' title='bbox 1648 1531 1786 1568; x_wconf 77' lang='lat' dir='ltr'>indivi-</span> 
     </span>
     <span class='ocr_line' id='line_1_86' title="bbox 1001 1579 1787 1629; baseline -0.006 -10"><span class='ocrx_word' id='word_1_463' title='bbox 1001 1584 1098 1620; x_wconf 89' lang='lat' dir='ltr'>duus</span> <span class='ocrx_word' id='word_1_464' title='bbox 1119 1582 1327 1629; x_wconf 84' lang='lat' dir='ltr'>virginitati</span> <span class='ocrx_word' id='word_1_465' title='bbox 1354 1592 1437 1618; x_wconf 90' lang='lat' dir='ltr'>esse</span> <span class='ocrx_word' id='word_1_466' title='bbox 1457 1581 1583 1625; x_wconf 91' lang='lat' dir='ltr'>debet,</span> <span class='ocrx_word' id='word_1_467' title='bbox 1610 1579 1692 1615; x_wconf 88' lang='lat' dir='ltr'>sine</span> <span class='ocrx_word' id='word_1_468' title='bbox 1714 1589 1787 1625; x_wconf 88' lang='lat' dir='ltr'>quo</span> 
     </span>
     <span class='ocr_line' id='line_1_87' title="bbox 1001 1629 1786 1673; baseline -0.008 -6"><span class='ocrx_word' id='word_1_469' title='bbox 1001 1631 1155 1667; x_wconf 88' lang='lat' dir='ltr'>castitas</span> <span class='ocrx_word' id='word_1_470' title='bbox 1184 1641 1274 1666; x_wconf 64' lang='lat' dir='ltr'>vera</span> <span class='ocrx_word' id='word_1_471' title='bbox 1305 1629 1447 1666; x_wconf 80' lang='lat' dir='ltr'>servari</span> <span class='ocrx_word' id='word_1_472' title='bbox 1485 1639 1561 1664; x_wconf 92' lang='lat' dir='ltr'>non</span> <span class='ocrx_word' id='word_1_473' title='bbox 1600 1630 1736 1673; x_wconf 87' lang='lat' dir='ltr'>potest.</span> <span class='ocrx_word' id='word_1_474' title='bbox 1769 1641 1786 1657; x_wconf 79' lang='lat'>›»</span> 
     </span>
     <span class='ocr_line' id='line_1_88' title="bbox 1002 1673 1789 1724; baseline -0.009 -9"><span class='ocrx_word' id='word_1_475' title='bbox 1002 1680 1214 1724; x_wconf 82' lang='lat' dir='ltr'>Numquam</span> <span class='ocrx_word' id='word_1_476' title='bbox 1253 1677 1368 1723; x_wconf 81' lang='lat' dir='ltr'>igitur</span> <span class='ocrx_word' id='word_1_477' title='bbox 1397 1677 1509 1713; x_wconf 88' lang='lat' dir='ltr'>beata</span> <span class='ocrx_word' id='word_1_478' title='bbox 1547 1674 1663 1711; x_wconf 81' lang='lat' dir='ltr'>Maria</span> <span class='ocrx_word' id='word_1_479' title='bbox 1707 1673 1789 1709; x_wconf 86' lang='lat' dir='ltr'>sine</span> 
     </span>
     <span class='ocr_line' id='line_1_89' title="bbox 1001 1721 1791 1773; baseline -0.008 -11"><span class='ocrx_word' id='word_1_480' title='bbox 1001 1725 1157 1773; x_wconf 87' lang='lat' dir='ltr'>pudoris</span> <span class='ocrx_word' id='word_1_481' title='bbox 1175 1724 1231 1761; x_wconf 92' lang='lat' dir='ltr'>sui</span> <span class='ocrx_word' id='word_1_482' title='bbox 1253 1724 1407 1761; x_wconf 89' lang='lat' dir='ltr'>custode</span> <span class='ocrx_word' id='word_1_483' title='bbox 1431 1722 1628 1770; x_wconf 88' lang='lat' dir='ltr'>processit.</span> <span class='ocrx_word' id='word_1_484' title='bbox 1651 1721 1791 1767; x_wconf 88' lang='lat' dir='ltr'>Joseph</span> 
     </span>
     <span class='ocr_line' id='line_1_90' title="bbox 1003 1770 1791 1819; baseline -0.009 -9"><span class='ocrx_word' id='word_1_485' title='bbox 1003 1784 1152 1819; x_wconf 89' lang='lat' dir='ltr'>quoque</span> <span class='ocrx_word' id='word_1_486' title='bbox 1186 1772 1339 1808; x_wconf 90' lang='lat' dir='ltr'>secessit</span> <span class='ocrx_word' id='word_1_487' title='bbox 1371 1770 1527 1815; x_wconf 87' lang='lat' dir='ltr'>ibidem,</span> <span class='ocrx_word' id='word_1_488' title='bbox 1569 1773 1619 1814; x_wconf 89' lang='lat' dir='ltr'>et,</span> <span class='ocrx_word' id='word_1_489' title='bbox 1660 1773 1791 1804; x_wconf 88' lang='lat' dir='ltr'>mutua</span> 
     </span>
     <span class='ocr_line' id='line_1_91' title="bbox 1003 1816 1790 1867; baseline -0.008 -10"><span class='ocrx_word' id='word_1_490' title='bbox 1003 1819 1297 1867; x_wconf 88' lang='lat' dir='ltr'>desponsatione</span> <span class='ocrx_word' id='word_1_491' title='bbox 1330 1819 1442 1863; x_wconf 83' lang='lat' dir='ltr'>sacta,</span> <span class='ocrx_word' id='word_1_492' title='bbox 1474 1817 1617 1854; x_wconf 88' lang='lat' dir='ltr'>recedit</span> <span class='ocrx_word' id='word_1_493' title='bbox 1643 1816 1683 1852; x_wconf 89' lang='lat' dir='ltr'>in</span> <span class='ocrx_word' id='word_1_494' title='bbox 1722 1816 1790 1852; x_wconf 87' lang='lat' dir='ltr'>do—</span> 
     </span>
     <span class='ocr_line' id='line_1_92' title="bbox 1003 1865 1791 1912; baseline -0.008 -8"><span class='ocrx_word' id='word_1_495' title='bbox 1003 1879 1107 1904; x_wconf 91' lang='lat' dir='ltr'>mum</span> <span class='ocrx_word' id='word_1_496' title='bbox 1149 1878 1270 1912; x_wconf 89' lang='lat' dir='ltr'>suam,</span> <span class='ocrx_word' id='word_1_497' title='bbox 1317 1877 1402 1903; x_wconf 89' lang='lat' dir='ltr'>eam</span> <span class='ocrx_word' id='word_1_498' title='bbox 1441 1865 1710 1912; x_wconf 83' lang='lat' dir='ltr'>dispositurus,</span> <span class='ocrx_word' id='word_1_499' title='bbox 1753 1865 1791 1898; x_wconf 86' lang='lat' dir='ltr'>et</span> 
     </span>
     <span class='ocr_line' id='line_1_93' title="bbox 1002 1910 1790 1962; baseline -0.008 -10"><span class='ocrx_word' id='word_1_500' title='bbox 1002 1915 1143 1962; x_wconf 91' lang='lat' dir='ltr'>nuptiis</span> <span class='ocrx_word' id='word_1_501' title='bbox 1158 1913 1372 1951; x_wconf 88' lang='lat' dir='ltr'>necessaria</span> <span class='ocrx_word' id='word_1_502' title='bbox 1385 1913 1619 1960; x_wconf 80' lang='lat' dir='ltr'>provisurus.</span> <span class='ocrx_word' id='word_1_503' title='bbox 1632 1911 1713 1948; x_wconf 90' lang='lat' dir='ltr'>Fuit</span> <span class='ocrx_word' id='word_1_504' title='bbox 1724 1910 1790 1946; x_wconf 90' lang='lat' dir='ltr'>ita-</span> 
     </span>
     <span class='ocr_line' id='line_1_94' title="bbox 1003 1958 1788 2009; baseline -0.005 -12"><span class='ocrx_word' id='word_1_505' title='bbox 1003 1974 1075 2009; x_wconf 84' lang='lat' dir='ltr'>que</span> <span class='ocrx_word' id='word_1_506' title='bbox 1091 1964 1202 2000; x_wconf 88' lang='lat' dir='ltr'>beata</span> <span class='ocrx_word' id='word_1_507' title='bbox 1216 1962 1329 2008; x_wconf 67' lang='lat' dir='ltr'>Virgo</span> <span class='ocrx_word' id='word_1_508' title='bbox 1346 1961 1462 1997; x_wconf 77' lang='lat' dir='ltr'>Maria</span> <span class='ocrx_word' id='word_1_509' title='bbox 1470 1960 1610 2006; x_wconf 90' lang='lat' dir='ltr'>Joseph</span> <span class='ocrx_word' id='word_1_510' title='bbox 1620 1958 1699 1994; x_wconf 82' lang='lat' dir='ltr'>viro</span> <span class='ocrx_word' id='word_1_511' title='bbox 1711 1969 1788 1994; x_wconf 84' lang='lat' dir='ltr'>suae</span> 
     </span>
     <span class='ocr_line' id='line_1_95' title="bbox 1002 2005 1787 2056; baseline -0.006 -10"><span class='ocrx_word' id='word_1_512' title='bbox 1002 2010 1122 2046; x_wconf 85' lang='lat' dir='ltr'>tribus</span> <span class='ocrx_word' id='word_1_513' title='bbox 1148 2010 1391 2056; x_wconf 83' lang='lat' dir='ltr'>desponsata,</span> <span class='ocrx_word' id='word_1_514' title='bbox 1421 2007 1510 2055; x_wconf 87' lang='lat' dir='ltr'>quia</span> <span class='ocrx_word' id='word_1_515' title='bbox 1536 2006 1673 2043; x_wconf 88' lang='lat' dir='ltr'>mulier</span> <span class='ocrx_word' id='word_1_516' title='bbox 1707 2005 1787 2041; x_wconf 74' lang='lat' dir='ltr'>viro</span> 
     </span>
     <span class='ocr_line' id='line_1_96' title="bbox 1004 2055 1787 2100; baseline -0.009 -6"><span class='ocrx_word' id='word_1_517' title='bbox 1004 2057 1158 2094; x_wconf 84' lang='lat' dir='ltr'>alterius</span> <span class='ocrx_word' id='word_1_518' title='bbox 1192 2057 1314 2093; x_wconf 86' lang='lat' dir='ltr'>tribus</span> <span class='ocrx_word' id='word_1_519' title='bbox 1344 2057 1487 2092; x_wconf 88' lang='lat' dir='ltr'>nubere</span> <span class='ocrx_word' id='word_1_520' title='bbox 1514 2065 1590 2091; x_wconf 91' lang='lat' dir='ltr'>non</span> <span class='ocrx_word' id='word_1_521' title='bbox 1622 2055 1787 2100; x_wconf 87' lang='lat' dir='ltr'>poterat,</span> 
     </span>
     <span class='ocr_line' id='line_1_97' title="bbox 1005 2102 1789 2152; baseline -0.008 -11"><span class='ocrx_word' id='word_1_522' title='bbox 1005 2105 1155 2152; x_wconf 87' lang='lat' dir='ltr'>quando</span> <span class='ocrx_word' id='word_1_523' title='bbox 1185 2104 1232 2140; x_wconf 86' lang='lat' dir='ltr'>ad</span> <span class='ocrx_word' id='word_1_524' title='bbox 1259 2104 1381 2150; x_wconf 87' lang='lat' dir='ltr'>ipsam</span> <span class='ocrx_word' id='word_1_525' title='bbox 1412 2102 1606 2139; x_wconf 89' lang='lat' dir='ltr'>hereditas</span> <span class='ocrx_word' id='word_1_526' title='bbox 1629 2104 1789 2148; x_wconf 88' lang='lat' dir='ltr'>paterna</span> 
     </span>
     <span class='ocr_line' id='line_1_98' title="bbox 1005 2147 1789 2200; baseline -0.008 -12"><span class='ocrx_word' id='word_1_527' title='bbox 1005 2152 1232 2200; x_wconf 86' lang='lat' dir='ltr'>pertinebat.</span> <span class='ocrx_word' id='word_1_528' title='bbox 1269 2154 1385 2187; x_wconf 88' lang='lat' dir='ltr'>Beata</span> <span class='ocrx_word' id='word_1_529' title='bbox 1419 2154 1546 2187; x_wconf 87' lang='lat' dir='ltr'>autem</span> <span class='ocrx_word' id='word_1_530' title='bbox 1579 2148 1691 2195; x_wconf 86' lang='lat' dir='ltr'>Virgo</span> <span class='ocrx_word' id='word_1_531' title='bbox 1719 2147 1789 2183; x_wconf 82' lang='lat' dir='ltr'>suit</span> 
     </span>
     <span class='ocr_line' id='line_1_99' title="bbox 1009 2196 1788 2245; baseline -0.008 -9"><span class='ocrx_word' id='word_1_532' title='bbox 1009 2200 1119 2236; x_wconf 87' lang='lat' dir='ltr'>unica</span> <span class='ocrx_word' id='word_1_533' title='bbox 1147 2199 1318 2236; x_wconf 89' lang='lat' dir='ltr'>Joachim</span> <span class='ocrx_word' id='word_1_534' title='bbox 1345 2198 1442 2245; x_wconf 91' lang='lat' dir='ltr'>patri</span> <span class='ocrx_word' id='word_1_535' title='bbox 1470 2208 1553 2242; x_wconf 91' lang='lat' dir='ltr'>suo,</span> <span class='ocrx_word' id='word_1_536' title='bbox 1583 2196 1788 2233; x_wconf 88' lang='lat' dir='ltr'>succedens</span> 
     </span>
     <span class='ocr_line' id='line_1_100' title="bbox 1008 2243 1790 2291; baseline -0.006 -8"><span class='ocrx_word' id='word_1_537' title='bbox 1008 2247 1046 2283; x_wconf 92' lang='lat' dir='ltr'>in</span> <span class='ocrx_word' id='word_1_538' title='bbox 1065 2247 1335 2291; x_wconf 89' lang='lat' dir='ltr'>hereditate,et</span> <span class='ocrx_word' id='word_1_539' title='bbox 1354 2246 1438 2282; x_wconf 88' lang='lat' dir='ltr'>ideo</span> <span class='ocrx_word' id='word_1_540' title='bbox 1454 2256 1497 2282; x_wconf 85' lang='lat' dir='ltr'>ex</span> <span class='ocrx_word' id='word_1_541' title='bbox 1515 2246 1612 2290; x_wconf 88' lang='lat' dir='ltr'>Lege</span> <span class='ocrx_word' id='word_1_542' title='bbox 1633 2243 1790 2289; x_wconf 77' lang='lat' dir='ltr'>cogeba-</span> 
     </span>
     <span class='ocr_line' id='line_1_101' title="bbox 1009 2290 1790 2342; baseline -0.008 -11"><span class='ocrx_word' id='word_1_543' title='bbox 1009 2300 1071 2331; x_wconf 87' lang='lat' dir='ltr'>tur</span> <span class='ocrx_word' id='word_1_544' title='bbox 1106 2294 1186 2331; x_wconf 80' lang='lat' dir='ltr'>viro</span> <span class='ocrx_word' id='word_1_545' title='bbox 1222 2305 1299 2331; x_wconf 80' lang='lat' dir='ltr'>suae</span> <span class='ocrx_word' id='word_1_546' title='bbox 1335 2293 1456 2330; x_wconf 90' lang='lat' dir='ltr'>tribus</span> <span class='ocrx_word' id='word_1_547' title='bbox 1480 2293 1636 2329; x_wconf 88' lang='lat' dir='ltr'>nubere.</span> <span class='ocrx_word' id='word_1_548' title='bbox 1671 2290 1790 2342; x_wconf 80' lang='lat' dir='ltr'>Ambo</span> 
     </span>
     <span class='ocr_line' id='line_1_102' title="bbox 1010 2340 1793 2384; baseline -0.009 -5"><span class='ocrx_word' id='word_1_549' title='bbox 1010 2346 1135 2379; x_wconf 86' lang='lat' dir='ltr'>autem</span> <span class='ocrx_word' id='word_1_550' title='bbox 1172 2342 1218 2378; x_wconf 86' lang='lat' dir='ltr'>de</span> <span class='ocrx_word' id='word_1_551' title='bbox 1245 2341 1378 2378; x_wconf 90' lang='lat' dir='ltr'>eadem</span> <span class='ocrx_word' id='word_1_552' title='bbox 1417 2340 1517 2377; x_wconf 91' lang='lat' dir='ltr'>tribu</span> <span class='ocrx_word' id='word_1_553' title='bbox 1553 2343 1674 2383; x_wconf 88' lang='lat' dir='ltr'>erant,</span> <span class='ocrx_word' id='word_1_554' title='bbox 1703 2347 1793 2384; x_wconf 83' lang='lat' dir='ltr'>quia</span> 
     </span>
     <span class='ocr_line' id='line_1_103' title="bbox 1011 2384 1792 2429; baseline -0.008 -3"><span class='ocrx_word' id='word_1_555' title='bbox 1011 2391 1123 2427; x_wconf 85' lang='lat' dir='ltr'>ambo</span> <span class='ocrx_word' id='word_1_556' title='bbox 1163 2400 1184 2425; x_wconf 92' lang='lat' dir='ltr'>a</span> <span class='ocrx_word' id='word_1_557' title='bbox 1224 2388 1342 2426; x_wconf 88' lang='lat' dir='ltr'>David</span> <span class='ocrx_word' id='word_1_558' title='bbox 1384 2387 1688 2429; x_wconf 88' lang='lat' dir='ltr'>descenderant;</span> <span class='ocrx_word' id='word_1_559' title='bbox 1727 2384 1792 2420; x_wconf 88' lang='lat' dir='ltr'>sed</span> 
     </span>
     <span class='ocr_line' id='line_1_104' title="bbox 1012 2433 1793 2483; baseline -0.008 -10"><span class='ocrx_word' id='word_1_560' title='bbox 1012 2437 1130 2473; x_wconf 81' lang='lat' dir='ltr'>Maria</span> <span class='ocrx_word' id='word_1_561' title='bbox 1150 2448 1218 2483; x_wconf 90' lang='lat' dir='ltr'>per</span> <span class='ocrx_word' id='word_1_562' title='bbox 1238 2438 1399 2481; x_wconf 82' lang='lat' dir='ltr'>Nathan,</span> <span class='ocrx_word' id='word_1_563' title='bbox 1418 2439 1454 2472; x_wconf 91' lang='lat' dir='ltr'>et</span> <span class='ocrx_word' id='word_1_564' title='bbox 1477 2435 1618 2481; x_wconf 87' lang='lat' dir='ltr'>Joseph</span> <span class='ocrx_word' id='word_1_565' title='bbox 1640 2443 1707 2480; x_wconf 88' lang='lat' dir='ltr'>per</span> <span class='ocrx_word' id='word_1_566' title='bbox 1727 2433 1793 2468; x_wconf 89' lang='lat' dir='ltr'>Sa-</span> 
     </span>
     <span class='ocr_line' id='line_1_105' title="bbox 1013 2481 1796 2529; baseline -0.009 -9"><span class='ocrx_word' id='word_1_567' title='bbox 1013 2485 1215 2521; x_wconf 89' lang='lat' dir='ltr'>lomonem.</span> <span class='ocrx_word' id='word_1_568' title='bbox 1237 2486 1280 2520; x_wconf 88' lang='lat' dir='ltr'>Et</span> <span class='ocrx_word' id='word_1_569' title='bbox 1300 2484 1386 2520; x_wconf 90' lang='lat' dir='ltr'>licet</span> <span class='ocrx_word' id='word_1_570' title='bbox 1405 2483 1546 2529; x_wconf 79' lang='lat' dir='ltr'>Joseph</span> <span class='ocrx_word' id='word_1_571' title='bbox 1560 2481 1673 2518; x_wconf 90' lang='lat' dir='ltr'>etiam</span> <span class='ocrx_word' id='word_1_572' title='bbox 1689 2489 1796 2525; x_wconf 85' lang='lat' dir='ltr'>coge-</span> 
     </span>
     <span class='ocr_line' id='line_1_106' title="bbox 1012 2527 1794 2570; baseline -0.009 -2"><span class='ocrx_word' id='word_1_573' title='bbox 1012 2536 1116 2568; x_wconf 86' lang='lat' dir='ltr'>retur</span> <span class='ocrx_word' id='word_1_574' title='bbox 1126 2532 1172 2568; x_wconf 87' lang='lat' dir='ltr'>ad</span> <span class='ocrx_word' id='word_1_575' title='bbox 1190 2530 1472 2568; x_wconf 88' lang='lat' dir='ltr'>matrimonium</span> <span class='ocrx_word' id='word_1_576' title='bbox 1482 2527 1794 2570; x_wconf 89' lang='lat' dir='ltr'>contrahendum,</span> 
     </span>
     <span class='ocr_line' id='line_1_107' title="bbox 1013 2574 1793 2626; baseline -0.009 -11"><span class='ocrx_word' id='word_1_577' title='bbox 1013 2581 1220 2616; x_wconf 87' lang='lat' dir='ltr'>secundum</span> <span class='ocrx_word' id='word_1_578' title='bbox 1256 2578 1437 2626; x_wconf 92' lang='lat' dir='ltr'>temporis</span> <span class='ocrx_word' id='word_1_579' title='bbox 1471 2577 1570 2613; x_wconf 91' lang='lat' dir='ltr'>illius</span> <span class='ocrx_word' id='word_1_580' title='bbox 1608 2574 1793 2626; x_wconf 38' lang='lat' dir='ltr'>modum„</span> 
     </span>
     <span class='ocr_line' id='line_1_108' title="bbox 1012 2621 1794 2672; baseline -0.01 -9"><span class='ocrx_word' id='word_1_581' title='bbox 1012 2630 1137 2663; x_wconf 86' lang='lat' dir='ltr'>tamen</span> <span class='ocrx_word' id='word_1_582' title='bbox 1167 2627 1332 2663; x_wconf 88' lang='lat' dir='ltr'>habebat</span> <span class='ocrx_word' id='word_1_583' title='bbox 1352 2624 1608 2672; x_wconf 70' lang='lat' dir='ltr'>virginitatem</span> <span class='ocrx_word' id='word_1_584' title='bbox 1632 2622 1670 2657; x_wconf 92' lang='lat' dir='ltr'>in</span> <span class='ocrx_word' id='word_1_585' title='bbox 1695 2621 1794 2656; x_wconf 80' lang='lat' dir='ltr'>desi-</span> 
     </span>
     <span class='ocr_line' id='line_1_109' title="bbox 1012 2669 1794 2723; baseline -0.01 -12"><span class='ocrx_word' id='word_1_586' title='bbox 1012 2674 1117 2710; x_wconf 88' lang='lat' dir='ltr'>derio</span> <span class='ocrx_word' id='word_1_587' title='bbox 1146 2678 1182 2711; x_wconf 88' lang='lat' dir='ltr'>et</span> <span class='ocrx_word' id='word_1_588' title='bbox 1213 2673 1422 2721; x_wconf 90' lang='lat' dir='ltr'>proposito,</span> <span class='ocrx_word' id='word_1_589' title='bbox 1448 2672 1513 2708; x_wconf 89' lang='lat' dir='ltr'>sed</span> <span class='ocrx_word' id='word_1_590' title='bbox 1541 2669 1711 2723; x_wconf 77' lang='lat' dir='ltr'>nondum</span> <span class='ocrx_word' id='word_1_591' title='bbox 1732 2679 1794 2704; x_wconf 82' lang='lat' dir='ltr'>ex-</span> 
     </span>
     <span class='ocr_line' id='line_1_110' title="bbox 1012 2720 1794 2768; baseline -0.008 -11"><span class='ocrx_word' id='word_1_592' title='bbox 1012 2726 1202 2768; x_wconf 80' lang='lat' dir='ltr'>presserat</span> <span class='ocrx_word' id='word_1_593' title='bbox 1235 2721 1272 2757; x_wconf 92' lang='lat' dir='ltr'>in</span> <span class='ocrx_word' id='word_1_594' title='bbox 1312 2725 1411 2757; x_wconf 76' lang='lat' dir='ltr'>voto.</span> <span class='ocrx_word' id='word_1_595' title='bbox 1437 2720 1627 2756; x_wconf 84' lang='lat' dir='ltr'>Contraxit</span> <span class='ocrx_word' id='word_1_596' title='bbox 1666 2720 1794 2768; x_wconf 80' lang='lat' dir='ltr'>itaque</span> 
     </span>
     <span class='ocr_line' id='line_1_111' title="bbox 1015 2765 1797 2811; baseline -0.009 -6"><span class='ocrx_word' id='word_1_597' title='bbox 1015 2768 1293 2805; x_wconf 84' lang='lat' dir='ltr'>matrimonium</span> <span class='ocrx_word' id='word_1_598' title='bbox 1323 2778 1405 2804; x_wconf 85' lang='lat' dir='ltr'>cum</span> <span class='ocrx_word' id='word_1_599' title='bbox 1431 2765 1598 2811; x_wconf 77' lang='lat' dir='ltr'>Virgine,</span> <span class='ocrx_word' id='word_1_600' title='bbox 1628 2766 1797 2800; x_wconf 84' lang='lat' dir='ltr'>commit-</span> 
     </span>
    </p>
   </div>
  </div>
 </body>
</html>
