1902 3126
183 192 222 225 ¹38
687 185 832 220 PRIMAE
870 186 1023 221 PARTJS
1060 187 1197 220 CAPUT
1236 186 1305 219 XII

184 268 321 304 magna
353 256 391 292 in
423 255 517 291 coelo
551 257 588 290 et
626 253 666 290 in
704 257 805 291 terra
827 255 956 291 laetitia

184 306 294 351 hujus
307 302 539 340 admirandae
554 301 760 338 nativitatis
771 302 952 345 exoritur,

184 362 323 388 novum
343 350 492 396 signum
513 349 630 385 stellae
650 349 696 385 de
721 350 814 386 coelo
842 350 958 395 Magis

1029 254 1252 299 ostenditur,
1279 264 1343 299 per
1381 254 1480 300 quod
1517 254 1697 292 Dominus
1724 254 1807 292 coeli

1029 306 1067 338 et
1087 305 1197 338 terrae
1224 313 1287 338 rex
1316 301 1532 338 Judaeorum
1556 301 1722 339 noscitur
1741 312 1808 338 na-

1029 353 1089 386 tus
1111 361 1119 385 2
1142 364 1159 381 »
1183 350 1264 386 haec
1286 349 1572 395 chrysostomus.

914 467 1082 503 ORATIO

228 563 256 599 O
276 565 365 600 Jesu
385 565 498 607 bone,
526 562 589 609 qui
619 562 665 599 de
687 561 838 608 Virgine
864 565 972 597 natus
1007 562 1169 606 teipsum
1202 560 1332 606 Magis,
1354 561 1463 597 stella
1489 561 1596 605 duce,
1618 561 1808 605 revelasti,

181 614 217 647 et
236 621 301 647 eos
321 621 388 657 per
407 611 518 647 aliam
540 611 636 645 viam
659 609 697 645 in
717 609 911 654 regionem
934 618 1039 644 suam
1060 608 1182 643 redire
1204 607 1346 651 fecisti3
1371 607 1571 652 illuminet,
1588 610 1678 645 Jesu
1698 607 1812 645 mise-

180 658 312 700 ricors,
334 659 459 694 lumen
481 657 610 703 gratiae
637 660 708 692 tuae
730 657 907 692 tenebras
927 654 1168 691 conscientiae
1197 664 1304 699 meze,
1327 657 1364 690 et
1383 665 1450 700 per
1473 657 1578 691 tuam
1597 655 1722 691 laetam
1745 665 1814 702 ap-

180 704 419 750 paritionem,
439 705 486 740 da
505 704 594 740 mihi
616 704 765 750 plenam
788 702 839 738 tui
861 705 896 738 et
917 702 988 738 mei
1010 701 1278 747 cognitionem,
1299 705 1339 737 ut
1358 701 1459 737 intus
1479 704 1515 737 te
1538 701 1700 747 videam,
1715 701 1816 738 intus

181 756 216 787 te
238 751 445 795 inveniann
474 751 599 797 ibique
620 751 811 797 myrrham
833 748 1127 795 compunctionis
1147 748 1317 792 internae,
1346 749 1431 784 thus
1452 748 1633 785 orationis
1653 749 1814 792 devotae,

182 809 314 834 aurum
335 798 546 834 dilectionis
580 797 665 843 pize,
694 801 766 833 tuae
787 797 973 843 majestati
998 796 1179 839 offeram;
1203 799 1239 831 et
1268 795 1332 842 qui
1357 806 1424 842 per
1449 795 1548 831 viam
1572 796 1813 832 tenebrarum

182 849 219 881 et
242 846 358 891 culpae
380 845 516 881 recessi
545 856 566 881 a
589 845 711 891 patria
741 844 927 880 felicitatis
949 854 1133 889 supernae,
1160 853 1226 888 per
1246 845 1344 879 viam
1371 842 1539 879 veritatis
1557 847 1593 879 et
1616 842 1745 889 gratiae
1766 842 1813 879 ad

182 903 265 928 eam
282 893 448 937 redeam,
468 896 503 928 te
525 892 697 928 ducente.
716 892 848 927 Amen.

861 1095 1042 1139 CAPUT
1063 1094 1142 1138 Xll

567 1241 615 1268 DE
641 1240 974 1269 PRAESENTATIONE
1004 1238 1142 1268 DOMINI
1167 1239 1206 1267 IN
1231 1239 1428 1268 TEMPLUM.

858 1361 965 1397 Lucae
992 1370 1073 1407 cap.
1103 1361 1147 1396 II.

267 1528 277 1549 1
300 1514 434 1549 Josnpn
471 1521 511 1545 ET
552 1511 673 1545 MAntA
703 1519 969 1548 RELmQUENTEs

191 1563 406 1597 Rammium
430 1560 634 1594 JERUSALEM
659 1566 967 1591 Pnoriciscchnn.

191 1629 237 1634 ———
256 1610 316 1648 Et,
341 1605 563 1642 adveniente
585 1602 876 1649 quadragesima
894 1602 968 1645 die,

188 1658 385 1702 postquam
409 1682 418 1698 ‚
447 1651 641 1687 secundum
674 1652 806 1694 Leqem
835 1650 966 1693 Moysi,

192 1703 335 1748 impleti
352 1702 436 1735 sunt
450 1700 526 1734 dies
544 1699 774 1743 purgyationis
791 1697 881 1741 ejus,
897 1697 969 1731 Ma-

193 1749 259 1784 riae
280 1747 434 1790 scilicet,
453 1744 540 1781 exiit
557 1745 637 1791 ipsa
658 1745 702 1779 de
721 1743 866 1779 stabulo
884 1753 968 1778 cum

193 1795 332 1841 Joseph
351 1798 385 1830 et
408 1795 541 1836 Puero,
562 1795 601 1827 ut
624 1793 759 1836 Legem
780 1790 967 1836 impleret,

193 1842 233 1878 in
268 1852 341 1888 qua
372 1840 464 1876 nihil
490 1839 725 1885 purgandum
761 1841 854 1881 erat,
883 1836 969 1882 quia

196 1889 277 1925 sine
300 1891 452 1935 peccato
480 1888 717 1932 conceperat.
746 1887 786 1920 In
811 1884 968 1920 circum-

196 1936 338 1972 cisione
367 1934 519 1980 quidem
542 1933 775 1978 purgabatur
804 1942 897 1977 puer
924 1932 969 1966 ab

196 1982 385 2028 originali,
409 1981 506 2027 quod
528 1991 561 2016 as
580 1979 801 2026 parentibus
822 1981 969 2014 contra-

194 2033 321 2073 xerat3
345 2029 383 2064 in
403 2027 665 2074 purificatione
680 2037 767 2062 vero
789 2026 972 2071 purgaba—

195 2082 256 2113 tur
276 2079 396 2112 mater
416 2086 437 2111 a
454 2078 620 2121 peccato,
646 2073 733 2119 quia
755 2073 794 2108 in
815 2072 972 2109 libidine

197 2126 442 2170 conceperat3
467 2122 532 2158 sed
556 2121 648 2157 nihil
669 2122 803 2156 horum
829 2119 867 2155 in
902 2120 972 2155 hoc

198 2172 333 2214 Puero,
356 2170 414 2206 vel
439 2169 478 2204 in
500 2170 616 2204 Matre
637 2170 730 2204 erat.
754 2169 797 2203 Et
814 2168 974 2202 tulerunt

198 2219 316 2258 illum,
342 2218 504 2252 Puerum
535 2218 623 2252 Jesu
654 2215 758 2261 prius
785 2213 975 2250 circumci-

200 2275 284 2301 sum
305 2264 351 2299 de
372 2263 604 2306 Bethlehem,
629 2264 667 2297 in
687 2263 898 2302 Jerusalem,
919 2264 972 2301 ut,

200 2311 406 2348 secundum
439 2311 590 2355 Legem,
629 2311 809 2351 sisterent,
838 2307 876 2343 id
903 2311 972 2351 est,

199 2359 394 2401 offerrent,
414 2368 478 2392 seu
495 2357 687 2392 offerendo
705 2358 976 2402 praesentarent

201 2417 280 2441 eum
288 2404 484 2440 Dominoin
500 2403 696 2449 templo,et
708 2407 747 2437 ut
762 2403 889 2437 darent
906 2412 974 2448 pro

200 2463 244 2489 eo
264 2454 431 2492 hostiam,
452 2450 592 2486 scilicet
608 2461 680 2496 par
699 2453 895 2491 turturum,
913 2452 977 2484 aut

200 2501 290 2535 duos
315 2500 435 2545 pullos
456 2498 714 2533 columbarum.

249 2560 266 2582 2
286 2547 392 2581 Lenis
414 2557 599 2581 PRAECEPTA
618 2556 717 2579 cmm
738 2554 975 2579 PL'RIFICATIO-

199 2605 270 2629 NEM
289 2604 469 2629 :acumen
488 2604 528 2627 ET
551 2602 978 2627 PRIMOGENITORCMOBLA-

200 2652 345 2676 Tioxnn.
362 2660 407 2665 ——
425 2639 479 2675 Ad
498 2638 722 2675 evidentiam
737 2638 846 2683 hujus
862 2637 978 2673 scien-

201 2688 303 2731 dum,
325 2686 424 2733 quod
445 2686 490 2722 de
509 2686 615 2732 prole
635 2688 724 2721 nata
745 2684 879 2730 duplex
898 2688 977 2720 erat

202 2738 447 2781 praeceptum.
471 2735 593 2769 Unum
605 2731 781 2779 generale
798 2734 977 2776 quantum

202 2782 250 2818 ad
272 2792 416 2826 omneS,
438 2783 478 2817 ut
503 2780 644 2817 scilicet
670 2778 864 2825 completis
898 2777 976 2814 die-

1045 1507 1114 1543 bus
1135 1505 1367 1552 purgationis
1385 1506 1530 1552 matris,
1551 1518 1644 1553 puer
1662 1509 1710 1545 ad
1730 1513 1823 1547 tem-

1044 1554 1148 1600 plum
1169 1554 1392 1598 deferretur,
1409 1558 1446 1590 et
1464 1565 1532 1601 pro
1553 1566 1596 1591 eo
1617 1556 1741 1593 hostia
1759 1559 1822 1594 da-

1045 1604 1161 1637 retur.
1186 1601 1256 1636 Lex
1280 1605 1405 1636 autem
1433 1601 1704 1647 purificationis
1724 1609 1820 1650 erat,

1045 1648 1143 1693 quod
1163 1647 1311 1700 ⁸mulier·
1342 1658 1438 1693 quse,
1461 1653 1633 1695 suscepto
1662 1651 1821 1697 semine,

1043 1698 1252 1746 peper1sset
1272 1695 1493 1739 masculum,
1510 1696 1705 1735 immunda
1723 1703 1821 1735 esset

1045 1746 1187 1788 septem
1218 1742 1364 1786 diebus,
1393 1747 1565 1789 separata
1589 1755 1610 1780 a
1632 1746 1821 1782 consortio

1043 1789 1251 1831 hominum,
1272 1791 1306 1824 et
1325 1790 1371 1825 ab
1392 1789 1564 1836 ingressu
1584 1792 1727 1839 templi,
1747 1796 1784 1829 et
1800 1805 1822 1830 a

1044 1839 1338 1872 tactusacrorum
1363 1847 1370 1880 ;
1393 1840 1429 1872 et
1442 1837 1502 1873 die
1521 1841 1651 1875 octavo
1669 1839 1824 1876 circum-

1046 1883 1234 1918 cideretur
1264 1882 1480 1929 infantulus,
1504 1888 1540 1920 et
1566 1885 1648 1932 ipsa
1671 1887 1821 1933 quidem

1045 1930 1187 1965 munda
1213 1930 1426 1966 efficeretur
1446 1933 1569 1977 quoad
1593 1934 1822 1970 consortium

1046 1977 1254 2020 hominum,
1286 1977 1351 2012 sed
1375 1978 1497 2014 adhuc
1521 1979 1674 2025 triginta
1704 1981 1826 2018 tribus

1047 2024 1180 2060 diebus
1196 2024 1390 2061 immunda
1413 2030 1510 2062 esset
1530 2027 1654 2072 quoad
1676 2027 1824 2074 ingres-

1049 2082 1130 2123 sum
1151 2071 1279 2123 templi
1310 2076 1346 2107 et
1372 2075 1511 2109 tactum
1540 2084 1757 2120 sacrorum3
1787 2078 1824 2112 et

1047 2120 1106 2154 h1s
1133 2118 1263 2154 diebus
1291 2130 1367 2155 non
1393 2116 1528 2156 licebat
1548 2121 1674 2167 egredi
1696 2122 1824 2167 domo,

1048 2169 1118 2202 etc.
1148 2165 1348 2212 Completis
1375 2170 1501 2203 autem
1527 2168 1682 2215 triginta
1705 2169 1827 2206 trihus

1049 2212 1180 2249 diebus
1197 2223 1282 2248 cum
1297 2216 1438 2259 septem
1456 2215 1767 2262 praecedentibus,
1783 2227 1827 2253 ex

1048 2264 1153 2304 tunc,
1171 2260 1457 2306 quadragesima
1472 2261 1545 2307 die,
1564 2262 1698 2299 mulier
1712 2263 1827 2300 intra-

1050 2308 1114 2343 bat
1134 2307 1329 2353 templum,
1357 2311 1394 2344 et
1424 2310 1678 2354 praesentabat
1693 2314 1824 2347 natum

1049 2364 1222 2400 puerum,
1255 2354 1414 2391 Domino
1448 2356 1609 2393 offerens
1642 2358 1827 2395 sacrificia

1050 2412 1118 2448 pro
1140 2412 1179 2437 se
1205 2405 1242 2437 et
1271 2412 1338 2454 pro
1361 2413 1490 2448 puero.
1515 2403 1551 2440 Si
1572 2407 1699 2441 autem
1718 2405 1827 2442 semi-

1052 2459 1140 2484 nam
1171 2453 1391 2495 pepemsset,
1430 2450 1717 2497 duplicabantur
1748 2451 1830 2488 dies

1053 2496 1175 2541 quoad
1194 2496 1383 2532 consortia
1403 2497 1613 2542 hominum,
1637 2501 1674 2535 et
1703 2499 1826 2545 quoad

1052 2542 1181 2588 templi
1201 2542 1427 2589 ingressum.
1444 2565 1489 2570 —
1502 2545 1612 2581 Aliud
1630 2549 1711 2582 erat
1728 2556 1824 2592 prae-

1052 2595 1201 2642 ceptum
1217 2590 1378 2636 speciale
1397 2592 1441 2627 de
1459 2591 1732 2638 primogenitis,
1749 2596 1826 2630 tam

1052 2648 1088 2671 in
1118 2637 1334 2673 hominibus
1361 2648 1474 2684 quam
1500 2638 1539 2674 in
1563 2639 1758 2685 jumentis,
1786 2644 1827 2676 ut

1054 2687 1181 2719 sancta
1208 2684 1364 2720 Domino
1392 2685 1538 2730 fierent,
1557 2685 1644 2732 quia
1666 2687 1825 2723 Domino

1054 2734 1271 2783 consecrata
1287 2734 1408 2767 erant.
1430 2733 1480 2767 Ex
1499 2743 1542 2768 eo
1564 2736 1730 2780 tempore
1751 2745 1826 2781 quo

1052 2778 1301 2823 primogenita
1349 2779 1604 2825 AEgyptiorum
1647 2781 1827 2818 Dominus
