1897 3167
442 165 687 198 PROOEMIUM
726 165 768 196 IN
807 164 947 197 VITAM
984 165 1086 199 JESU

66 247 129 273 seu
150 235 311 282 figuram
331 235 411 280 ejus
430 235 561 276 totam,
582 235 619 268 et
639 242 681 267 ex
707 231 766 266 his
786 242 845 267 ac-

64 287 136 328 tus,
160 294 225 320 seu
245 292 369 318 mores
394 290 483 316 suos
503 283 539 315 et
562 282 690 324 gestus
711 278 844 314 melius

63 331 190 366 valeas
213 326 400 371 meditari,
419 326 590 373 quaedam
612 326 657 361 dc
679 325 736 361 liis
756 325 843 362 alibi

64 375 286 423 scripta,hic
300 375 468 410 inserere
488 373 766 419 utilejudit·avi.
784 374 846 409 Le-

62 424 164 469 gitur
193 422 294 458 enim
320 421 356 457 in
384 421 488 456 libris
527 421 725 457 annalibus
747 421 846 467 apud

62 472 254 508 Romanos
290 468 560 512 existentibus,
601 468 700 514 quod
736 470 846 505 Jesns

64 517 250 560 Christus,
273 516 337 562 qui
371 516 493 552 dictus
526 515 594 551 suit
629 526 651 551 a
671 515 875 560 gentibus⁴³

65 565 256 611 Propheta
277 563 458 606 veritatis,
486 566 639 599 statura!
672 563 739 598 l'nit
758 573 845 609 pro-

64 621 176 655 cerae,
202 610 404 647 mediocris
442 614 478 646 ct
509 609 736 656 spectabilis,
766 610 845 646 vul-

62 662 143 695 tum
166 659 310 695 habens
331 657 598 702 venerabilem,
625 668 735 703 quem
760 668 845 703 pos-

64 709 148 742 sent
162 705 351 742 intuentes
361 709 397 741 ct
407 705 563 750 diligere
575 709 609 741 et
622 704 825 740 formidare
837 715 845 747 ;

65 752 221 799 capillos
261 753 405 789 habens
445 753 492 788 ad
546 753 698 788 modum
744 751 849 788 nucis

64 800 246 836 avellanae
278 803 519 847 permaturae,
548 801 624 836 sere
659 810 775 845 usquc
802 799 849 835 ad

65 858 192 891 aures,
215 848 262 884 ab
289 847 443 883 auribus
475 847 667 883 cincinnos
690 846 847 893 crispos,

64 894 339 941 aliquantulum
377 894 570 937 cerubros,
607 896 654 930 ab
681 893 849 930 humeris

63 941 310 986 ventilantes3
328 941 530 978 discrimen
552 942 695 978 liabens
719 941 757 976 in
775 952 850 977 me-

65 988 128 1026 dio
156 989 302 1036 capitis,
327 990 432 1035 juxta
458 999 602 1025 morem
638 991 848 1025 Nazareno-

65 1046 174 1082 rum;
206 1036 369 1072 frontem
407 1037 558 1083 planam
589 1040 624 1072 et
652 1035 848 1072 serenissi-

65 1093 182 1127 mam,
210 1094 295 1120 cum
331 1084 424 1120 facie
464 1084 544 1119 sine
581 1094 676 1128 ruga
703 1086 740 1119 et
769 1083 848 1119 sine

63 1131 225 1175 macula,
248 1142 361 1177 quam
388 1132 504 1167 rubor
530 1131 748 1166 moderatus
783 1141 848 1166 ve-

64 1177 259 1215 nustavit:
289 1178 369 1214 nasi
397 1189 552 1225 prorsus
580 1181 617 1213 et
646 1177 723 1213 oris
748 1177 851 1213 nulla

63 1225 133 1262 fuit
179 1226 445 1272 repreliensio;
495 1226 651 1261 barbam
703 1226 849 1260 habens

64 1272 256 1319 copiosam
276 1276 314 1309 et
334 1273 541 1319 impubem,
559 1271 704 1318 capillis
721 1283 852 1308 conco-

65 1319 199 1363 lorem,
225 1330 299 1356 non
338 1320 506 1365 longam,
550 1320 615 1355 sed
657 1319 849 1354 iumento

64 1366 310 1411 bifurcatam3
352 1370 546 1412 aspectum
579 1366 788 1413 simplicem
814 1369 851 1401 et

65 1418 270 1458 maturum,
307 1414 425 1450 oculis
462 1414 620 1460 glaucis,
660 1413 772 1449 variis
815 1416 849 1448 et

65 1461 177 1497 claris
209 1460 466 1497 existentibus.
508 1462 548 1496 ln
593 1460 850 1507 increpatione

66 1511 150 1544 erat
172 1507 363 1551 terribilis,
392 1507 429 1543 in
453 1507 712 1543 admonitione
744 1508 848 1542 blan-

65 1555 136 1592 dus
177 1559 212 1591 et
257 1554 454 1599 amabilis;
495 1554 627 1591 hilaris
650 1583 659 1599 ,
701 1556 850 1591 servata

65 1602 262 1649 gravitate.
281 1602 492 1648 Aliquando
514 1601 631 1645 flevit,
653 1603 717 1638 sed
738 1613 849 1638 num-

65 1660 178 1696 quam
199 1649 294 1685 risit.
310 1651 349 1685 ln
370 1653 514 1685 statura
527 1649 696 1695 corporis
717 1660 851 1696 propa-

64 1701 174 1744 gatus
204 1700 240 1732 ct
276 1701 425 1741 rectus3
454 1706 586 1732 manns
624 1699 660 1732 et
694 1696 851 1733 brachia

63 1744 159 1781 visui
179 1744 429 1780 delectabilia.
451 1745 491 1779 In
504 1744 692 1790 colloquio
708 1745 848 1790 gravis,

63 1791 315 1836 rationabilis,
337 1801 459 1835 rarus,
499 1795 536 1827 et
576 1792 791 1837 modestus3
814 1796 851 1828 et

64 1839 150 1876 ideo
190 1838 324 1875 merito
365 1839 570 1875 secundum
610 1839 849 1876 Psalmistam

65 1886 202 1923 dicitur
230 1897 239 1922 ε
280 1887 472 1932 speciosus
501 1888 622 1931 forma
655 1898 732 1933 pras
760 1888 850 1933 filiis

65 1935 251 1971 hominum
271 1946 280 1968 :
303 1934 383 1969 haee
402 1933 465 1970 ubi
484 1943 609 1979 supra.

117 1984 157 2018 15
179 1982 377 2017 vaxoatn
395 1992 659 2017 COMMENDATlO.
679 2001 725 2006 -—-
748 1982 852 2017 Inter

66 2039 198 2065 omnes
236 2038 325 2075 ergo
369 2028 580 2074 Scripturas
603 2055 612 2072 ,
662 2028 851 2075 praecipue

65 2075 325 2122 Evangelium,
339 2076 437 2121 quod
454 2075 660 2111 secundum
675 2076 852 2119 Anqusts-

65 2134 152 2159 num
169 2123 270 2159 inter
287 2133 419 2159 omnes
442 2122 590 2158 divinas
607 2123 851 2159 auctoritates

66 2181 150 2217 quae
167 2170 283 2206 sacris
298 2170 432 2206 litteris
447 2170 700 2215 continentur,
716 2170 850 2206 merito

66 2217 262 2264 praecellit,
283 2217 436 2254 studeas
455 2228 533 2264 prae
555 2217 732 2254 manibus
754 2228 851 2254 sem-

66 2275 135 2312 per
168 2265 322 2309 habere,
348 2268 384 2300 et
411 2264 448 2300 in
476 2265 588 2301 corde
625 2268 688 2300 tuo
711 2265 853 2312 jugiter

67 2312 309 2349 circumferre
339 2323 346 2347 :
370 2311 456 2358 quia
478 2313 549 2349 boc
572 2315 608 2348 te
635 2312 681 2348 de
711 2312 786 2348 vita
816 2315 854 2348 et

67 2359 237 2396 moribus
258 2358 408 2395 Domini
438 2359 556 2395 nostri
584 2361 674 2396 Jcsu
698 2359 849 2405 Christi,

68 2411 106 2444 et
137 2406 184 2443 de
219 2406 395 2442 omnibus
418 2407 465 2442 ad
492 2406 650 2442 salutem
678 2417 851 2443 necessa-

67 2453 150 2499 riis,
194 2453 334 2500 poterit
371 2453 508 2490 clarius
547 2455 718 2490 edocere.
759 2456 852 2490 Nam

69 2501 276 2538 secundum
286 2502 591 2545 Chrysostomum,
602 2501 637 2537 in
652 2501 852 2548 Evangelio

68 2548 184 2585 totius
218 2548 461 2595 perfectionis
486 2553 629 2585 naturae
657 2549 854 2585 rationalis

70 2606 219 2632 summa
240 2596 465 2632 continetur.
490 2598 531 2632 Et
552 2597 757 2632 secundum
772 2599 854 2632 Hie-

68 2654 272 2689 ronymum,
304 2643 508 2689 Evangelia
538 2643 645 2690 Legis
684 2643 853 2690 impletio

72 2695 173 2735 sunt,
196 2694 233 2727 et
264 2690 303 2726 in
335 2691 394 2726 his
418 2695 605 2737 praecepta
626 2694 662 2727 et
686 2692 855 2737 exempla

74 2737 219 2774 vivendi
238 2738 456 2784 plenissime
468 2743 557 2774 sunt
570 2739 728 2784 digesta.
751 2739 854 2775 Unde

74 2785 346 2831 chrysostomus
371 2799 381 2821 ε
409 2800 427 2817 «
449 2786 675 2832 Oportuerat
703 2785 855 2833 quidem

1125 167 1317 200 tlllltlSTI.
1677 168 1698 198 ¹.)

916 232 1008 267 nibil
1032 243 1099 268 nos
1120 233 1290 278 indigere
1314 234 1449 270 auxilio
1471 234 1698 278 litterarum,

918 279 984 315 sed
1011 282 1087 315 tam
1115 282 1292 316 mundam
1325 282 1361 316 in
1393 282 1568 317 omnibus
1595 280 1697 317 exhi-

917 327 1007 362 bere
1030 326 1158 369 vitam,
1187 331 1225 362 nt
1257 328 1405 364 illarum
1445 329 1537 371 vice,
1578 328 1700 371 gratia

920 373 1080 420 Spiritus
1102 377 1306 418 uteremur,
1323 378 1357 410 et
1373 376 1466 410 sicut
1489 379 1700 412 atramento

919 421 1080 471 paginae,
1103 421 1154 457 ita
1175 422 1289 457 corda
1307 427 1434 457 nostra
1453 422 1704 459 inscriberen-

920 472 982 504 tur
1017 478 1039 504 a
1078 468 1230 514 Spiritu.
1273 468 1365 511 Quia
1408 480 1494 505 vero
1544 471 1640 505 lianc
1680 480 1701 505 a

922 516 1030 551 nobis
1052 515 1278 551 exclusimus
1298 515 1473 561 gratiam,
1499 528 1625 561 agere,
1644 517 1701 552 vel

920 563 1105 599 secundas
1127 563 1277 598 divitias
1308 567 1560 609 expectemus,
1583 568 1619 599 ct
1645 563 1703 598 in-

920 610 1120 646 tendamus
1145 609 1217 655 his,
1239 621 1320 656 qua}
1343 610 1482 656 scripta
1501 614 1598 645 sunt.
1624 612 1703 646 Non

921 659 1021 693 enim
1042 661 1244 703 propterea
1261 658 1359 693 data:
1381 662 1467 693 sunt
1488 657 1704 702 Scripturae,

921 709 959 741 ut
980 705 1019 740 in
1044 705 1149 741 libris
1169 716 1233 741 eas
1253 706 1461 741 habeamus
1480 705 1616 748 solum,
1640 704 1706 740 sed

920 756 960 788 ut
983 752 1021 788 in
1048 752 1224 788 cordibus
1248 752 1550 798 conglutinemus
1570 762 1648 787 eas.
1669 751 1706 787 Si

919 799 1020 836 enim
1039 800 1192 836 domurn
1216 800 1441 845 ubicumque
1463 799 1574 835 suerit
1590 800 1707 834 Evan—

920 847 1059 893 gelium
1078 847 1255 894 positum,
1268 858 1342 883 non
1357 846 1511 883 audebit
1527 846 1707 882 accedere

921 894 1108 938 diabolus,
1132 895 1248 931 multo
1269 895 1388 940 magis
1413 894 1578 930 animam
1600 893 1707 929 intel-

921 942 1096 988 ligentias
1116 943 1317 978 habentem
1338 942 1431 978 tales
1452 945 1488 977 et
1509 940 1705 976 circumsc-

921 993 1082 1034 rentem,
1106 1000 1183 1025 non
1204 993 1331 1035 tanget
1359 999 1552 1035 umquam,
1584 998 1706 1033 neque

922 1036 1159 1082 superveniet
1181 1037 1213 1073 ei
1235 1037 1399 1079 dannon,
1423 1047 1544 1082 neque
1562 1034 1704 1081 peccati

921 1088 1069 1120 natura.
1107 1084 1308 1120 Sanctifica
1346 1084 1482 1130 igitur¹
1506 1083 1673 1119 animam
1695 1110 1705 1126 ,

921 1131 1118 1167 sanctifica
1137 1142 1272 1178 corpus
1295 1135 1413 1175 tuum,
1432 1132 1502 1167 boc
1522 1130 1560 1166 in
1580 1129 1708 1175 lingua

923 1182 957 1214 et
981 1178 1019 1214 in
1042 1179 1155 1214 corde
1184 1189 1333 1224 semper
1353 1180 1519 1222 ha.bcns;
1546 1177 1575 1213 si
1606 1176 1706 1212 enim

922 1225 1192 1271 turpiloquium
1244 1226 1414 1261 sordidat
1437 1253 1445 1268 ‚
1487 1229 1523 1261 et
1564 1224 1705 1260 daemo-

922 1283 990 1308 nes
1011 1276 1131 1317 vocat,
1151 1273 1389 1309 manifestum
1411 1275 1468 1308 est
1485 1272 1584 1317 quod
1601 1270 1706 1317 spiri-

923 1319 1035 1355 tualis
1072 1319 1182 1356 lectio
1220 1320 1444 1363 sanctificat,
1474 1324 1510 1355 et
1546 1318 1706 1372 Spiritus

923 1366 1048 1402 evellit
1084 1367 1258 1413 gratiam.
1293 1366 1542 1403 Attendamus
1577 1365 1706 1411 igitur,

922 1413 1049 1449 dilecti
1071 1441 1080 1458 ,
1115 1414 1316 1459 Scripturis
1341 1426 1348 1457 ;
1388 1417 1423 1449 et
1480 1414 1509 1449 si
1562 1412 1706 1448 nullum

922 1461 1038 1503 aliud,
1083 1461 1286 1506 Evangelia
1325 1461 1457 1497 saltem
1487 1460 1707 1496 circumsta-

921 1507 1029 1543 diosa
1048 1507 1157 1543 nobis
1184 1509 1290 1550 liant,
1319 1512 1356 1544 et
1386 1508 1465 1543 nme
1485 1518 1561 1553 pra}
1586 1505 1708 1542 mani-

921 1556 991 1591 bus
1023 1555 1244 1591 habeamus.
1273 1555 1477 1591 Conl'estim
1513 1554 1614 1590 enim
1647 1564 1709 1589 ex-

921 1601 1093 1648 pandens
1112 1601 1243 1646 libros,
1266 1602 1295 1638 si
1316 1603 1570 1648 permanseris
1590 1611 1709 1647 usque

922 1650 970 1685 ad
1004 1649 1134 1694 finem,
1163 1649 1292 1686 omnia
1315 1661 1470 1695 respues
1500 1649 1707 1692 mundana,

923 1696 1052 1733 omnia
1089 1696 1279 1733 deridebis
1316 1708 1399 1743 qnae
1426 1696 1486 1732 hie
1524 1699 1625 1732 sunt.
1665 1697 1710 1731 Et

916 1744 952 1783 si
985 1744 1090 1780 dives
1112 1744 1243 1789 fueris,
1273 1744 1366 1780 nillil
1393 1743 1587 1791 reputabis
1612 1743 1708 1779 divi-

922 1791 1019 1836 tias3
1059 1795 1097 1828 et
1135 1791 1166 1827 si
1205 1791 1316 1838 inops
1356 1792 1485 1835 fueris,
1516 1802 1592 1827 non
1619 1801 1708 1827 con-

922 1839 1090 1875 funderis
1133 1838 1285 1885 inopia;
1331 1850 1407 1875 non
1444 1838 1590 1884 rapies,
1631 1848 1709 1874 non

922 1898 1058 1923 avarus
1081 1885 1180 1931 er1s;
1205 1887 1271 1922 sed
1297 1886 1517 1933 concupitor
1538 1885 1612 1921 eris
1632 1895 1711 1921 ma-

922 1934 980 1980 gis
1006 1933 1157 1980 inopiae,
1183 1937 1220 1970 et
1255 1933 1440 1980 despicies
1474 1932 1637 1969 divitias.
1670 1932 1707 1969 Si

922 1992 1011 2018 vero
1050 1982 1121 2017 hoe
1160 1981 1238 2025 fiet,
1276 1981 1401 2017 omnia
1443 1979 1712 2017 exterminabis

924 2029 1036 2065 mala.
1059 2029 1175 2065 Multa
1196 2029 1269 2064 alia
1285 2032 1342 2065 est
1359 2028 1511 2072 lucrari,
1530 2038 1612 2073 quie
1632 2038 1710 2063 non

924 2079 981 2112 est
1014 2087 1115 2112 nunc
1143 2076 1350 2112 secundum
1375 2080 1519 2121 partem
1556 2075 1708 2117 dieere;

924 2123 1046 2160 sciunt
1066 2127 1191 2160 autem
1212 2123 1274 2169 qui
1297 2122 1566 2169 experientiam
1592 2132 1713 2158 susce·

923 2174 1074 2217 perunt.
1099 2185 1117 2203 »
1155 2172 1199 2206 Et
1236 2171 1371 2206 iterum
1399 2182 1406 2205 :
1445 2184 1461 2203 «
1485 2169 1579 2212 Quid
1598 2168 1713 2214 igitur

924 2228 1104 2264 umquam
1131 2229 1174 2254 ex
1206 2217 1417 2263 Evangeliis
1445 2216 1590 2262 aequale
1621 2216 1713 2252 fiet?

925 2265 1059 2312 Utique
1096 2267 1195 2302 Deus
1230 2268 1475 2301 conversatur
1507 2263 1545 2299 in
1586 2262 1712 2306 terris,

924 2313 1038 2349 homo
1058 2312 1228 2349 ascendit
1248 2312 1287 2348 in
1308 2312 1458 2356 coelum,
1480 2314 1517 2347 et
1538 2311 1636 2346 sacta
1656 2314 1714 2346 est

925 2359 1094 2397 omnium
1123 2371 1196 2396 una
1218 2359 1416 2406 permixtio
1443 2371 1451 2394 :
1474 2357 1606 2404 Angeli
1628 2367 1713 2393 cum

926 2404 1714 2449 hominibuschorumfaciebant3110mines

925 2454 1080 2501 Angelis
1101 2454 1446 2497 communicabant,
1464 2458 1500 2490 et
1527 2452 1610 2489 aliis
1637 2462 1713 2488 coe-

926 2502 1084 2538 lestibus
1116 2502 1366 2549 supernisque
1406 2501 1628 2537 Virtutibus.
1670 2500 1714 2534 Et

926 2549 1147 2586 eratvidere
1165 2549 1361 2595 antiquum
1384 2548 1554 2595 pueliam
1576 2556 1712 2592 repen-

927 2608 1024 2641 sum,
1071 2597 1262 2633 daemones
1300 2596 1509 2642 fugientes,
1550 2597 1711 2629 mortem

927 2647 1175 2690 peremptam,
1197 2643 1414 2691 paradisum
1432 2645 1617 2688 apertum,
1636 2649 1713 2675 ma-

927 2691 1168 2728 ledictionem
1208 2694 1406 2734 remotam,
1438 2693 1631 2735 peccatum
1664 2687 1712 2723 de

928 2738 1052 2775 medio
1074 2739 1277 2783 sublatum,
1305 2747 1472 2773 errorem
1501 2735 1710 2781 expulsum,

927 2786 1124 2822 veritatem
1154 2795 1360 2828 reversam,
1385 2782 1536 2829 pietatis
1564 2791 1712 2818 sermo-
