1902 3126
645 142 698 176 DE
735 142 958 176 BAPTISMO
996 143 1170 177 DOMINI.
1679 138 1737 173 187

95 219 132 253 et
155 219 257 262 patet
271 215 390 261 J'anua
409 211 515 258 regni
537 210 712 253 coelestis,
735 219 772 245 et
790 209 874 245 adi-

94 266 157 299 tus
179 263 217 298 in
241 262 390 304 coelum,
415 259 475 305 qui
498 256 702 304 praeclusus
726 257 793 292 suit
812 257 877 292 ho-

95 309 190 346 mini
212 320 279 356 per
301 310 508 354 peccatum.
539 304 640 340 Unde
663 305 873 347 chrysosto-

96 367 210 393 mus:
242 370 259 388 «
285 353 475 400 Siquidem
510 352 549 386 in
582 351 662 396 ejus
691 350 875 396 baptismo

97 402 218 450 aperti
241 405 328 438 sunt
349 399 446 442 eceli,
468 401 506 434 ut
523 397 642 434 discas
662 397 774 433 etiam
790 407 875 432 cum

96 454 138 487 tu
167 448 370 495 baptizaris
404 447 475 481 hoc
512 445 751 481 invisibiliter
779 443 875 488 lieri,

93 498 174 544 jam
195 497 270 532 Deo
291 497 327 529 te
343 493 389 529 ad
411 493 547 528 coelum
569 495 741 535 vocante,
765 490 877 527 nibil-

124 553 170 580 ue
198 542 236 578 in
259 544 361 577 terra
389 550 587 576 commune
623 540 762 575 babere
792 549 877 574 sua-

123 592 224 626 ente.
249 602 267 620 »
303 589 347 623 Et
371 587 507 623 iterum
532 599 540 622 2
571 600 589 620 «
616 586 710 622 Dicit
735 589 877 629 autem,

96 640 268 683 apertum
292 638 349 670 est
369 635 519 678 coelum,
535 637 727 679 tamquam
751 634 878 669 hacte-

96 693 168 720 nus
187 682 373 718 reclusum
392 682 533 717 suisset.
553 684 636 718 Jam
655 685 780 717 autem
800 679 879 716 ovi-

96 730 122 767 Ii
144 739 306 776 superno
328 733 365 764 et
385 729 515 764 intimo
529 729 566 764 in
579 739 697 764 unum
710 728 878 770 redacto,

96 780 136 815 et
168 787 243 813 uno
283 776 464 812 existente
498 775 666 811 omnium
708 777 877 818 Pastore,

96 824 233 861 coelum
251 823 385 870 patuit,
409 827 446 859 et
467 824 579 858 homo
606 822 783 858 terricola
801 821 880 857 ovis

97 875 324 918 aggregatus
344 875 400 906 est
419 869 618 915 Angelis.»
641 870 745 904 Unde
763 873 797 904 et
818 870 881 904 Be-

97 919 148 955 da
170 931 180 954 ε
201 932 220 951 «
240 919 329 955 ,Iesu
350 921 477 953 autem
501 916 686 963 baptizato
711 919 746 951 et
771 926 881 951 oran-

96 969 150 1012 te,
168 969 339 1012 apertum
357 968 410 1000 est
429 964 583 1008 coelum3
598 963 686 1009 quia
701 963 789 998 dum
802 973 881 998 cor-

98 1012 204 1060 poris
227 1011 438 1049 humilitate
462 1011 641 1047 Dominus
656 1010 776 1046 undas
795 1012 879 1045 Jor-

99 1060 211 1097 danis
231 1059 358 1103 subiit,
382 1058 588 1095 divinitatis
614 1068 691 1093 suae
713 1058 882 1103 potentia

100 1107 185 1144 coeli
225 1107 334 1142 nobis
372 1107 510 1152 J'anuas
544 1105 694 1152 pandit,
718 1105 882 1149 dumque

99 1151 880 1200 caroinnoxiafrigentibustingituraquis,

98 1203 274 1249 opposita
304 1201 497 1247 quondam
538 1200 658 1236 noxiis
688 1200 883 1244 rompliaea

99 1248 329 1296 extinguitur
362 1248 474 1293 ignea
508 1260 515 1283 :
548 1261 564 1280 »
587 1248 668 1282 haee
702 1247 812 1282 Beda.
843 1247 882 1281 ln

99 1296 172 1332 hoe
212 1297 326 1332 etiam
367 1295 480 1341 quod,
515 1297 604 1331 Jesu
633 1293 819 1339 baptizato
847 1296 884 1328 et

98 1346 248 1388 orante,
271 1343 405 1378 coelum
432 1346 603 1388 apertum
633 1346 708 1385 est,
736 1340 884 1387 signiti-

99 1395 208 1427 catur
225 1390 324 1437 quod
345 1389 465 1425 oratio
485 1389 613 1425 mundi
629 1393 663 1424 et
680 1388 797 1425 sancti
821 1389 886 1423 ho-

100 1437 214 1474 minis
234 1437 368 1473 coelum
391 1440 574 1483 penetrat.
604 1437 730 1472 Oravit
758 1438 884 1471 autem

101 1484 282 1529 Christus,
307 1488 344 1519 ut
366 1495 432 1519 nos
455 1483 675 1519 informaret
701 1484 749 1519 ad
770 1493 883 1519 oran-

99 1532 190 1569 dum
211 1535 296 1578 post
316 1531 562 1576 Bapfismum,
592 1534 628 1566 et
650 1534 689 1566 ut
710 1529 883 1566 ostende-

99 1582 159 1616 ret
180 1579 289 1615 nobis
316 1577 449 1614 orandi
472 1577 645 1613 ordinem
666 1581 702 1612 et
724 1576 883 1613 necessi-

98 1629 217 1663 tatem
239 1640 247 1661 :
277 1625 464 1669 ordinem,
502 1625 590 1670 quia
613 1624 659 1660 ad
684 1625 754 1659 hoe
783 1623 882 1669 quod

99 1672 249 1721 placeat
271 1672 407 1716 oratio,
427 1671 691 1718 oportetprius
707 1669 882 1707 mundari

99 1724 139 1758 et
157 1719 341 1767 baptizari
372 1730 484 1765 quam
519 1729 651 1763 orare;
676 1717 881 1755 necessita-

97 1771 193 1812 tem,
220 1767 308 1813 quia
333 1766 570 1812 baptismalis
597 1766 719 1812 gratia
739 1766 883 1811 indiget

98 1825 168 1862 per
189 1814 401 1851 orationem
432 1813 671 1857 conservari3
697 1817 734 1849 et
755 1817 794 1849 ut
821 1814 884 1849 da-

97 1865 158 1899 ret
177 1861 388 1907 exemplum
406 1861 507 1906 quod
531 1861 569 1896 in
587 1861 805 1907 receptione
827 1870 884 1896 sa-

99 1912 397 1950 cramentorum,
415 1908 526 1943 debet
547 1918 653 1943 mens
665 1907 830 1943 hominis
845 1907 884 1942 in

99 1957 220 1992 Deum
263 1954 415 1991 elevari.
454 1954 560 1990 Unde
600 1954 700 1989 idem
737 1955 835 1989 Beda
871 1967 882 1989 .·

101 2017 122 2037 «
138 2002 243 2047 Quod
257 2004 379 2045 Jesus,
391 2002 496 2048 cujus
514 2001 641 2037 omnia
656 2011 739 2046 quae
763 2000 884 2036 Patris

99 2053 202 2094 sunt,
212 2049 420 2096 baptizatus
432 2059 561 2084 orasse
580 2052 825 2091 memoratur,
837 2048 884 2083 ad

101 2107 171 2134 nos
186 2097 445 2133 informandos
454 2100 577 2132 actum
592 2106 664 2131 non
677 2095 883 2138 dubitatur,

100 2144 238 2192 quibus
254 2148 336 2190 post
360 2145 549 2179 lavacrum
567 2142 821 2189 Baptismatis,
845 2146 885 2178 ut

100 2192 188 2229 aula
211 2191 294 2228 coeli
329 2191 530 2238 pandatur.
562 2190 646 2226 ideo
670 2201 743 2225 non
766 2189 885 2225 otiose

100 2238 318 2282 vivendum,
342 2239 406 2274 sed
430 2237 599 2284 jeJuniis,
630 2237 802 2283 precibus
829 2241 884 2272 at-

101 2296 175 2332 que
216 2286 466 2332 eleemosynis
506 2289 561 2321 est
614 2284 883 2327 insistendum;

102 2332 204 2379 quia,
223 2332 289 2369 etsi
326 2337 478 2379 peccata
499 2337 585 2368 sunt
605 2331 731 2368 omnia
765 2331 800 2366 in
820 2333 888 2367 Ba—

101 2380 238 2427 ptismo
262 2380 396 2423 laxata,
420 2391 495 2415 non
526 2380 648 2415 adhuc
669 2384 794 2414 tamen
830 2381 887 2414 est

103 2427 231 2464 carnis
256 2427 439 2472 fragilitas
462 2427 633 2462 solidata.
655 2428 760 2469 Nam,
779 2425 884 2471 quasi

103 2475 264 2510 transito
284 2474 376 2509 mari
394 2475 522 2519 rubro,
543 2474 778 2520 gratulamur
798 2474 885 2509 sub-

102 2531 251 2558 mersos
294 2521 487 2568 Aigyptios
506 2549 514 2565 ‚
556 2521 621 2556 sed
663 2521 700 2556 in
737 2521 886 2556 deserto

102 2568 305 2605 mundanae
319 2568 612 2604 conversationis
624 2569 749 2603 hostes
761 2578 888 2603 occur-

102 2619 190 2652 runt
221 2616 298 2660 alii,
333 2616 410 2662 qui,
441 2616 534 2651 duce
568 2615 704 2652 Christi
749 2615 886 2660 gratia,

103 2666 230 2699 nostro
252 2664 388 2700 sudore
418 2663 628 2706 vincantur,
657 2663 775 2698 donec
802 2673 887 2708 per-

103 2709 300 2748 veniamus
325 2711 372 2747 ad
401 2711 560 2757 patriam
590 2722 597 2745 :
622 2724 639 2741 »
669 2711 747 2745 hate
775 2711 885 2746 Beda.

159 2771 196 2795 ια
223 2759 294 2796 SUB
330 2771 449 2795 specis
489 2769 659 2795 comum:
697 2769 889 2794 Drzscmnir

952 211 1115 247 Smmms
1136 212 1308 247 SANCTUS.
1324 231 1368 236 —
1389 211 1435 245 Et
1452 209 1637 245 descendit
1650 210 1733 256 Spi-

950 260 1045 292 ritus
1064 260 1218 293 Sanctus
1238 257 1432 292 visibiliter
1448 258 1630 303 corporali
1648 267 1730 303 spe-

952 306 1017 344 cie,
1047 307 1141 339 sient
1169 306 1333 338 columba
1366 306 1403 338 in
1433 315 1566 349 zpsum,
1596 314 1638 339 ac
1672 314 1731 340 re-

952 350 1094 396 quievit
1115 361 1227 395 super
1248 362 1346 393 enm,
1371 351 1505 385 sedens
1529 362 1641 397 super
1667 361 1732 387 ca-

952 401 1019 444 put
1048 397 1175 443 ipsius.
1214 398 1426 439 Descendit,
1462 397 1628 443 inquam,
1657 408 1734 433 non

953 456 1022 491 per
1061 443 1221 489 gratiam
1240 471 1248 486 ‚
1292 443 1379 488 quia
1419 443 1538 488 primo
1579 443 1735 480 instanti

955 490 1208 537 conceptionis
1230 501 1307 525 sine
1340 490 1472 535 plenus
1495 491 1560 526 suit
1594 491 1735 537 Spiritu

956 540 1113 581 Sanct03
1139 538 1204 573 sed
1229 536 1423 572 descendit
1461 537 1494 571 in
1519 538 1625 583 signo
1647 538 1734 573 visi-

956 586 1034 630 bili,
1047 589 1085 622 et
1101 586 1171 620 hoc
1191 583 1326 630 triplici
1343 583 1488 618 ratione
1507 595 1514 618 ;
1533 584 1668 629 primo,
1688 585 1737 620 ad

955 633 1199 669 indicandum
1220 631 1316 675 aliis,
1347 630 1446 675 quod
1473 630 1509 664 in
1529 630 1608 676 ipso
1636 634 1736 667 esset

955 680 1152 727 plenitudo
1165 678 1294 725 gratim
1307 689 1314 720 3
1329 677 1507 720 secunde,
1521 678 1566 712 ad
1582 677 1737 713 innuen—

955 729 1044 764 dum
1064 727 1161 773 quod
1183 728 1219 761 in
1240 724 1426 771 Baptismo
1444 725 1555 760 datur
1576 723 1737 770 Spiritus

957 776 1117 812 Sanctus
1127 772 1392 810 accedentibus
1407 782 1479 807 non
1493 772 1595 814 tiete3
1610 771 1737 814 tertio,

956 822 1005 859 ad
1032 820 1311 858 ostendendum
1336 819 1435 864 quod
1468 818 1548 864 ipse
1575 821 1646 862 est,
1673 817 1737 863 qui

957 880 1024 916 per
1039 868 1221 915 Spiritum
1243 868 1419 903 Sanctum
1439 865 1737 911 l›aptizat,mun-

958 917 1084 953 dando
1121 926 1143 951 a
1175 915 1299 950 sorde.
1325 913 1505 959 Apparuit
1540 915 1665 948 autem
1698 911 1738 947 in

957 962 1144 1009 corporali
1176 963 1298 1008 specie
1329 961 1526 1003 columbre,
1553 962 1739 1005 quatenus

958 1011 1086 1047 mitem
1109 1013 1145 1045 et
1165 1008 1372 1054 simplicem
1400 1007 1480 1043 sine
1512 1007 1597 1042 selle
1617 1005 1740 1042 omni-

958 1069 1032 1104 que
1052 1055 1304 1093 amaritudine
1322 1065 1405 1090 eum
1423 1064 1516 1097 esse,
1531 1057 1566 1089 et
1586 1063 1654 1088 nos
1670 1063 1739 1099 per

958 1103 1286 1141 mansuetudinem
1327 1101 1502 1147 colligere
1547 1110 1633 1136 eum
1675 1110 1739 1135 ve-

959 1153 1074 1196 nisse,
1110 1161 1224 1196 seque
1264 1153 1481 1185 mansuetos
1505 1151 1541 1184 et
1577 1146 1740 1182 humiles

960 1199 1172 1236 inhabitare
1193 1197 1423 1233 ostenderet.
1450 1196 1536 1231 ldeo
1558 1194 1671 1230 etiam
1698 1193 1739 1229 in

960 1248 1142 1283 columbze
1165 1244 1287 1291 specie
1305 1242 1492 1290 apparuit,
1507 1242 1599 1277 utin
1620 1239 1741 1276 homi-

960 1295 1071 1331 nibus
1114 1291 1341 1328 habentibus
1376 1290 1597 1326 charitatem
1639 1287 1703 1324 Dei
1728 1314 1738 1332 ,

959 1353 1042 1388 quie
1064 1340 1251 1387 praecipue
1272 1339 1307 1374 in
1330 1338 1503 1373 columba
1529 1340 1598 1381 est,
1622 1334 1739 1381 Spiri-

960 1394 1038 1425 tum
1064 1391 1243 1424 Sanctum
1267 1397 1348 1421 esse
1373 1384 1604 1429 designaret.
1634 1381 1739 1418 Unde

960 1438 1232 1481 chrysostomus
1256 1446 1266 1468 :
1291 1448 1306 1466 «
1328 1433 1413 1468 Ideo
1432 1435 1557 1467 autem
1580 1429 1740 1475 Spiritus

960 1485 1120 1520 Sanctus
1144 1480 1306 1527 speciem
1339 1478 1524 1514 columbae
1561 1475 1740 1521 suscepit,

959 1529 1137 1576 quoniam
1176 1539 1252 1573 prae
1299 1526 1472 1562 omnibus
1514 1522 1743 1560 animalibus

959 1579 1039 1613 haec
1057 1576 1189 1611 cultrix
1208 1578 1263 1610 est
1284 1572 1490 1609 charitatis.
1514 1572 1655 1607 Omnes
1678 1580 1742 1606 au-

958 1628 1034 1660 tem
1056 1622 1199 1669 species
1217 1620 1490 1668 Justitiae,quas
1505 1619 1646 1654 liabent
1666 1626 1742 1653 ser-

957 1671 993 1707 vi
1026 1671 1090 1707 Dei
1128 1670 1166 1705 in
1203 1668 1376 1711 veritate,
1405 1669 1565 1713 possunt
1599 1665 1742 1700 habere

958 1718 1056 1755 servi
1084 1715 1225 1753 diaboli
1256 1716 1294 1751 in
1322 1714 1585 1756 simulatione3
1621 1711 1742 1748 solam

957 1770 1083 1803 autem
1101 1763 1325 1801 charitatem
1347 1761 1472 1799 Sancti
1490 1760 1649 1807 Spiritus
1666 1768 1743 1794 non

957 1816 1083 1859 potest
1128 1811 1344 1847 immundus
1392 1809 1546 1856 spiritus
1585 1805 1738 1842 imitari.

959 1861 1046 1897 Ideo
1083 1870 1173 1905 ergo
1213 1860 1308 1894 hanc
1352 1858 1536 1904 privatam
1576 1853 1742 1901 speciem

958 1907 1153 1944 charitatis
1174 1906 1243 1942 sibi
1266 1904 1428 1941 servavit
1461 1902 1622 1949 Spiritus
1643 1902 1740 1938 San-

959 1959 1054 1998 ctus,
1092 1954 1180 1999 quia
1208 1963 1275 1999 per
1316 1951 1456 1987 nullius
1484 1948 1741 1986 testimonium

959 2001 1013 2037 sic
1033 2000 1272 2046 cognoscitur
1292 1999 1353 2034 ubi
1382 2002 1438 2034 est
1465 1996 1626 2043 Spiritus
1653 1996 1742 2031 San-

960 2052 1055 2091 ctus,
1080 2048 1173 2083 sicut
1202 2057 1268 2092 prr
1294 2045 1454 2091 gratiam
1488 2042 1696 2079 charitatis.
1721 2055 1738 2072 n

960 2097 1004 2131 Et
1022 2096 1226 2131 secun-lum
1241 2094 1416 2128 eumdem
1433 2093 1740 2135 Chrysostomum,

960 2142 1163 2188 respondet
1195 2141 1306 2175 otiam
1343 2144 1471 2186 ligura}
1502 2136 1648 2174 Veteris
1674 2138 1742 2172 Te-

944 2189 1149 2236 stamenti.
1164 2188 1263 2225 Sicut
1276 2187 1373 2222 cuim
1392 2187 1427 2222 in
1445 2185 1584 2222 diluvio
1599 2184 1742 2220 colum-

961 2238 1009 2273 ba
1033 2246 1233 2282 apparens,
1262 2239 1297 2271 et
1324 2244 1468 2270 ramum
1493 2232 1647 2269 virentis
1672 2232 1741 2268 oli-

961 2295 1016 2319 va:
1053 2284 1243 2326 deferens,
1284 2281 1448 2317 ostendit
1481 2283 1629 2326 signum
1666 2279 1741 2315 cle-

961 2330 1111 2367 mentiae
1142 2329 1220 2374 Dei,
1245 2329 1302 2365 liis
1333 2329 1394 2375 qui
1422 2328 1562 2365 residui
1593 2328 1744 2363 suerunt

962 2390 1004 2415 ex
1025 2377 1132 2424 aquis
1151 2377 1293 2419 diluvii,
1317 2381 1353 2411 ot
1372 2386 1522 2412 omnem
1542 2375 1645 2411 orbis
1671 2378 1745 2410 ter-

961 2436 1087 2462 rarum
1101 2424 1415 2471 tranquillitatem
1426 2422 1661 2460 annuntiavit
1672 2433 1680 2464 ;
1692 2421 1744 2456 ita

962 2477 999 2510 et
1026 2483 1138 2517 nunc,
1161 2472 1197 2508 in
1222 2471 1427 2518 Baptismo,
1451 2470 1604 2506 veniens
1627 2467 1743 2514 Spiri-

962 2524 1022 2556 tus
1049 2522 1205 2557 Sanctus
1227 2521 1294 2555 sub
1321 2519 1503 2555 columba·
1525 2516 1663 2563 specie,
1689 2525 1746 2550 os-

964 2567 1086 2604 tendit
1110 2567 1259 2612 signum
1275 2566 1411 2602 ‹lix-ime
1427 2566 1650 2607 clementiae,
1670 2573 1745 2609 qua

963 2615 1100 2651 virtute
1124 2614 1364 2661 Baptismatis
1386 2617 1421 2649 et
1443 2616 1594 2659 peccata
1619 2610 1745 2647 remit-

964 2662 1020 2707 tit,
1041 2666 1077 2699 et
1091 2662 1251 2709 gratiam
1275 2662 1478 2702 ‹·onl'ert,et
1500 2659 1742 2695 liberatorem

964 2709 1074 2747 nobis
1107 2710 1386 2751 demonstrans,
1412 2718 1477 2753 pro
1504 2717 1608 2742 ramo
1635 2705 1744 2742 olivae

963 2757 1207 2805 adoptionem
1229 2756 1392 2792 divinam
1423 2753 1553 2800 generi
1578 2754 1745 2790 humano
