1902 3126
696 134 751 169 DE
788 134 1010 170 BAPTISMO
1047 136 1223 170 DOMINI.
1730 133 1783 169 181

808 349 991 396 CAPUT
1027 349 1131 395 XXI

732 494 782 522 DE
813 494 1008 524 BAPTISMO
1032 494 1185 523 DOMINI.

456 618 622 656 Matthaei
643 630 725 667 cap.
747 620 811 664 111,
834 619 950 656 Marc.
972 628 1055 666 cap.
1078 618 1092 654 1
1114 620 1152 654 et
1177 618 1286 654 Lueoe
1312 627 1394 664 cap.
1415 618 1479 654 111.

192 777 205 800 ι
230 762 345 799 Locus
366 763 535 798 Bnrrism
563 763 723 799 C11nisr1.
746 782 792 789 —
817 762 926 798 Com—

140 809 252 858 pletis
270 813 396 846 autem
415 809 543 855 viginti
561 820 694 845 novem
713 809 821 845 annis
836 813 926 845 aeta-

142 857 191 894 tis
226 868 318 901 suae,
340 857 475 902 quibus
509 856 690 893 Dominus
727 858 836 893 Jesus
876 856 929 892 sie

141 915 298 952 poenose
319 908 355 940 et
381 905 525 949 abJ'ecte
552 903 707 948 vixerat,
736 907 782 945 et,
811 903 927 949 trige-

141 951 236 989 simo
257 952 335 997 Jam
360 951 522 997 incepto,
543 952 684 994 factum
717 955 768 986 est
789 953 828 986 z'n
848 952 926 986 die-

143 1000 208 1036 bus
234 1001 325 1040 illis,
347 998 487 1035 scilicet
508 998 643 1043 quibus
664 1000 830 1034 Joannes
857 999 926 1034 ba-

139 1046 303 1094 ptizabat
316 1050 350 1082 et
361 1045 602 1092 praedicabat,
612 1048 814 1091 antequam
829 1045 928 1081 clau-

140 1094 293 1131 deretur
311 1093 347 1129 in
378 1103 541 1137 carcere,
567 1092 657 1129 dicit
682 1095 791 1129 Jesus
818 1091 925 1128 Matri

139 1151 231 1186 suae,
270 1141 358 1187 quia
392 1144 539 1186 tempus
577 1143 634 1176 est
670 1144 710 1176 ut
744 1140 856 1176 vadat
889 1142 927 1175 et

140 1188 340 1236 glorificet,
373 1193 486 1234 atque
523 1187 738 1223 manisestet
774 1188 925 1223 Patrem

141 1246 266 1280 suum,
291 1239 329 1272 et
349 1246 388 1272 se
409 1235 548 1271 mundo
569 1235 757 1279 ostendat,
781 1234 843 1280 qui
863 1234 927 1270 diu

142 1282 320 1327 latuerat,
343 1286 378 1319 et
399 1286 575 1329 operetur
596 1282 808 1318 animarum
832 1282 929 1317 salu-

142 1333 234 1375 tem,
255 1341 323 1376 pro
350 1341 423 1376 qua
447 1331 555 1365 Pater
577 1329 697 1376 ipsum
726 1330 798 1365 hue
820 1329 929 1364 mise-

143 1381 216 1414 rat.
239 1379 284 1414 Et
303 1381 519 1413 reverenter
533 1388 573 1412 se
595 1377 793 1412 licentians
805 1377 851 1412 ab
868 1387 927 1420 ea,

143 1428 181 1461 et
202 1424 356 1461 nutritio
391 1436 457 1460 suo
483 1425 634 1470 J‹›scph‚
662 1427 761 1459 venit
782 1426 884 1459 Jesus
907 1435 930 1458 a

139 1473 328 1511 Nazareth
363 1472 536 1511 Galilaeae,
565 1472 625 1507 ubi
661 1470 823 1507 nutritus
849 1471 928 1506 sue-

142 1523 216 1563 rat,
249 1530 332 1566 quae
367 1523 539 1565 respectu
565 1519 774 1555 Jerusalem
800 1522 856 1554 est
882 1517 930 1553 ad

140 1565 386 1613 Aquilonem;
407 1570 444 1602 et
464 1565 530 1601 ivit
551 1576 680 1601 versus
701 1566 823 1601 locum
841 1566 928 1601 Jor-

139 1613 263 1657 danis,
297 1613 359 1649 ubi
392 1615 559 1649 Joannes
596 1612 824 1658 baptizabat,
853 1623 929 1647 non

138 1661 254 1706 longe
273 1670 296 1696 a
321 1660 485 1703 Jericno,
508 1670 592 1705 quae
621 1663 794 1706 respectu
821 1660 927 1695 Jeru-

139 1707 257 1745 salem
291 1711 347 1743 est
379 1707 427 1743 ad
454 1707 662 1743 Orientem.
693 1708 744 1742 De
776 1706 927 1742 Jerieho

139 1754 256 1799 enim,
293 1754 467 1791 similiter
506 1754 554 1790 ad
593 1754 800 1795 Orientem,
841 1757 929 1789 sunt

139 1801 247 1850 quasi
264 1802 338 1838 duo
356 1801 532 1837 milliaria
547 1813 664 1848 usque
677 1802 723 1838 ad
745 1801 928 1847 capellam

138 1849 258 1887 sancti
274 1849 449 1893 Joannis,
470 1848 531 1885 ubi
556 1849 635 1895 ipse
656 1849 866 1893 habitabat,
891 1852 929 1884 et

139 1897 229 1934 inde
254 1896 359 1942 quasi
391 1907 508 1931 unum
543 1896 718 1940 milliare,
740 1907 858 1942 usque
879 1896 927 1932 ad

141 1944 265 1981 locum
287 1943 477 1986 Jordanis‚
508 1943 568 1979 ubi
597 1943 766 1979 Christus
792 1943 929 1979 dicitur

140 1990 352 2038 baptizatus
370 1990 467 2025 inter
488 1991 621 2025 Ennon
644 1994 681 2026 et
703 1989 832 2034 Salim,
851 2001 927 2026 non

141 2039 256 2084 longe
285 2048 307 2074 a
335 2041 462 2074 monte
502 2037 642 2073 Gelboe
666 2037 702 2072 in
730 2037 926 2081 Bethania,

142 2096 228 2132 quae
277 2088 333 2121 est
376 2094 491 2131 supra
536 2084 740 2120 Jordanem
759 2112 768 2128 ‚
806 2084 927 2120 tribus

140 2132 258 2170 leucis
281 2133 327 2169 de
347 2132 512 2176 Jericho‚
539 2132 604 2167 sed
625 2131 771 2167 duabus
793 2131 838 2167 de
865 2142 926 2167 ca-

140 2180 240 2228 pella
260 2179 377 2216 sancti
395 2178 566 2223 JoanlliS,
586 2178 793 2214 secundum
810 2180 929 2214 Remi-

140 2230 256 2273 yium‚
284 2227 372 2273 quia
397 2227 552 2263 Galilaea
573 2227 866 2270 ωἀηειηίᾳναείο,
891 2229 929 2262 et

139 2274 314 2312 Jordanis
338 2275 528 2310 descensus
549 2273 830 2319 interpretatur.
856 2274 928 2309 Per

141 2322 215 2359 hoc
237 2321 338 2367 quod
365 2323 474 2358 Jesus
502 2321 548 2357 de
572 2320 726 2357 Galilaea
753 2319 853 2356 venit
879 2321 927 2356 ad

140 2368 359 2412 Jorctanem,
370 2368 711 2413 significaturquod
721 2368 802 2413 ejus
815 2378 929 2404 mem-

140 2416 224 2461 bra,
262 2415 291 2451 si
320 2415 435 2452 velint
462 2415 656 2461 baptizari,
683 2419 719 2450 et
745 2425 812 2461 per
838 2426 926 2461 gra-

138 2463 230 2500 tiam
260 2462 391 2507 lavari,
418 2467 566 2509 oportet
595 2474 640 2499 ea
663 2462 926 2508 transmigrari

139 2511 186 2547 de
210 2509 309 2545 vitiis
336 2511 384 2546 ad
410 2510 578 2554 virtutes,
600 2514 638 2546 et
663 2510 927 2546 descendendo

140 2557 348 2595 humiliari.

191 2619 209 2641 2
229 2605 303 2642 Cun
338 2616 435 2641 Amo
469 2616 659 2640 Tmesssmo
690 2617 764 2642 snas
797 2616 928 2640 muns

141 2664 356 2689 nAPnzATcs
374 2664 500 2689 rur-„nir
517 2653 692 2689 Cuiusrus
705 2654 722 2689 ἱ)
738 2674 783 2679 -
802 2654 846 2689 Ut
865 2663 930 2688 au-

142 2703 218 2737 tem
237 2699 290 2737 ait
316 2701 443 2736 Beda:
469 2714 485 2733 «
508 2701 616 2737 Jesus
643 2710 831 2737 annorum
857 2699 928 2736 tri-

142 2746 246 2795 ginta
292 2747 526 2795 baptIzatus,
565 2747 720 2795 incoepit
762 2747 930 2796 apertius

1004 760 1112 807 signa
1150 760 1273 796 facere
1314 762 1350 795 et
1387 758 1537 801 docere,
1583 757 1793 805 legitimum

1005 811 1152 854 tempus
1169 807 1386 851 ostendens,
1397 806 1455 842 his
1468 805 1528 852 qui
1544 816 1695 841 omnem
1709 810 1797 841 :eta-

1006 859 1097 899 tem,
1124 855 1180 891 vel
1204 855 1251 891 ad
1273 853 1540 890 sacerdotium.
1567 853 1623 889 vel
1652 854 1699 888 ad
1726 854 1796 889 ‹lo-

1005 903 1164 939 cendum
1181 906 1317 949 putant
1334 904 1598 947 opportunam.
1622 902 1695 936 Nee
1710 911 1797 936 con-

1005 954 1064 987 tra
1111 950 1182 986 hoc
1235 959 1387 985 movere
1430 947 1646 994 quempiam
1685 948 1799 984 dehet

1004 998 1105 1043 quod
1140 996 1338 1040 Jeremias,
1379 999 1492 1041 atque
1533 995 1666 1030 Daniel
1707 1005 1796 1040 pro-

1003 1044 1140 1091 phetiae
1181 1043 1361 1089 Spiritum
1404 1042 1509 1088 pueri
1553 1045 1797 1088 acceperunt,

1005 1092 1092 1138 quia
1117 1091 1297 1127 miracula
1328 1090 1367 1126 in
1398 1088 1608 1135 exemplum
1637 1089 1799 1135 operati-

1004 1138 1087 1175 onis
1113 1150 1190 1174 non
1225 1141 1312 1174 sunt
1340 1137 1537 1173 trahenda.
1565 1136 1799 1172 Tricennalis

1005 1190 1131 1223 autem
1156 1184 1334 1231 baptizati
1358 1183 1562 1221 salvatoris
1591 1188 1682 1219 [etas
1706 1194 1799 1219 con-

1004 1233 1160 1270 veniens
1193 1232 1275 1276 suit,
1299 1237 1336 1268 et
1363 1231 1472 1267 nobis
1494 1231 1682 1274 convenit,
1709 1241 1798 1276 pro-

1006 1284 1089 1328 pter
1122 1279 1341 1327 mysterium
1367 1278 1574 1321 Trinitati5‚
1601 1282 1637 1314 et
1662 1287 1797 1323 opera·

1006 1329 1149 1364 tionem
1184 1327 1372 1373 Decalogi.
1403 1326 1470 1370 Qui
1505 1337 1594 1371 ergo
1629 1325 1798 1370 baptiza·

1007 1379 1082 1419 tur,
1105 1375 1160 1411 vel
1182 1376 1322 1420 gaudet
1348 1385 1388 1410 se
1420 1384 1501 1410 esse
1527 1372 1798 1418 baptizantum,

1007 1423 1228 1458 tricennalis
1249 1422 1297 1457 sit
1323 1421 1361 1457 in
1384 1422 1485 1456 hune
1508 1421 1675 1463 modum,
1698 1423 1739 1455 ut
1760 1419 1798 1455 in

1008 1470 1083 1505 fide
1112 1473 1253 1505 sanctae
1287 1467 1482 1505 Trinitatis
1516 1467 1719 1511 intelligat,
1761 1469 1799 1502 et

1008 1517 1195 1563 compleat
1230 1516 1458 1561 Decalogum
1487 1527 1497 1549 .·
1524 1528 1541 1546 n
1578 1515 1657 1549 lnce
1684 1514 1798 1550 Beda.

1008 1564 1074 1600 llic
1110 1574 1215 1609 ergo,
1253 1563 1459 1598 secundum
1496 1562 1702 1601 Rabanzam,
1739 1560 1797 1596 in-

1007 1610 1190 1647 struimur
1211 1610 1356 1646 nullum
1376 1609 1516 1645 debere
1546 1608 1798 1652 sacerdotem,

1007 1661 1071 1695 aut
1093 1658 1381 1704 praedicatorem
1411 1655 1509 1700 fieri,
1530 1655 1586 1691 vel
1622 1654 1800 1690 Ecclesiae

1007 1705 1164 1752 praelici,
1189 1704 1260 1741 nisi
1279 1703 1397 1739 virilis
1419 1707 1456 1740 et
1477 1704 1653 1749 perlectae
1675 1701 1799 1738 {etatis

1007 1753 1132 1790 fuerit.
1163 1752 1235 1789 Sed
1268 1752 1369 1787 heul
1403 1761 1502 1787 nune
1537 1751 1632 1786 tales
1668 1749 1798 1795 praeli-

1007 1800 1158 1837 ciuntur
1178 1798 1352 1847 regimini
1365 1798 1554 1841 Ecclesiae‚
1572 1797 1633 1843 qui
1652 1797 1797 1843 seipsos

1006 1848 1181 1884 nesciunt
1219 1857 1366 1893 regere,
1401 1846 1495 1882 tales
1528 1848 1798 1891 procuratores

1006 1894 1224 1942 patrimonii
1248 1893 1438 1938 crucifixi,
1462 1893 1525 1939 qui
1554 1902 1708 1928 suarum
1736 1901 1796 1927 re-

1009 1953 1093 1979 rum
1120 1946 1264 1978 tutores
1291 1952 1374 1977 esse
1405 1951 1480 1976 non
1506 1943 1685 1986 possunt;
1712 1937 1797 1974 aliis

1006 1990 1121 2026 etiam
1143 1999 1306 2035 praeesse
1328 1988 1472 2031 volunt,
1498 1986 1560 2032 qui
1586 1987 1797 2032 paedagogo

1007 2037 1131 2073 adhue
1151 2036 1334 2081 indigent.
1352 2034 1566 2071 Secundum
1586 2044 1673 2069 vero
1688 2034 1800 2077 Chry·

1006 2088 1202 2119 sostomum
1225 2096 1234 2118 :
1259 2097 1277 2115 «
1299 2081 1468 2128 Triginta
1487 2091 1671 2117 annorum
1695 2079 1799 2115 venit

1004 2133 1114 2167 Jesus
1135 2131 1182 2166 ad
1210 2129 1416 2175 Baptisma,
1435 2128 1522 2174 quia
1553 2127 1696 2163 scilicet
1713 2130 1799 2172 post

1006 2178 1199 2224 Baptisma
1221 2176 1329 2220 illud,
1353 2177 1489 2223 Legem
1515 2176 1690 2211 Veterem
1715 2177 1798 2210 erat

1007 2226 1216 2269 soluturus,
1253 2227 1457 2270 propterea
1484 2233 1602 2268 usque
1637 2221 1676 2257 in
1701 2222 1800 2257 hane

1007 2276 1172 2317 aetatem,
1212 2282 1297 2318 quae
1333 2270 1461 2307 omnia
1500 2273 1623 2316 potest
1661 2278 1798 2314 capere

1006 2323 1173 2367 peccata,
1200 2319 1239 2355 in
1276 2318 1383 2364 Legis
1419 2316 1684 2354 observatione
1711 2326 1797 2362 per-

1006 2367 1158 2412 mansit,
1177 2366 1299 2413 ipsam
1314 2365 1532 2402 universam
1554 2364 1731 2409 implens,
1750 2373 1797 2398 ne

1007 2415 1091 2462 quis
1116 2415 1273 2458 diceret,
1302 2413 1386 2449 ideo
1411 2413 1516 2448 illum
1545 2411 1700 2447 solvisse
1728 2411 1797 2445 Le-

1005 2473 1106 2508 gem,
1123 2462 1210 2508 quia
1225 2471 1310 2498 eam
1330 2471 1406 2497 non
1427 2459 1604 2496 valuisset
1623 2457 1794 2508 implere.

1007 2512 1213 2557 Propterea
1244 2508 1360 2555 igitur
1394 2517 1544 2543 omnem
1570 2506 1664 2540 hanc
1690 2504 1796 2540 Chri-

1006 2561 1086 2594 stus
1103 2555 1334 2603 exspectavit
1354 2559 1517 2596 aetatem,
1537 2563 1604 2599 per
1619 2562 1701 2597 qua}
1721 2560 1799 2585 om—

1007 2616 1054 2641 ne
1081 2608 1230 2651 tempus
1249 2603 1406 2650 Justitiae
1428 2599 1610 2646 implevit,
1636 2609 1678 2634 ac
1705 2601 1797 2650 ’tune

1006 2653 1162 2689 demum
1185 2651 1288 2688 venit
1313 2650 1361 2687 ad
1382 2649 1584 2695 baptisma,
1605 2656 1712 2691 quasi
1736 2655 1798 2680 eu·

1009 2700 1153 2736 mulum
1179 2699 1272 2735 illud
1299 2696 1442 2734 cunetis
1469 2691 1798 2731 observationibus

1008 2747 1119 2795 Legis
1133 2747 1336 2794 imponens
1351 2756 1359 2781 ε
1377 2758 1395 2779 »
1408 2744 1489 2780 haec
1503 2743 1794 2787 Chrysostomus.
