1861 3167
91 184 148 230 ta,
171 183 218 219 ut
234 180 568 221 Commentarios
588 179 634 218 in
653 179 858 231 PsalmoS,
878 184 974 232 etc.,
993 180 1083 221 haec
1101 181 1196 222 Vita
1214 181 1370 222 Christi
1393 181 1564 224 abunde
1588 182 1715 223 fidein

89 248 228 290 saciet.
252 250 329 290 Hic
355 255 499 289 tamen
529 248 631 290 libet
659 249 812 291 afferre
836 251 1182 294 doctissimorum
1211 254 1499 305 quorumdam
1524 254 1717 296 virorum

92 318 143 360 de
160 319 381 372 Ludolpho
404 320 568 362 Saxone
595 331 825 361 censuram
847 332 857 362 ε

531 510 593 550 Ex
624 522 830 551 eunomius
861 521 1063 550 nnnMANM
1096 522 1282 551 senonen.

144 663 392 718 Ludolphus
426 664 705 715 Alemannns‚
744 667 906 708 ordinis
936 667 1329 717 Carthusiensium,
1366 667 1484 708 Prior
1522 667 1720 718 Argenti·

91 735 254 786 nensis,
279 736 342 775 vir
374 736 566 776 doctrina
595 743 634 777 et
664 750 833 778 morum
852 739 1073 779 sanctitate
1099 739 1370 791 conspicuus,
1388 737 1468 778 hac
1491 737 1585 789 ipsa
1617 742 1722 778 tem-

91 810 252 856 pestate
286 807 519 858 peroptime
549 808 688 848 Vitam
717 809 889 849 Domini
918 810 1053 850 nostri
1081 809 1180 850 Jesn
1204 809 1360 850 Christi
1395 807 1566 859 egregio
1597 806 1721 849 volu-

91 878 225 928 mine,
263 882 303 918 et
335 880 520 931 quodam
560 881 717 922 coelesti
748 882 942 934 artificio,
979 883 1066 924 imo
1099 883 1240 935 potins
1276 881 1423 922 divina
1458 881 1722 922 revelatione

91 958 222 999 quam
256 950 413 1001 studio,
455 951 703 1004 fabricavit3
747 953 793 992 in
839 965 924 1004 quo
967 958 1078 993 certe
1118 966 1162 994 se
1204 952 1391 993 ostendit
1431 950 1721 992 venerabilem

91 1019 250 1069 virum,
295 1025 336 1060 et
371 1023 567 1061 omnium
606 1034 752 1063 rernm
792 1027 879 1064 tam
928 1025 1194 1076 divinarum,
1235 1037 1368 1078 quam
1405 1024 1718 1076 humanarum,

92 1094 133 1130 et
163 1091 439 1142 potissimum
472 1094 607 1144 ipsius
637 1094 737 1134 Jesu
768 1095 928 1136 Christi
959 1097 1069 1147 vitae,
1100 1101 1223 1148 prout
1255 1096 1391 1148 potnit
1424 1095 1592 1135 homini
1630 1105 1723 1136 esse

93 1162 307 1214 possibile,
331 1163 629 1215 plenissimam
650 1167 852 1208 habuisse
874 1169 1098 1217 notitiam;
1132 1169 1215 1209 alia
1248 1180 1419 1220 quoqne
1440 1166 1567 1208 lande
1591 1166 1724 1218 digna

93 1232 163 1274 hic
184 1233 361 1275 devotus
388 1242 516 1288 atque
543 1239 814 1279 venerandos
842 1241 964 1280 Pater
987 1240 1136 1283 edidit.

93 1426 155 1465 EX
190 1437 464 1468 SUPPLEMENTO
500 1441 765 1470 SUPPLEMENTI
803 1441 1078 1470 CHRONICORUM
1107 1442 1240 1471 JACOBI
1267 1442 1429 1471 PHILIPPI
1461 1440 1721 1477 BERGOMATIS,

481 1511 634 1540 ORDINIS
661 1513 919 1542 EREMITARUM
941 1513 1081 1542 SANCTI
1106 1513 1338 1543 AUGUSTINI.

150 1652 398 1704 Ludolphns
437 1654 757 1696 Cartlmsiensis
811 1656 1067 1706 monachus,
1112 1656 1286 1696 natione
1333 1653 1608 1706 Teutonicus,
1651 1664 1728 1705 pa-

98 1723 266 1775 triaque
287 1725 534 1776 Samnio-ns,
562 1726 625 1766 vir
655 1727 701 1766 in
725 1727 884 1767 divinis
920 1728 1150 1778 Scriptnris
1181 1727 1414 1767 admodum
1447 1725 1663 1766 studiosus
1687 1728 1727 1765 et

98 1794 308 1844 eruditus,
329 1795 513 1836 aliarum
533 1796 744 1837 bonarum
762 1797 1004 1838 litterarum
1026 1810 1112 1838 non
1140 1798 1334 1849 ignarus,
1362 1808 1436 1848 per
1456 1797 1536 1838 hoc
1557 1800 1727 1847 tempus

99 1865 212 1917 apud
233 1866 542 1916 Argentinense
564 1868 807 1908 coenobinm
828 1869 1028 1920 existens,
1063 1869 1199 1910 edidit
1224 1879 1395 1919 magnae
1419 1867 1656 1908 devotionis
1680 1877 1729 1907 ao

99 1936 321 1988 profundae
345 1937 597 1979 eruditionis
620 1940 818 1990 quaedam
840 1939 1041 1992 praeclara
1061 1939 1283 1992 opuscula,
1305 1940 1352 1978 in
1373 1938 1531 1990 quibus
1564 1936 1618 1977 ad
1638 1937 1726 1977 evi·
1783 1995 1786 2000 Α

102 2008 282 2048 tandum
316 2010 453 2049 otium
490 2010 717 2061 ingenium
761 2012 1013 2061 exercitans,
1053 2022 1211 2052 nomen
1247 2022 1377 2050 sunm
1414 2006 1730 2049 immortalitati

101 2080 371 2120 condonavit.
398 2081 431 2119 E
464 2081 620 2133 quihus
651 2087 785 2123 exstat
812 2083 1014 2124 volumen
1038 2094 1246 2136 magnum
1268 2086 1307 2122 et
1330 2081 1503 2132 insigne
1531 2079 1726 2133 quidem,

101 2150 215 2201 quod
235 2153 486 2201 praenotavit
510 2165 518 2192 z
538 2153 592 2193 De
619 2152 709 2194 Vttco
729 2154 1011 2205 ChristtJesu,
1033 2156 1081 2196 in
1115 2153 1241 2195 libros
1268 2152 1386 2201 daos,
1414 2151 1529 2203 quod
1550 2150 1725 2201 incipit:

102 2220 459 2264 Fundamentum
478 2224 619 2273 aliud,
641 2231 718 2266 etc.
743 2227 853 2266 Item
885 2225 1139 2278 perpulchre
1165 2239 1173 2265 :
1200 2223 1252 2264 In
1278 2223 1544 2264 Psaltert‘um
1570 2221 1730 2262 librum

102 2303 259 2333 imum.
293 2293 506 2334 Feruntur
539 2295 670 2334 etiam
704 2296 801 2336 alia.
834 2297 1045 2347 Regnavit
1080 2299 1224 2336 autem
1255 2306 1369 2336 anno
1400 2292 1572 2336 Domini
1610 2290 1727 2342 1334,

103 2364 184 2404 sub
201 2364 362 2406 Joanne
378 2365 490 2406 XXII
514 2367 642 2417 Papa,
666 2371 705 2406 et
726 2367 935 2408 Lndovico
958 2368 1120 2408 Bavaro
1138 2366 1417 2419 Imperatore.

318 2557 378 2596 EX
403 2568 607 2598 CATALOGO
626 2568 868 2599 SCRIPTORUM
889 2567 1272 2597 ECCLESIASTICORUM
1290 2566 1513 2596 TRITHEMII.

157 2712 404 2765 Ludolphus
433 2712 598 2754 ordinis
627 2712 948 2753 Carthnsiensis
979 2712 1024 2751 in
1055 2712 1180 2752 domo
1211 2709 1529 2762 Argentinensi,
1556 2711 1730 2748 natione

104 2785 380 2836 Teutonicus,
429 2784 634 2826 Saxonica
679 2787 794 2825 terra
839 2784 1064 2832 oriundus,
1110 2783 1174 2822 vir
1215 2783 1263 2823 in
1301 2781 1459 2822 divinis
1501 2779 1732 2831 scripturis
