1902 3126
596 189 647 224 DE
684 188 1029 223 CIRCUMCISIONE
1070 190 1245 224 DOMINI.
1701 193 1740 227 83

102 266 142 302 in
163 266 234 302 hoc
252 264 330 301 solo
352 261 506 299 nomine
527 259 687 296 salutem
711 258 881 295 obtinere

105 322 315 358 possumus.
347 309 450 346 Unde
478 308 524 344 de
561 317 601 343 se
632 306 713 353 ipso
747 305 836 342 dicit
872 317 881 341 ε

104 363 179 405 Eyo
201 370 281 396 sum
307 375 329 396 α
352 360 385 392 et
411 371 450 398 ω,
472 355 697 400 principium
726 357 759 390 et
785 355 883 399 finiS.

100 407 197 451 Quia
228 406 323 442 sicut
356 414 424 450 per
457 402 620 438 Verbum
656 401 887 437 aeternaliter

101 454 256 497 dictum,
279 450 404 489 omnia
430 449 709 497 producuntur3
738 448 791 484 sic
821 459 888 493 per

101 501 264 538 Verbum
300 497 403 535 carni
447 497 609 540 unitum,
643 499 884 544 reparantur,

102 549 370 595 promoventur
390 548 426 581 et
449 544 642 580 liniuntur.

146 598 167 630 5
187 595 377 632 SECUNDUM
404 602 604 628 MYSTEmUM
634 602 741 627 nesus
776 602 845 625 nusi
876 601 884 626 z

103 654 208 679 vium
241 652 429 677 smcnms
468 640 613 676 CHRiSTt
646 649 806 674 errusio.
842 657 888 664 —-

102 689 332 732 Secundum,
368 687 469 734 quud
495 685 607 722 hodie
646 686 785 722 sactum
816 689 886 729 est,

102 736 193 783 quia
207 736 321 782 coepit
334 735 445 771 hodie
461 735 642 771 Dominus
655 735 762 769 Jesus
779 743 887 769 suum

103 783 400 821 sacratissimum
427 780 648 828 sanguinem
683 791 751 826 pro
779 780 888 816 nobis

104 831 274 875 sundere,
297 841 381 867 cum
409 829 524 876 ipsius
545 838 632 864 caro
657 827 806 880 cultello
832 827 887 862 iu-

103 879 293 916 ‹·ideretur
321 877 483 924 lapideo.
513 877 748 922 Tempestive
776 876 889 920 coepit

104 927 181 973 pati
203 936 272 973 pro
296 926 419 969 nobis,
443 928 479 960 et
504 922 567 969 qui
589 926 786 969 peccatum
813 933 887 958 non

106 973 206 1018 lecit,
238 983 389 1020 poenam
425 970 538 1008 hodie
560 973 713 1016 portare
749 969 888 1015 incepit

106 1032 174 1068 pro
191 1020 355 1074 peccatis
376 1020 526 1055 nostris.
548 1018 629 1054 Nou
641 1017 763 1053 solum
785 1018 887 1053 enim

109 1080 142 1104 in
165 1067 277 1112 virili,
300 1068 365 1104 sed
387 1066 501 1103 etiam
526 1067 563 1101 in
587 1064 751 1101 infantili
777 1069 888 1101 aetate

106 1115 330 1162 sanguinem
349 1125 457 1151 suum
473 1124 540 1160 pro
551 1112 661 1149 nobis
672 1112 788 1148 voluit
802 1112 886 1148 sun-

105 1164 210 1199 dere.
233 1162 399 1198 Ploravit
425 1165 551 1198 autem
578 1171 672 1207 puer
690 1162 800 1196 Jesus
819 1161 886 1195 ho-

104 1211 181 1254 die,
203 1213 358 1256 propter
390 1210 560 1246 dolorem
584 1218 696 1254 quem
716 1207 752 1243 in
775 1218 887 1260 carn-e

105 1257 245 1301 sensit3
269 1267 356 1293 nam
383 1266 511 1292 veram
532 1265 685 1291 carnem
707 1258 744 1290 et
771 1265 888 1301 passu

107 1306 234 1350 bilem,
267 1304 362 1340 sicut
389 1303 504 1340 ceteri
536 1303 710 1339 homines
740 1303 885 1338 hahuit.

107 1353 194 1397 Sed,
210 1363 254 1389 eo
269 1352 455 1398 plorante,
467 1350 637 1387 credisne
650 1350 749 1396 quod
767 1354 888 1386 mater

107 1399 271 1446 potuerit
288 1400 473 1446 lacrymas
491 1397 708 1434 continere?
723 1397 887 1433 Ploravit

104 1458 212 1494 ergo,
236 1450 273 1483 et
293 1446 384 1492 ipsa.
410 1447 646 1492 Compatere,
670 1448 706 1480 et
724 1448 778 1488 tu,
802 1445 886 1488 sibi,

106 1499 141 1530 vt
168 1494 275 1541 plora
311 1493 425 1530 etiam
460 1503 545 1528 cum
572 1503 630 1536 eo,
660 1492 749 1538 quia
777 1492 888 1528 hodie

106 1542 186 1588 ipse
207 1541 355 1578 sortiter
375 1540 548 1588 ploravit.
574 1541 666 1575 Nam
691 1539 728 1575 in
754 1540 888 1575 solem-

105 1589 286 1626 nitatibus
307 1588 386 1624 istis
408 1587 567 1623 multum
589 1587 756 1632 gaudere
776 1587 887 1623 debe-

105 1647 200 1681 mus,
223 1639 379 1682 propter
397 1635 558 1671 salutem
579 1637 750 1670 nostram
771 1644 886 1680 quam

104 1683 295 1730 ‹iuaesivit3
320 1683 385 1719 sed
406 1682 565 1718 multum
587 1681 750 1728 compati
767 1686 803 1718 et
823 1682 888 1718 do-

106 1732 197 1776 lere,
230 1734 386 1778 propter
424 1740 510 1767 suas
546 1731 756 1775 angustias,
792 1740 886 1776 quas

106 1789 172 1823 pro
193 1778 301 1815 nobis
318 1777 509 1815 sustinuit.
532 1778 691 1813 Multum
708 1777 821 1813 etiam
843 1788 886 1813 ex

106 1828 176 1862 lioc
197 1826 378 1862 admirari
397 1825 579 1862 debemus
589 1824 886 1861 adtolerandum

106 1884 237 1920 poenas
271 1884 340 1920 pro
381 1872 546 1920 peccatis
583 1872 759 1919 propriis,
802 1883 886 1909 cum

104 1921 294 1957 cernimus
315 1920 437 1967 ipsum
458 1923 584 1956 tantas
616 1920 798 1957 tolerasse
820 1931 887 1965 pro

105 1968 252 2005 alienis.
277 1968 380 2005 Unde
408 1967 460 2003 ait
485 1968 695 2004 Rei-nardus
715 1981 726 2003 .·
753 1981 770 2001 «
799 1967 888 2011 Qu1s

108 2027 184 2052 uon
199 2017 397 2052 erubescat
410 2015 582 2067 refugere
594 2015 710 2051 multo
723 2014 888 2051 minores

107 2074 240 2110 psenas
259 2073 326 2109 pro
347 2066 509 2109 peccatis
529 2062 619 2106 suis,
634 2073 718 2099 cum
741 2062 888 2098 noverit

107 2111 299 2148 Christum
335 2114 442 2146 tanta
469 2110 683 2156 pertulisse,
714 2120 787 2145 non
821 2120 888 2156 pro

107 2158 198 2203 suis,
214 2158 280 2195 sed
298 2158 458 2194 alienis?
471 2171 486 2189 »
507 2159 550 2193 Et
571 2157 766 2193 sciendum
789 2157 888 2203 quod

105 2206 279 2243 Salvator
299 2216 362 2241 sex
382 2205 528 2242 vicibus
549 2205 645 2241 sudit
666 2204 889 2250 sanguinem

107 2264 216 2289 suum
236 2263 302 2299 pro
325 2253 434 2289 nobis
453 2268 460 2289 :
484 2252 620 2299 primo,
638 2252 674 2288 in
698 2252 890 2288 circumci-

106 2301 226 2344 sione,
241 2303 277 2336 et
294 2301 363 2336 hoc
382 2300 450 2336 suit
466 2304 603 2336 nostrae
621 2300 890 2346 redemptionis

108 2347 278 2390 initium;
299 2348 477 2392 secundo,
498 2347 537 2383 in
558 2348 743 2391 oratione,
764 2351 800 2384 et
821 2348 890 2385 hoc

109 2396 178 2431 fuit
194 2398 332 2431 nostrae
346 2394 618 2440 redemptionis
638 2395 887 2439 desiderium3

109 2443 235 2487 tertio,
256 2443 293 2477 in
318 2442 587 2489 flagellatione,
612 2447 649 2478 et
675 2446 824 2489 quarto,
852 2443 889 2479 in

109 2489 368 2533 coronatione,
398 2494 434 2525 ct
455 2490 524 2526 hoc
552 2490 617 2526 suit
643 2495 780 2526 nostra}
806 2491 888 2527 red-

110 2537 311 2584 emptionis
333 2539 506 2573 meritum
532 2549 539 2573 :
567 2537 656 2583 quia
681 2540 793 2573 livore
812 2539 890 2583 rjus

108 2587 233 2621 sanati
247 2595 394 2627 sumus‚·
415 2586 560 2631 quinto,
575 2585 610 2621 iu
631 2585 887 2630 crucifixione,

110 2636 142 2668 et
168 2633 237 2668 hoc
256 2632 321 2668 suit
345 2637 482 2668 nostrae
506 2633 775 2679 redemptionis
803 2645 890 2679 pre·

108 2679 216 2723 tium,
238 2683 328 2715 tunc
350 2680 450 2716 enim
476 2691 558 2726 qum
589 2692 663 2716 non
687 2682 809 2728 rapuit
827 2693 889 2718 ex·

108 2727 299 2770 solvebam
327 2730 443 2771 sexto,
467 2727 504 2763 iu
527 2728 655 2764 lateris
678 2728 887 2775 apertione,

110 2778 147 2810 et
173 2775 242 2810 lioc
270 2774 336 2811 suit
373 2780 510 2812 nostrae
542 2776 812 2822 redemptionis
835 2787 891 2813 sa-

110 2826 358 2867 cramentum,
378 2833 445 2869 per
471 2824 570 2870 quod
604 2823 793 2870 figuravit,
822 2835 890 2861 nos

958 269 1026 305 per
1045 270 1181 305 aquam
1204 261 1444 306 Baptismatis
1465 262 1603 300 debere
1630 272 1740 298 mun-

959 306 1055 351 dari,
1073 306 1301 352 quiquidem
1324 310 1532 355 Baptismus
1548 310 1742 347 habiturus

959 357 1039 390 erat
1065 354 1272 390 efficaciam
1293 366 1314 390 a
1329 357 1511 401 sauguine
1529 357 1679 394 Christi.
1698 377 1744 385 -

961 402 1033 437 Per
1047 400 1209 447 primum
1225 401 1404 437 docemur
1418 415 1486 439 nos
1501 404 1746 450 spiritualiter

960 448 1253 492 circumcidere,
1294 452 1331 484 et
1367 454 1522 494 peccata
1558 453 1742 498 abjicere;

961 506 1029 543 per
1049 495 1272 540 secundum,
1291 496 1428 532 mentis
1448 500 1657 543 angustiam
1677 510 1745 545 pro

962 543 1080 579 salute
1103 546 1232 579 nostra
1254 542 1460 585 sustinere;
1484 555 1550 590 per
1576 547 1744 592 tertium,

961 601 1114 627 carnem
1141 593 1310 627 nostram
1334 591 1510 634 domare;
1537 603 1606 638 per
1638 603 1747 639 quar-

962 643 1055 682 tum,
1075 637 1242 674 animam
1266 641 1435 674 nostram
1460 638 1662 676 virtutibus
1689 652 1748 676 or·

962 697 1076 729 nare;
1108 696 1177 732 per
1203 686 1389 732 quintum,
1419 687 1590 722 membra
1618 690 1746 724 nostra

963 733 1151 769 mandatis
1188 734 1254 769 Dei
1293 733 1430 779 ligare3
1475 744 1543 780 per
1586 738 1744 779 sextum,

962 781 1201 817 vulneratum
1226 791 1292 817 cor
1314 782 1350 816 in
1372 781 1556 818 charitate
1581 781 1647 818 Dei
1682 782 1747 818 ha-

962 829 1066 864 bere.
1079 827 1193 864 Vides
1202 838 1293 874 ergo
1304 827 1451 874 quoties
1461 828 1629 865 Christus
1638 840 1745 865 suum

963 875 1058 912 sudit
1094 875 1316 921 sanguinem
1335 884 1361 920 ‚·
1385 879 1539 921 propter
1576 880 1746 913 nostram

962 922 1265 970 redemptionem
1289 934 1298 959 t
1337 923 1401 960 uhi
1425 927 1552 959 tamen
1574 927 1662 960 sunt
1678 935 1748 961 no—

963 974 1049 1006 strae
1064 970 1255 1017 lai-rymae,
1270 970 1332 1006 ubi
1352 970 1602 1016 gemitus,ubi
1621 973 1747 1016 fletus,

962 1017 1026 1054 ubi
1054 1019 1262 1065 gratiarum
1284 1018 1468 1062 actiones,
1491 1029 1559 1065 pro
1583 1022 1660 1055 tam
1687 1030 1747 1055 co-

961 1066 1069 1112 piosa
1108 1065 1306 1111 sanguinis
1342 1065 1529 1102 effusione
1544 1066 1562 1101 ἰ)
1604 1069 1746 1109 Venite,

962 1114 1154 1149 adoremus
1187 1116 1220 1148 ec
1256 1114 1494 1158 procidamus
1527 1118 1616 1149 ante
1644 1125 1747 1159 eum,

962 1162 1186 1207 etploremus
1195 1171 1314 1196 eoram
1323 1162 1487 1202 Domino,
1499 1163 1564 1206 qui
1573 1163 1661 1205 fecit
1670 1173 1747 1203 nos,

963 1212 1094 1244 ettam
1122 1207 1273 1254 copiose
1300 1208 1484 1252 redemit,
1506 1212 1546 1244 ut
1573 1209 1672 1245 enim
1695 1209 1749 1246 ait

961 1256 1201 1292 Bernardus:
1233 1270 1251 1287 «
1280 1255 1497 1292 Suffecisset
1521 1256 1568 1292 ad
1603 1257 1749 1293 redem—

963 1303 1130 1350 ptionem
1152 1302 1256 1338 orbis
1275 1314 1349 1340 una
1369 1303 1634 1349 pretiosissimi
1663 1315 1747 1340 san-

963 1350 1088 1396 guinis
1115 1354 1235 1396 gutta,
1265 1351 1329 1387 sed
1354 1352 1443 1387 data
1470 1355 1526 1386 est
1562 1351 1683 1397 copia,
1706 1355 1748 1387 ut

965 1398 1001 1433 iu
1024 1397 1198 1434 beneficii
1221 1398 1528 1434 recordationem
1550 1398 1671 1434 virtus
1690 1399 1748 1434 di-

963 1445 1116 1491 ligentis
1161 1446 1387 1481 claresceret
1411 1473 1419 1489 ,
1461 1448 1607 1492 copiosa
1648 1446 1747 1482 enim

963 1493 1064 1539 apud
1085 1503 1163 1528 eum
1189 1493 1404 1538 redemptio.
1426 1505 1444 1525 »

1010 1543 1031 1583 4
1053 1539 1127 1577 Cim
1148 1552 1368 1576 cincnncisio
1387 1551 1574 1577 msrircm
1588 1541 1749 1577 rrenAT‘?

963 1608 1009 1614 —-
1031 1588 1076 1623 Ut
1097 1590 1223 1623 autem
1250 1587 1391 1623 dictum
1419 1591 1490 1633 est,
1512 1587 1607 1624 ritus
1631 1591 1667 1624 et
1691 1600 1748 1625 re-

962 1634 1052 1678 ligio
1075 1634 1374 1671 circumcisionis
1394 1636 1441 1671 ab
1463 1636 1658 1672 Abraham
1680 1646 1746 1683 pa-

961 1682 1128 1719 triarcha
1144 1682 1307 1728 sumpsit
1321 1682 1516 1719 exordium
1534 1695 1540 1727 ;
1566 1682 1654 1729 quia
1674 1683 1748 1730 pri-

962 1741 1047 1766 mus
1059 1729 1171 1766 unius
1188 1730 1253 1766 Dei
1273 1730 1469 1767 confessus
1486 1733 1541 1767 est
1558 1731 1687 1776 fidem,
1711 1735 1748 1767 et

962 1777 1000 1813 in
1025 1777 1173 1824 signum
1200 1778 1312 1824 hujus
1342 1777 1465 1824 primo
1497 1778 1642 1824 accepit
1675 1778 1747 1814 cir-

962 1824 1342 1871 cumcisionem,quae
1364 1825 1432 1861 suit
1448 1825 1597 1873 signum
1619 1825 1749 1862 distin-

962 1884 1083 1919 guens
1103 1873 1235 1909 fideles
1255 1874 1303 1908 ab
1326 1872 1558 1910 infidelibus.
1581 1874 1748 1910 Credens

963 1920 1065 1957 enim
1098 1921 1304 1964 Abraham,
1340 1921 1463 1956 adhuc
1488 1921 1525 1956 in
1562 1920 1747 1967 praeputio

963 1968 1125 2014 positus,
1157 1967 1278 2004 filium
1315 1978 1354 2004 se
1379 1967 1611 2013 habiturum,
1636 1979 1747 2014 quem

964 2017 1063 2052 Deus
1097 2015 1131 2051 ei
1165 2014 1353 2061 promisit,
1376 2015 1490 2059 hujus
1511 2014 1565 2051 rei
1598 2015 1748 2062 signum

963 2062 1293 2098 circumcisionem
1311 2062 1470 2109 accepit,
1495 2067 1537 2099 ut
1554 2064 1655 2109 quod
1672 2074 1752 2099 cre-

964 2111 1058 2146 dens
1075 2109 1305 2156 justificatus
1337 2110 1385 2146 sit
1411 2114 1644 2148 cerneretur.
1666 2110 1750 2147 Fuit

965 2169 1054 2203 ergo
1081 2158 1170 2194 data
1196 2161 1233 2194 et
1264 2156 1435 2194 instituta
1471 2158 1708 2195 circumcisio
1738 2170 1746 2194 :

964 2206 1101 2252 primo,
1123 2208 1279 2252 propter
1305 2205 1481 2241 meritum
1511 2205 1600 2242 fidei
1628 2207 1748 2242 Abra-

964 2255 1036 2297 hae,
1059 2257 1099 2289 ut
1123 2253 1218 2289 sicut
1251 2253 1327 2289 fide
1351 2253 1515 2290 distabat
1536 2264 1558 2289 a
1585 2253 1749 2290 nationi-

966 2302 1032 2337 bus
1047 2300 1197 2346 ceteris,
1209 2300 1261 2337 sic
1274 2300 1553 2338 distaretetiam
1565 2302 1672 2348 signo
1682 2301 1751 2336 cir-

965 2347 1219 2385 cumcisionis.
1246 2368 1292 2375 -
1317 2349 1505 2393 Secundo,
1530 2352 1568 2385 ut
1589 2349 1750 2396 populus

966 2395 1084 2442 quiex
1093 2396 1225 2433 eadem
1236 2396 1418 2442 progenie
1428 2396 1641 2433 nasciturus
1653 2400 1748 2439 erat,

964 2455 1033 2491 per
1072 2443 1368 2480 circumcisionis
1405 2444 1554 2491 signum
1589 2442 1753 2490 peculia-

965 2491 1019 2528 ris
1039 2493 1115 2528 Deo
1143 2495 1427 2536 agnosceretur,
1450 2495 1487 2527 et
1508 2492 1555 2528 ab
1581 2490 1667 2528 aliis
1690 2501 1753 2526 na-

965 2538 1133 2575 tionibus
1151 2539 1444 2583 discerneretur,
1457 2550 1498 2575 ac
1513 2549 1641 2575 semen
1654 2539 1748 2584 eius,

965 2586 1028 2633 qui
1043 2587 1202 2623 credens
1219 2588 1294 2623 Deo
1313 2587 1382 2622 hoc
1398 2586 1520 2632 ipsum
1537 2589 1750 2632 acceperat,

965 2645 1046 2671 esse
1069 2634 1242 2670 sciretur.
1264 2654 1310 2660 —
1332 2634 1470 2678 Tertio,
1492 2637 1530 2669 ut
1565 2632 1595 2668 si
1622 2632 1683 2679 qui
1705 2643 1749 2669 ex

964 2682 1097 2718 eodem
1120 2682 1259 2728 populo
1279 2681 1316 2717 in
1339 2681 1469 2727 praelio
1499 2679 1747 2726 corruissent,

966 2730 1034 2765 lior
1051 2729 1157 2777 signo
1177 2728 1476 2765 circumcisionis
1495 2727 1592 2764 inter
1610 2728 1749 2764 Gentes

965 2777 1119 2823 cogniti,
1139 2776 1227 2823 quia
1247 2777 1294 2813 de
1315 2776 1431 2822 stirpe
1449 2778 1579 2811 sancta
1597 2775 1751 2811 descen-

965 2825 1101 2862 derant
1123 2853 1131 2869 ,
1171 2824 1373 2871 sepultura:
1413 2823 1666 2859 traderentur.
1706 2824 1749 2858 Et
