1943 3141
116 167 155 200 74
638 167 782 201 PRIMAE
818 169 976 203 PARTIS
1013 169 1151 202 CAPUT
1188 168 1237 202 lx

119 241 249 272 contra
274 236 553 272 immundorum
581 236 778 283 spirituum
807 237 898 274 insi-

119 284 200 319 dias
221 294 371 319 servare
392 283 599 319 contendit.

170 334 209 373 14
238 332 386 365 Munna
412 342 583 366 COELESTIS
610 343 823 368 coxcsxrns.
853 354 899 358 —

118 379 177 416 Et,
202 387 284 412 cum
313 380 481 423 pastores
513 378 559 414 de
584 378 673 414 visis
699 383 736 415 et
761 379 898 415 auditis

120 423 360 467 mirarentur,
383 435 428 460 ne
453 424 560 461 unius
580 426 712 472 Angeli
732 430 769 462 et
791 426 898 462 testis

119 471 323 507 auctoritas
343 482 459 517 parva
478 472 681 517 videretur,
702 484 769 519 pro
789 473 896 519 signo

120 522 157 553 et
183 519 381 554 concordia
407 518 626 563 testimonii,
650 522 769 556 subito
796 523 897 564 facta

118 568 172 600 est
191 577 270 600 cum
289 566 442 610 Anqelo,
463 567 524 612 qui
546 571 736 613 tamquam
759 567 895 614 princi-

121 611 216 658 palis
254 612 353 648 inter
391 613 484 649 alios
520 614 759 650 nuntiaverat
801 616 896 650 nati-

121 658 275 695 vitatem
323 660 492 704 Christi,
525 662 720 696 multitudo
754 663 899 697 militiae

122 707 286 746 caelestis,
310 707 346 742 id
374 711 444 749 est,
466 708 710 753 Angelorum,
739 708 799 753 qui
831 719 897 744 no—

122 753 220 789 mine
248 754 389 790 militia}
423 755 683 800 designantur,
714 755 801 800 quia
830 765 897 800 pro

122 800 241 836 salute
298 801 490 837 hominum
532 812 613 837 cum
664 802 898 837 daemonibus

121 847 352 893 praeliantur.
383 849 462 893 Vel,
485 848 573 893 quia
602 853 710 885 natus
733 853 789 885 est
822 851 896 884 Rex

121 894 296 939 coelestis,
321 895 405 931 ideo
434 896 712 931 multitudinem
739 896 897 938 Angelo—

121 951 203 976 rum
233 942 384 977 nomine
420 942 562 978 militiae
594 943 784 989 designat:
809 943 896 988 quia

121 992 208 1023 vero
236 988 308 1024 dux
328 989 375 1024 ad
395 989 567 1034 praaelium
588 994 697 1025 natus
718 994 786 1033 est,
812 990 895 1025 ideo

120 1045 203 1071 eam
231 1036 433 1071 secundum
467 1036 578 1071 aliam
606 1037 770 1072 litteram
796 1047 897 1072 exer-

120 1082 233 1117 citum
278 1083 462 1128 appellat;
500 1084 732 1119 laudantium
769 1087 893 1124 Deum,

121 1139 289 1164 consona
317 1140 421 1173 voce,
443 1129 489 1165 de
520 1130 658 1166 Christ-i
685 1130 893 1174 nativitate,

118 1185 164 1211 eo
189 1175 288 1221 quod
308 1186 377 1221 per
396 1176 516 1222 ipsam
537 1177 704 1213 sciebant
724 1178 895 1213 homines

119 1221 169 1258 ad
192 1221 350 1258 salutem
375 1223 521 1267 deduci,
543 1228 579 1259 et
603 1224 751 1259 ruinam
777 1225 896 1266 Ange-

123 1268 247 1304 lorum
270 1269 463 1315 reparari;
485 1276 518 1306 et
550 1270 590 1306 in
616 1272 801 1306 honorem
829 1271 894 1307 Dei

118 1326 195 1352 una
219 1316 481 1353 benedictione
518 1318 715 1354 dicentium
737 1331 746 1353 :
770 1319 895 1354 Gloria

123 1365 161 1397 in
193 1364 388 1399 altissimis
419 1367 502 1406 Deo,
524 1365 562 1401 id
595 1369 665 1410 est,
699 1365 737 1401 in
770 1365 893 1407 coelis-3

124 1409 211 1455 quia
234 1409 318 1446 licet
332 1411 413 1456 ejus
424 1412 543 1457 gloria
561 1412 698 1458 ubique
716 1412 893 1456 reluceat,

122 1457 283 1493 maxime
320 1462 448 1493 tamen
488 1459 526 1494 in
568 1460 660 1495 coelo
696 1470 894 1505 empyreo,

121 1503 185 1539 ubi
207 1508 263 1539 est
284 1505 510 1550 Angelorum
533 1509 569 1542 et
590 1508 809 1542 Sanctorum
833 1507 896 1541 ha-

123 1550 280 1594 bitatio;
319 1556 355 1586 et
394 1553 499 1597 quasi
525 1554 637 1597 dicat,
659 1553 697 1589 in
730 1553 841 1589 terris
875 1564 897 1588 a

124 1597 251 1633 multis
284 1598 500 1644 despicitur,
533 1600 597 1636 sed
634 1600 672 1635 in
708 1600 812 1636 coelis
849 1601 895 1636 ab

118 1645 297 1680 omnihus
313 1646 556 1690 glorificatur.
576 1650 623 1683 Et
642 1650 680 1682 in
700 1651 797 1682 terra
820 1659 896 1693 pam

125 1692 343 1733 hominibus,
376 1704 449 1728 non
480 1694 797 1739 quibuscumque3
832 1695 895 1729 sed

125 1738 222 1773 bonae
244 1740 460 1781 voluntatis,
483 1741 622 1776 scilicet
639 1741 692 1777 eis
714 1741 774 1787 qui
799 1743 897 1777 hona

123 1785 313 1821 voluntate
329 1787 517 1823 Christum
534 1791 661 1823 natum
674 1788 894 1834 suscipiunt,

125 1842 200 1867 non
221 1838 519 1878 persequuntur:
540 1846 611 1870 non
626 1835 726 1870 enim
748 1841 801 1871 est
820 1847 896 1881 paoe

123 1880 262 1924 impiis,
299 1881 363 1915 sed
394 1892 471 1925 pua:
509 1884 626 1917 multa
655 1883 896 1926 diligentibus

118 1926 231 1970 leqem
251 1929 365 1968 tuam,
384 1928 552 1964 Domine.
570 1930 675 1973 Nam,
690 1930 895 1965 secundum

122 1974 272 2008 Leonem
295 1975 448 2020 Papam,
475 1976 686 2012 Christiano
709 1987 798 2012 vera
828 1988 896 2023 pax

122 2023 191 2063 est,
213 2030 234 2055 a
255 2021 317 2056 Dei
336 2022 527 2058 voluntate
553 2034 627 2058 non
655 2022 782 2065 dividi,
802 2028 838 2059 et
858 2024 895 2059 in

122 2066 180 2101 his
201 2067 290 2103 solis
315 2079 396 2113 quae
423 2069 486 2104 Dei
519 2074 605 2105 sunt
626 2070 816 2106 delectari.
839 2071 894 2107 Ad

123 2115 239 2149 Deum
278 2115 414 2161 quippe
457 2126 586 2161 pacem
628 2118 767 2153 hahere
785 2146 793 2161 ,
840 2122 896 2153 est

121 2160 215 2195 velle
237 2163 335 2206 quod
350 2163 471 2207 ‚juben
490 2167 526 2198 et
545 2164 642 2200 nolle
661 2165 759 2209 quod
771 2165 896 2210 prohi-

120 2206 205 2250 bet3
233 2218 302 2253 pax
330 2219 418 2254 ergo
456 2210 650 2247 nuntiatur
680 2211 895 2247 hominibus

119 2253 229 2290 bonae
260 2255 477 2299 voluntatis,
512 2256 549 2292 id
582 2261 651 2301 est,
680 2258 895 2294 hominihus

119 2300 242 2336 bonis.
260 2302 331 2337 Per
351 2302 557 2338 bonitatem
577 2304 677 2339 enim
691 2305 894 2341 voluntatis

118 2347 255 2383 dicitur
274 2349 387 2384 homo
415 2349 633 2395 simpliciter
655 2352 789 2395 bonus,
812 2363 892 2387 ma-

117 2393 175 2438 gis
202 2405 314 2440 quam
334 2406 402 2441 per
420 2396 627 2433 bonitatem
649 2398 806 2434 aliarum
826 2410 892 2445 po—

119 2441 319 2478 tentiarum
372 2444 507 2479 animae
538 2455 545 2479 :
584 2445 671 2490 quia
723 2446 894 2482 voluntas

118 2492 243 2524 movet
271 2489 364 2525 alias
390 2490 578 2535 potentias
597 2492 643 2527 ad
665 2495 769 2528 actus
790 2503 890 2537 suos,

114 2539 155 2570 >et
174 2535 259 2571 ideo
288 2536 436 2572 bonitas
475 2538 555 2583 ejus
591 2539 648 2574 vel
678 2539 822 2575 malitia
854 2540 891 2575 in

119 2593 250 2618 omnes
267 2583 360 2619 alias
375 2584 560 2620 redundat
580 2585 782 2631 potentias,
797 2586 892 2622 sicut

119 2628 314 2666 influentia
331 2641 452 2667 causae
467 2632 651 2668 moventis
664 2632 702 2667 in
719 2633 829 2669 motis
843 2634 890 2669 ab

119 2675 218 2721 ipsa;
238 2677 346 2713 malis
360 2681 485 2714 autem
503 2678 719 2715 hominibus
740 2691 816 2715 non
834 2683 890 2715 est

120 2733 204 2768 pax,
224 2724 313 2770 quia
329 2736 399 2760 non
422 2729 477 2761 est
490 2736 570 2772 pace
591 2728 732 2772 impiis.
750 2728 801 2762 Ex
818 2727 889 2762 hoc

116 2769 235 2807 etiam
261 2773 377 2808 verbo
396 2773 624 2820 Angelorum
645 2776 761 2820 patet,
788 2774 888 2819 quod

975 238 1038 274 illa
1067 249 1137 284 pax
1170 249 1252 284 quae
1280 238 1539 284 principaliter
1569 250 1636 286 per
1665 252 1752 287 pro-

974 287 1108 331 phetas
1119 285 1298 332 praedicta
1313 285 1381 321 fuit
1399 287 1523 322 sutura
1538 286 1575 322 in
1589 287 1752 325 adventu

975 332 1126 375 Christi,
1155 336 1235 368 erat
1266 343 1335 378 pax
1360 332 1519 369 interior
1548 335 1656 371 bonae
1687 346 1752 371 vo-

973 379 1145 423 luntatis3
1167 379 1254 425 quia
1275 381 1481 415 secundum
1499 381 1598 426 quod
1616 381 1754 419 dicitur

973 426 1012 461 in
1044 426 1256 462 Proverbiis
1279 437 1287 461 z
1309 429 1387 463 Non
1419 429 1652 464 contristabit
1670 429 1752 474 jus—

973 477 1061 515 tum,
1089 474 1276 518 quidquid
1305 476 1338 508 ci
1362 475 1566 520 acciderit3
1593 486 1664 521 pax
1686 486 1753 512 au-

974 524 1048 555 tem
1075 520 1308 566 temporaliS‚
1334 531 1417 566 quae
1439 521 1508 557 suit
1531 521 1566 557 in
1589 523 1752 559 adventu

975 566 1109 602 Christi
1130 594 1139 609 ,
1178 567 1319 612 pacatis
1363 568 1539 604 omnibus
1578 569 1754 615 gentibus

975 614 1044 649 sub
1084 613 1242 659 imperio
1283 616 1450 657 Romano
1471 643 1480 658 ,
1520 615 1590 651 suit
1632 616 1754 663 figura

974 661 1085 705 hujus
1111 660 1213 705 pacis
1242 660 1498 706 principaliter
1518 661 1686 699 intentae.
1709 664 1754 699 Et

974 708 1071 743 bene
1093 707 1229 742 dicitur
1244 707 1364 754 gloria
1383 709 1473 752 Deo,
1492 712 1529 744 et
1549 719 1619 755 pax
1630 709 1752 745 homi-

973 754 1106 796 nibus;
1134 754 1221 800 quia
1251 765 1316 799 per
1342 754 1531 790 Christum
1559 758 1615 791 est
1642 757 1753 793 Pater

975 801 1220 845 glorificatus,
1242 806 1279 837 et
1299 811 1369 846 pax
1395 802 1491 837 sacta
1511 802 1609 838 inter
1633 805 1750 840 Deum

975 848 1225 891 ethominem,
1236 859 1278 884 ac
1292 848 1580 894 interAngelum
1590 852 1625 886 et
1634 850 1752 886 homi-

974 905 1076 938 nem,
1102 899 1138 931 et
1161 895 1258 931 inter
1284 896 1455 931 Judaeum
1485 900 1522 931 et
1552 897 1751 933 Gentilem.

970 943 1181 977 Laudamus
1194 946 1238 982 te,
1253 943 1492 978 benedicimus
1506 946 1552 984 te,
1566 946 1654 989 etc.,
1668 954 1752 990 quae

972 993 1179 1033 sequuntur
1195 991 1230 1024 in
1247 990 1317 1025 hoc
1334 989 1493 1034 cantico,
1509 991 1674 1027 creditur
1692 990 1753 1027 Hi-

970 1035 1087 1071 larius
1108 1036 1321 1079 addidisse3
1345 1040 1381 1072 et
1407 1037 1628 1073 Anastasius
1649 1039 1753 1084 Papa

971 1084 1158 1118 secundus
1194 1083 1355 1119 instituit
1385 1084 1507 1129 ipsum
1541 1084 1686 1120 cantari
1711 1085 1751 1121 in

971 1129 1087 1166 missa
1125 1130 1256 1166 diebus
1292 1130 1494 1167 Dominicis
1528 1134 1564 1167 et
1591 1131 1749 1176 festivis,

971 1176 1058 1221 quia
1079 1182 1135 1212 est
1155 1178 1342 1213 canticum
1358 1178 1749 1225 gaudii‚jubilationis

970 1227 1007 1258 et
1030 1224 1299 1260 exsultationis.

1022 1275 1060 1306 15
1084 1272 1248 1307 ernirn
1274 1273 1438 1306 DOMINICI
1454 1283 1617 1308 xxmms.
1634 1292 1680 1299 --
1697 1273 1750 1309 De

970 1318 1109 1364 gaudio
1141 1319 1251 1364 hujus
1289 1318 1363 1353 diei
1390 1318 1479 1354 dicit
1512 1319 1751 1356 Cassiodorus

971 1375 1083 1410 super
1120 1364 1213 1400 illud
1252 1365 1390 1401 Psalmi
1423 1377 1431 1401 ε
1468 1368 1551 1402 Haec
1587 1371 1642 1403 est
1673 1367 1751 1402 dies

970 1423 1080 1455 quam
1109 1414 1197 1456 fecit
1222 1414 1410 1448 Dominus.
1431 1427 1449 1459 ς(
1470 1413 1585 1458 Licet,
1612 1413 1749 1460 inquit,

971 1460 1069 1494 Deus
1098 1463 1253 1495 cunctos
1283 1459 1364 1495 dies
1395 1460 1592 1504 creaverit,
1622 1461 1750 1507 singu-

970 1506 1100 1541 lariter
1120 1510 1246 1541 tamen
1274 1507 1374 1542 hunc
1399 1506 1499 1543 diem
1526 1507 1660 1544 fecisse
1692 1507 1751 1543 di-

971 1552 1080 1596 citur,
1104 1553 1163 1598 qui
1198 1553 1335 1589 Christi
1368 1553 1518 1589 Domini
1554 1554 1750 1591 nativitate

971 1603 1141 1635 sacratus
1162 1604 1231 1644 est,
1251 1601 1288 1635 in
1307 1611 1381 1646 quo
1408 1601 1542 1637 merito
1563 1602 1751 1638 exsultare

971 1646 1146 1682 convenit
1180 1651 1217 1682 et
1252 1647 1387 1691 laetari,
1422 1647 1601 1693 quoniam
1634 1648 1674 1684 in
1705 1659 1749 1684 eo

971 1694 1143 1729 diabolus
1162 1694 1338 1740 perdidit,
1358 1698 1394 1730 et
1415 1695 1573 1731 salutem
1590 1695 1750 1731 mundus

970 1741 1125 1786 accepit.
1151 1754 1167 1773 »
1191 1743 1234 1776 Et
1255 1742 1478 1786 notandum,
1501 1742 1600 1787 quod
1621 1742 1749 1778 multi-

970 1788 1060 1823 tudo
1073 1788 1236 1823 coelestis
1247 1789 1388 1833 Angelo
1404 1789 1591 1825 nuntianti
1608 1789 1750 1826 sociata

971 1838 1040 1877 est,
1065 1839 1105 1870 ut
1135 1835 1332 1871 multitudo
1363 1835 1570 1872 adveniens
1608 1835 1749 1873 dictum

969 1881 1102 1927 Angeli
1134 1882 1388 1918 confirmaret.
1414 1883 1517 1918 Unde
1544 1883 1749 1919 secundum

968 1930 1118 1972 Bedam,
1158 1940 1233 1965 uno
1273 1930 1558 1975 evangelizante
1590 1930 1748 1976 Angelo,

970 1976 1169 2011 multitudo
1192 1976 1228 2010 in
1250 1987 1454 2012 consonam
1483 1977 1633 2013 laudem
1659 1988 1748 2024 pro-

969 2022 1109 2068 rumpit
1141 2023 1343 2068 Creatoris,
1371 2028 1408 2060 et
1443 2024 1607 2060 officium
1640 2034 1748 2061 suum

970 2071 1045 2105 Deo
1067 2070 1301 2115 impendens
1325 2074 1359 2107 et
1385 2081 1453 2106 nos
1483 2071 1651 2117 exemplo
1679 2082 1747 2108 suo

969 2116 1174 2159 instruens,
1200 2121 1239 2153 ut
1269 2117 1416 2163 quoties
1442 2128 1587 2154 sacram
1620 2117 1746 2155 erudi-

968 2164 1109 2199 tionem
1145 2175 1188 2200 ex
1217 2164 1344 2200 fratris
1377 2175 1442 2200 ore
1473 2165 1661 2210 audimus,
1688 2165 1747 2201 vel

968 2210 1038 2256 ipsi
1061 2222 1142 2256 quae
1170 2211 1318 2257 pietatis
1343 2215 1442 2256 sunt,
1474 2211 1574 2247 intra
1600 2223 1668 2248 nos
1699 2212 1748 2248 ad

969 2262 1132 2293 mentem
1172 2259 1410 2302 reducamus,
1439 2261 1476 2295 et
1513 2258 1640 2294 statim
1670 2260 1746 2295 Deo

968 2305 1096 2340 laudes
1113 2306 1238 2349 corde,
1253 2317 1332 2349 ore,
1344 2309 1379 2341 et
1397 2306 1744 2352 operereddamus;

968 2356 1002 2387 et
1018 2356 1147 2397 aperte
1168 2353 1433 2388 demonstrans
1452 2353 1553 2399 quod
1571 2363 1637 2398 per
1650 2354 1748 2390 hanc

967 2399 1201 2435 nativitatem
1221 2400 1393 2435 homines
1414 2400 1462 2436 ad
1483 2410 1614 2446 pacem
1635 2399 1746 2436 unius

966 2446 1069 2490 fidei,
1105 2447 1199 2492 spei,
1224 2451 1261 2482 et
1287 2446 1514 2491 dilectioniS,
1547 2451 1659 2493 atque
1697 2447 1747 2483 ad

965 2493 1126 2538 gloriam
1172 2493 1309 2530 divinae
1351 2493 1578 2530 laudationis
1618 2496 1746 2530 essent

965 2541 1221 2576 convertendi.
1244 2541 1387 2578 Deinde
1407 2541 1654 2577 ascendentes
1671 2541 1745 2576 An-

963 2587 1035 2631 geli
1058 2587 1096 2622 in
1120 2587 1255 2624 coelum
1276 2599 1360 2624 cum
1376 2588 1496 2635 jubilo
1512 2591 1549 2623 et
1569 2586 1741 2631 canticis,

963 2633 1233 2670 nuntiaverunt
1244 2636 1323 2671 haec
1338 2635 1513 2671 similiter
1526 2633 1742 2670 convicibus

962 2680 1051 2715 suis.
1074 2683 1166 2717 Tota
1191 2681 1305 2727 igitur
1330 2692 1493 2728 superna
1514 2680 1617 2717 curia
1636 2681 1739 2717 exhi-

960 2726 1094 2773 larata,
1116 2739 1330 2775 magnoque
1352 2729 1445 2764 festo
1461 2728 1572 2771 facto,
1592 2738 1635 2764 ac
1655 2728 1742 2764 lau-

959 2773 1068 2811 dibus
1105 2779 1142 2811 et
1174 2776 1381 2821 gratiarum
1416 2774 1626 2812 actionibus
1661 2776 1742 2811 Deo
