1902 3126
142 149 204 184 168
654 149 797 183 PRIMAE
834 151 988 184 PARTIS
1025 150 1158 184 CAPUT
1195 149 1276 183 XIX

144 224 218 259 vile
237 219 402 257 osticium
424 220 491 254 est.
515 217 626 261 Quasi
636 218 735 255 dicat
754 231 762 255 :
786 221 827 256 ln
844 223 925 256 tan-

143 273 226 306 tum
261 272 317 303 est
338 268 424 301 ante
446 274 519 308 me,
548 268 587 300 ut
606 276 675 310 ego
697 277 818 312 neque
845 278 923 303 ser—

144 316 224 352 vire
243 314 291 357 ei,
315 322 434 357 neque
450 310 485 346 in
508 311 646 348 ultimis
668 312 923 350 ministrorum

147 363 228 409 ejus
241 359 365 396 vocari
379 358 513 404 dignus
527 358 616 402 sim;
630 359 925 396 calceamentum

147 408 249 446 enim
272 406 417 442 solvere
438 404 559 440 ultimi
587 405 746 442 ministri
774 418 833 443 res
855 410 922 443 est.

146 456 237 492 Cum
265 452 434 490 Christus
467 452 720 489 calceamenta
745 465 819 489 non
838 465 925 500 por-

145 500 296 543 taverit,
318 502 421 545 patet
436 499 535 544 quod
555 500 636 535 haec
656 504 712 536 est
733 501 925 546 metapho-

142 550 224 586 rica
240 546 395 589 locutio;
419 544 506 590 quia
520 547 687 582 Joannes
701 547 737 582 in
753 548 822 583 hoc
837 546 926 582 dicit

148 606 190 632 se
211 605 288 630 non
307 603 389 629 esse
410 592 564 637 dignum
587 593 760 629 exhibere
781 593 926 630 Christo

149 641 264 678 etiam
292 639 490 675 minimum
517 640 752 684 obsequium,
776 641 845 675 hoc
866 650 927 675 ex-

149 688 321 736 primens
355 686 557 721 secundum
596 697 834 722 communem
873 686 926 721 lo-

147 733 286 782 quendi
325 733 490 768 modum.
532 733 623 768 Cum
655 735 756 768 enim
790 732 926 777 aliquis

148 791 256 818 suam
276 779 512 826 parvitatem,
530 782 567 814 et
584 779 736 815 alterius
749 780 930 815 excellen-

146 829 241 864 tiam
262 827 339 862 vult
365 825 586 870 exprimere,
605 825 699 860 solet
720 825 928 861 communi-

145 878 206 911 ter
237 873 309 909 dici
351 884 359 907 :
386 873 464 907 Non
492 881 575 906 sum
616 872 749 914 dignus
772 876 931 917 tangere

149 924 333 957 sotulares
355 919 450 963 erS,
478 917 535 952 vel
569 917 669 953 aliud
699 918 927 963 hujusmodi.

149 969 225 1004 Nec
246 967 381 1002 mirum
405 964 435 999 si
450 965 615 999 Joannes
633 965 703 1000 hoc
717 965 821 1009 dixit,
843 965 930 1010 quia

149 1015 264 1050 homo
297 1014 639 1057 quantumcumque
661 1022 832 1057 magnus,
853 1013 928 1047 Deo

149 1062 403 1104 comparatus,
427 1056 520 1092 nihil
549 1061 606 1092 est
637 1057 709 1093 nisi
739 1058 861 1104 pulvis
895 1060 932 1094 et

148 1105 266 1148 cinis;
299 1115 367 1139 nec
397 1103 510 1139 etiam
531 1103 658 1149 aliqua
685 1109 857 1141 creatura
875 1108 932 1141 est

152 1152 268 1198 digna
285 1151 317 1186 ei
340 1150 493 1194 servire,
514 1150 586 1185 nisi
606 1162 674 1197 per
693 1152 854 1197 gratiam
875 1162 933 1188 as-

151 1203 337 1236 sumatur.
349 1198 420 1232 Per
433 1197 504 1232 hoc
518 1198 680 1234 ostendit
695 1199 807 1234 etiam
817 1201 932 1235 Joan-

149 1256 220 1282 nes
253 1244 344 1291 ipsis
383 1243 597 1288 Pharisaeis‚
633 1246 733 1290 quod
766 1246 933 1281 officium

150 1292 317 1330 alienum
343 1301 418 1326 non
446 1293 668 1338 usurpabat;
697 1292 763 1329 sed
791 1296 934 1328 tantum

150 1349 262 1376 suum
315 1337 509 1383 proprium
562 1339 748 1383 officium,
793 1339 936 1375 scilicet

151 1384 413 1433 praecursoris,
432 1386 642 1421 exercebat.
674 1386 793 1430 Unde,
807 1397 936 1422 secun-

152 1433 242 1469 dum
270 1432 495 1475 Gregorium,
533 1432 733 1479 allegorice
767 1444 834 1479 per
862 1433 935 1468 cal-

155 1482 409 1521 ceamentum,
437 1478 673 1523 humanitas;
702 1490 769 1526 per
805 1480 933 1526 pedes,

151 1525 295 1568 deitas;
334 1535 400 1570 per
432 1525 647 1570 corrigiam,
679 1526 766 1562 unio
796 1527 935 1562 calcea-

154 1576 385 1614 mentorum,
403 1571 543 1607 scilicet
563 1572 698 1608 animae
715 1577 751 1608 et
766 1572 933 1619 corporis

154 1619 203 1655 ad
221 1618 412 1660 deitatem,
427 1617 583 1664 intelligi
598 1622 720 1664 potest
736 1632 745 1654 :
764 1620 851 1665 quia
866 1630 934 1655 nec

154 1667 235 1712 ipse
258 1667 434 1707 JoanneS‚
458 1676 525 1700 nec
560 1666 693 1712 aliquis
719 1666 813 1702 alius
834 1666 935 1702 suffi-

154 1712 258 1748 ciens
285 1715 354 1754 est,
389 1711 446 1746 vel
481 1715 605 1758 potest
642 1715 861 1758 mysterium
897 1716 934 1748 et

155 1759 310 1795 modum
332 1757 431 1793 illius
452 1758 652 1795 ineffabilis
672 1760 824 1795 unionis
845 1760 934 1795 dua-

154 1816 241 1842 rum
280 1809 513 1849 naturarum,
551 1806 690 1842 scilicet
727 1806 862 1842 divinae
897 1809 934 1842 et

152 1852 344 1894 humanae,
381 1862 454 1896 qua
497 1853 651 1888 Verbum
683 1864 765 1888 caro
795 1855 933 1897 factum

154 1903 219 1937 est.
244 1899 428 1944 explicare
464 1899 520 1934 vel
549 1899 709 1945 aperire,
746 1911 829 1936 cum
852 1901 933 1935 haec

154 1945 244 1982 unio
296 1949 400 1980 tanta
439 1949 549 1989 esset,
594 1947 693 1992 quod
743 1947 933 1982 hominem

151 1992 284 2035 Deum,
326 1995 362 2027 et
396 1993 512 2027 Deum
549 1993 741 2029 hominem
780 1994 930 2029 faceret.

153 2039 261 2075 Unde
282 2038 397 2074 Isaias
422 2050 430 2073 ε
455 2039 724 2075 Generationem
751 2041 829 2085 ejus
850 2042 932 2086 quis

153 2086 365 2121 enarrabit?
391 2085 502 2128 Quasi
529 2087 670 2123 diceret
695 2098 703 2122 :
726 2087 855 2123 Nullus
875 2090 932 2123 est

152 2131 301 2177 dignus.
333 2131 399 2167 L'bi
428 2132 651 2176 Greqorius:
681 2147 698 2167 «
724 2135 803 2177 Qua
828 2134 866 2169 in
892 2145 932 2170 re

152 2178 390 2224 pensandum
402 2179 509 2214 nobis
530 2183 599 2224 est,
610 2181 799 2226 quomodo
815 2180 933 2216 sancti

152 2224 239 2268 viri,
264 2228 303 2260 ut
324 2224 543 2261 humilitatis
564 2226 600 2261 in
619 2238 659 2263 se
679 2227 855 2263 virtutem
875 2238 932 2263 cu-

152 2271 332 2313 stodiant,
373 2281 455 2306 cum
498 2274 669 2317 quaedam
711 2274 932 2310 mirabiliter

153 2317 288 2360 sciunt,
318 2317 409 2352 illud
427 2322 512 2354 ante
546 2320 680 2356 mentis
699 2322 825 2357 oculos
860 2325 933 2357 stu-

153 2364 244 2401 dent
266 2375 455 2408 revocare,
472 2366 572 2410 quod
588 2366 770 2411 nesciunt,
788 2372 826 2404 ut
842 2368 931 2404 dum

153 2421 198 2448 ex
232 2415 339 2457 parte
379 2411 504 2457 aliqua
540 2412 797 2450 infirmitatem
825 2425 931 2450 suam

151 2457 407 2501 considerant,
433 2468 476 2494 ex
496 2468 540 2494 ea
559 2463 664 2504 parte
686 2471 758 2506 qua
778 2462 931 2506 perfecti

152 2508 252 2548 sunt,
273 2515 404 2540 eorum
434 2515 474 2540 se
494 2505 641 2542 animus
671 2518 747 2542 non
766 2509 928 2544 extollat.

148 2552 280 2588 Restat
313 2562 416 2597 ergO,
440 2554 480 2587 ut
507 2553 543 2587 in
576 2563 686 2589 omne
721 2555 820 2599 quod
848 2555 929 2599 scit,

153 2608 237 2634 sese
267 2609 373 2634 mens
402 2598 601 2645 deprimat,
626 2610 671 2635 ne
694 2601 794 2646 quod
816 2600 931 2637 virtus

151 2645 319 2681 scienti-te
347 2649 564 2692 congregat,
592 2650 725 2683 ventus
759 2647 931 2683 elationis

149 2692 272 2728 tollat.
289 2693 378 2728 Cum
401 2693 514 2738 bona,
530 2693 678 2738 fratres,
694 2694 818 2740 agitis,
832 2705 929 2730 sem-

150 2748 219 2786 per
240 2739 288 2775 ad
299 2739 521 2777 memoriam
538 2740 637 2777 mala
650 2744 733 2777 acta
744 2744 928 2787 revocate,

1002 224 1043 257 ut
1057 221 1145 256 dum
1164 222 1269 256 caute
1287 218 1394 265 culpa
1415 218 1652 265 conspicitur,
1671 229 1778 256 num-

1004 278 1115 313 quam
1136 267 1181 303 de
1198 268 1295 303 bono
1317 276 1430 312 opere
1446 266 1596 302 animus
1615 266 1779 303 laetetur.

1004 314 1221 360 Superiores
1243 313 1400 348 invicem
1427 312 1616 358 proximos
1635 315 1782 349 vestros

1003 360 1199 403 attendite,
1228 359 1314 405 quia
1340 362 1376 395 et
1404 370 1497 405 quos
1523 370 1636 406 agere
1657 359 1783 405 aliqua

1005 418 1119 453 prava
1139 406 1365 452 conspicitis,
1394 417 1475 452 quae
1503 406 1539 442 in
1564 406 1618 442 eis
1641 406 1785 442 lateant

1004 455 1104 490 bona
1131 454 1294 489 nescitis.
1317 455 1405 496 Quae
1425 453 1511 489 licet
1536 454 1635 490 bona
1660 451 1787 489 adsint

1004 511 1133 546 opera,
1157 500 1258 535 nulla
1279 504 1378 543 sunt,
1407 500 1477 535 nisi
1500 511 1543 535 ex
1572 499 1786 536 humilitate

1005 547 1228 582 condiantur
1245 558 1253 581 ε
1274 547 1335 591 qui
1356 546 1454 582 enim
1474 547 1554 582 sine
1572 545 1786 583 humilitate

1005 593 1160 628 virtutes
1176 596 1392 637 congregat,
1411 594 1515 637 quasi
1528 593 1566 628 in
1583 596 1694 629 vento
1705 592 1785 640 pul-

1006 650 1131 675 verem
1151 642 1276 684 portat
1299 650 1307 673 :
1328 653 1346 670 »
1370 640 1448 674 haec
1471 640 1677 683 Gregorius.

1057 689 1096 721 15
1118 687 1376 721 ANNUNTIATUR
1399 686 1542 721 Cmusn
1570 688 1786 723 BAPTISMUS.

1007 753 1051 758 —
1086 732 1227 767 Deinde
1262 733 1428 768 Joannes
1449 732 1673 778 subJungit:
1706 734 1788 778 Ipse

1005 789 1068 814 vos
1097 779 1312 824 baptizabit,
1348 789 1422 814 non
1454 779 1576 814 solum
1607 779 1648 814 in
1673 788 1786 825 aqua,

1006 826 1072 861 sed
1113 829 1150 861 et
1197 827 1236 860 in
1271 827 1417 870 Spiritu
1452 827 1584 862 Sancto
1620 829 1654 861 et
1688 827 1786 870 igne,

1006 871 1166 918 gratiam
1188 871 1347 918 Spiritus
1370 872 1508 916 Sancti,
1533 875 1571 908 et
1593 871 1787 908 charitatis

1006 919 1249 962 conserendo,
1278 919 1377 964 quod
1402 929 1478 954 non
1497 922 1621 964 potest
1646 919 1785 963 facere,

1007 966 1077 1001 nisi
1104 967 1213 1001 Deus.
1239 967 1278 1001 In
1305 964 1494 1011 Baptismo
1521 965 1622 1001 enim
1649 965 1787 1002 Christi

1007 1012 1197 1049 confertur
1228 1011 1348 1057 gratia
1381 1012 1539 1058 Spiritus
1577 1011 1716 1057 Sancti,
1748 1014 1787 1048 et

1006 1070 1073 1107 per
1095 1059 1217 1105 ipsum
1244 1058 1340 1104 ignis
1362 1059 1568 1103 charitatis,
1598 1058 1629 1095 si
1660 1058 1786 1095 debite

1008 1106 1233 1152 suscipiatur
1270 1106 1327 1141 vel
1364 1106 1458 1142 obex
1494 1117 1567 1141 non
1601 1108 1784 1151 ponatur;

1007 1153 1214 1199 baptismus
1254 1155 1379 1188 autem
1411 1153 1565 1188 Joannis
1602 1153 1676 1188 ista
1708 1162 1787 1188 non

1007 1200 1238 1244 conferebat,
1251 1200 1315 1235 sed
1334 1199 1564 1245 Baptismum
1582 1199 1719 1236 Christi
1740 1197 1787 1235 si-

1008 1246 1224 1292 gnificabat,
1247 1250 1284 1282 et
1317 1246 1364 1281 ad
1392 1246 1516 1292 ipsum
1549 1246 1784 1292 disponebat.

1010 1294 1112 1329 Unde
1134 1295 1404 1338 chrysostomus
1426 1305 1436 1328 :
1463 1307 1482 1326 «
1502 1293 1612 1328 Aliud
1632 1292 1701 1329 fuit
1720 1293 1786 1329 ha-

1008 1339 1146 1386 ptisma
1170 1339 1340 1384 Joannis,
1367 1340 1468 1375 aliud
1500 1339 1662 1375 Domini.
1693 1338 1789 1376 Illud

1008 1387 1254 1433 poenitentiae,
1293 1387 1365 1422 hoc
1412 1385 1719 1422 sanctificationis
1751 1387 1788 1422 et

1009 1433 1156 1480 gratiae,
1179 1435 1216 1469 in
1238 1444 1312 1480 quo
1333 1436 1369 1469 et
1390 1433 1551 1480 Spiritus
1569 1434 1729 1470 Sanctus
1748 1433 1789 1469 in

1009 1491 1236 1526 unoquoque
1254 1481 1446 1525 credente,
1473 1481 1520 1516 ad
1544 1479 1790 1526 decoquenda

1008 1531 1174 1573 peccata,
1198 1528 1310 1563 modo
1338 1527 1436 1573 ignis
1467 1530 1646 1573 operatur
1672 1536 1789 1563 urens

1008 1574 1156 1618 delicta,
1175 1584 1340 1619 purgans
1361 1574 1492 1609 sordes
1508 1573 1631 1609 carnis
1652 1577 1689 1609 et
1709 1572 1787 1609 ani-

1008 1631 1091 1656 mae.
1124 1637 1136 1652 ιι
1168 1621 1272 1656 Unde
1299 1623 1335 1655 et
1357 1621 1456 1656 Beda
1478 1633 1488 1655 .·
1511 1634 1528 1654 (ι
1551 1620 1787 1666 Baptizamur

1008 1671 1133 1703 autem
1157 1678 1180 1703 a
1206 1667 1362 1702 Domino
1390 1667 1428 1703 in
1467 1666 1605 1713 Spiritu
1630 1668 1783 1712 Sancte,

1009 1725 1085 1750 non
1112 1715 1233 1750 solum
1260 1725 1343 1750 cum
1374 1713 1412 1749 in
1445 1713 1505 1749 die
1528 1713 1783 1760 Baptismatis‚

1008 1761 1111 1796 sonte
1129 1762 1212 1796 vitae
1224 1759 1533 1796 inremissionem
1546 1763 1788 1806 peccatorum
1820 1783 1824 1786 ⁴

1008 1808 1206 1852 abluimur,
1232 1818 1358 1843 verum
1376 1807 1489 1843 etiam
1508 1806 1689 1852 quotidie,
1703 1815 1788 1843 cum

1008 1865 1074 1900 per
1114 1854 1274 1900 gratiam
1312 1854 1480 1900 ejusdem
1523 1853 1711 1899 Spiritus,.
1739 1853 1789 1890 ad

1008 1902 1154 1946 agenda
1171 1912 1253 1947 quae
1270 1902 1345 1936 Deo
1359 1901 1520 1946 placent,
1533 1900 1786 1936 accendimur.

1008 1949 1070 1983 Est
1089 1958 1177 1992 ergo
1200 1947 1410 1993 Baptismus
1430 1946 1596 1983 fluminis
1617 1946 1655 1982 in
1673 1957 1786 1993 aqua,

1008 1995 1172 2030 flaminis
1196 1994 1235 2029 in
1261 1993 1497 2040 poenitentia,
1525 1993 1720 2040 sanguinis
1745 1992 1787 2030 in

1007 2041 1200 2087 martyrio.
1225 2054 1242 2074 »

1059 2092 1099 2131 14
1119 2089 1288 2124 Orricmii
1309 2087 1452 2123 CHRISTI
1484 2099 1521 2123 IN
1544 2098 1701 2124 SECUNDO
1719 2097 1785 2123 AD-

1005 2147 1134 2171 vENTu.
1165 2156 1211 2161 —-
1237 2134 1391 2177 Deinde,
1419 2138 1502 2180 post
1528 2132 1787 2170 testimonium

1004 2181 1161 2218 Joannis
1200 2182 1246 2217 de
1281 2181 1401 2227 primo
1437 2180 1572 2217 Christi
1606 2180 1785 2224 adventu,

1006 2228 1111 2265 addit
1139 2229 1252 2264 etiam
1278 2228 1324 2263 de
1352 2231 1532 2272 extremo,
1560 2227 1786 2263 auctoritate

1006 2279 1043 2311 et
1076 2274 1448 2320 ministeriOJudiciis
1475 2275 1663 2311 Christum
1683 2283 1784 2310 com-

1006 2323 1233 2366 mendando,
1261 2325 1298 2358 et
1323 2321 1469 2367 populis
1501 2320 1784 2366 comminando,

1007 2369 1135 2405 dicens
1165 2380 1173 2404 :
1206 2369 1316 2413 Cujus
1349 2369 1592 2404 ventilabrum
1617 2370 1656 2403 in
1674 2377 1786 2403 manu

1007 2417 1097 2461 ejus.
1123 2416 1400 2459 Ventilabrum,
1421 2426 1444 2451 a
1469 2413 1693 2451 ventilandis
1717 2423 1784 2461 pa-

1006 2463 1075 2499 leis
1106 2463 1245 2498 dictum
1269 2467 1339 2506 est,
1363 2466 1399 2498 et
1420 2466 1476 2498 est
1495 2462 1787 2498 instrumentum

1007 2520 1080 2556 quo
1102 2509 1141 2545 in
1161 2509 1361 2545 Palaestina
1382 2509 1527 2545 solebat
1545 2506 1697 2554 purgari
1707 2507 1787 2543 bla-

1006 2558 1108 2600 dum,
1141 2560 1178 2592 et
1209 2561 1265 2592 est
1299 2557 1437 2592 factum
1468 2556 1560 2591 sicut
1585 2555 1683 2601 pala,
1711 2563 1785 2600 qua

1005 2603 1203 2650 projicitur
1222 2614 1379 2649 granum
1405 2602 1520 2649 paleis
1542 2601 1783 2637 commixtum

1004 2651 1044 2685 in
1080 2650 1210 2695 altum,
1242 2654 1279 2686 et
1311 2653 1441 2686 ventus
1468 2648 1593 2695 paleas
1613 2647 1724 2691 tollit,
1745 2649 1782 2683 et

1003 2707 1163 2742 granum
1182 2696 1222 2733 iu
1258 2707 1347 2733 area
1379 2695 1490 2732 cadit.
1509 2697 1673 2732 Joannes
1689 2703 1780 2740 ergo

1004 2741 1778 2791 metaphoriceloquens‚perventilabrum,
