1902 3126
410 141 460 174 DE
498 139 672 174 OFFICIO
710 139 761 173 ET
799 139 900 173 VITA
937 139 1122 173 JOANNlS
1160 139 1397 174 BAPTISTAE.
1674 139 1731 174 153

98 212 242 249 fructus
283 209 512 258 poenitentiae
549 207 725 252 injungit,
764 217 876 252 super

99 259 238 306 quibus
249 257 428 295 Dominus
439 254 623 301 injudicio
636 253 874 300 disceptabit,

101 309 138 344 et
158 306 204 342 de
226 305 362 352 quibus
379 302 467 339 alibi
486 301 575 337 dicit
597 313 605 336 ε
625 303 715 337 Date
733 302 876 336 eleemo-

100 363 243 398 synam,
255 356 287 388 ει
301 361 376 387 ecce
386 351 507 385 omnia
518 349 653 383 munda
664 352 748 384 sunt
760 348 874 384 vobis.

101 400 206 437 Unde
219 399 340 435 Beda:
359 411 377 430 «
397 396 497 432 Ordo
511 395 741 442 praedicandi
760 394 875 441 aptis-

100 447 218 484 simus
240 449 310 487 est,
331 447 370 479 ut
389 446 473 489 post
496 442 757 488 poenitentiam
778 442 876 478 elee-

99 502 268 539 mosyna,
300 490 339 526 id
373 494 443 533 est,
479 500 572 535 opus
609 489 877 526 misericordiae

97 542 330 586 suggeratur.
369 537 434 572 Ille
471 537 573 572 enim
609 537 708 583 juste
743 547 765 572 a
803 539 876 572 Deo

97 585 298 634 poenitens,
311 588 352 620 ut
368 584 422 620 sui
437 584 671 628 misereatur,
688 584 877 630 impetrat,

101 632 164 680 qui
182 631 340 680 proximi
360 631 563 677 indigentis
583 636 763 676 quantum
781 631 880 666 valet

97 679 180 734 ipse
200 678 371 715 misereri
393 689 467 714 non
483 679 617 714 tardat.
637 678 758 724 Atqui
775 689 879 713 aver-

97 729 144 764 tit
162 736 293 763 aurem
315 727 421 761 suam
445 736 491 761 ne
512 725 638 761 audiat
660 735 878 771 pauperem,

99 773 221 811 oratio
248 773 330 819 eJus
353 772 425 808 erit
451 772 682 809 execrabilis.
712 772 816 808 Unde
843 775 881 808 et

97 822 263 858 Joannes
277 819 444 867 Baptista
457 830 542 855 cum
564 819 684 855 turbis
705 819 881 855 suaderet

98 879 147 905 ne
179 867 314 904 merito
351 878 427 903 suae
457 866 665 903 sterilitatis
693 866 880 912 inignem

99 915 353 958 mitterentur,
381 914 514 959 dignos
540 913 773 960 poeniteutise
803 914 879 949 sru-

101 965 183 999 ctus
217 973 300 999 esse
336 961 540 1005 faciendos,
563 971 647 996 mox
680 960 879 997 consilium

101 1009 234 1047 salutis
263 1008 520 1055 quaerentibus
551 1008 732 1054 adjunxit,
767 1011 880 1053 atque

103 1056 156 1094 ait
176 1068 184 1093 :
207 1056 276 1100 Qui
298 1057 411 1092 habet
432 1056 524 1092 duas
543 1055 702 1099 tunicas,
725 1055 786 1091 det
805 1065 880 1090 non

101 1103 277 1148 habenti3
297 1107 333 1140 et
354 1102 417 1149 qui
437 1103 549 1139 habet
569 1113 688 1146 escas,
707 1102 881 1138 similiter

101 1151 227 1188 faciat.
250 1164 270 1184 »
294 1152 394 1186 Inter
409 1151 487 1187 haec
507 1154 646 1194 autem,
667 1153 708 1186 ut
727 1150 778 1186 ait
796 1150 880 1186 Gre-

100 1201 240 1245 9orius,
253 1198 447 1234 sciendum
463 1203 518 1234 est
539 1202 718 1244 quantum
738 1196 882 1233 miseri-

101 1245 242 1288 cordiae
261 1256 378 1292 opera
392 1246 556 1289 valeant,
573 1256 655 1281 cum
671 1245 719 1281 ad
739 1246 882 1281 fructus

102 1293 239 1340 dignos
268 1292 500 1339 poeniteutiae
528 1293 609 1339 ipsa
635 1303 712 1338 prae
747 1291 882 1327 ceteris

100 1339 385 1388 praecipiuntur.
408 1342 451 1376 Et
470 1341 564 1376 bene
583 1339 811 1375 mentionem
831 1339 882 1374 sa-

105 1387 155 1424 cit
187 1387 234 1424 de
261 1387 389 1423 tunica
423 1391 460 1423 et
493 1398 596 1430 esca3
626 1387 713 1432 qnia
742 1385 880 1429 tunica,

105 1445 180 1481 qua
195 1434 354 1470 interius
369 1438 405 1470 et
422 1435 467 1469 de
483 1434 706 1470 necessitate
721 1433 883 1478 tegimur

103 1482 189 1529 plus
213 1492 326 1527 quam
346 1481 499 1527 pallium
522 1486 577 1516 est
598 1480 824 1524 necessaria,
847 1484 884 1515 et

105 1529 230 1566 adhuc.
255 1529 372 1574 magis
398 1528 610 1564 necessaria
631 1532 687 1564 est
708 1538 806 1563 esca.
828 1526 883 1562 Ad

104 1576 246 1612 fructus
272 1586 359 1621 ergo
381 1575 514 1621 dignos
539 1574 770 1621 poenitentiae
797 1584 882 1620 per-

104 1622 214 1667 tinet,
230 1626 357 1659 utnon
373 1622 558 1658 exteriora
569 1626 606 1658 et
618 1621 742 1657 minus
758 1631 884 1656 neces-

105 1669 220 1714 saria,
236 1670 301 1706 sed
317 1669 429 1705 etiam
447 1669 528 1715 ipsa
544 1669 650 1705 valde.
672 1667 884 1704 necessaria

107 1727 193 1754 cum
210 1716 392 1763 proximis
406 1716 617 1752 dividamus
628 1727 636 1751 ;
647 1716 748 1752 velut
762 1725 887 1751 escam

106 1774 182 1811 qua
192 1763 365 1808 vivimus,
377 1767 414 1800 et
425 1763 588 1800 tunicam
605 1763 882 1809 qua-vestimur.

107 1811 203 1848 Hine
228 1811 390 1847 habetur
416 1816 697 1857 argumentum,
724 1810 824 1855 quod
855 1808 885 1845 si

106 1859 252 1895 habens
263 1858 356 1894 duas
368 1858 528 1901 tunicas,
542 1857 758 1903 praecipitur
772 1867 884 1893 uuam

108 1906 199 1942 dare
219 1915 294 1941 non
315 1904 487 1947 habenti;
507 1915 596 1949 ergo
615 1904 730 1940 multo
753 1903 886 1939 fortius

137 1952 172 1989 ui
184 1953 297 1988 habet
309 1952 382 1988 duo
398 1951 593 1994 beneficia,
603 1955 756 1987 tenetur
769 1961 884 1987 unum

139 1999 300 2036 ‘mittere
336 2010 411 2035 non
446 1998 618 2041 habenti;
657 2002 693 2033 et
726 1997 886 2033 maxime

109 2046 210 2091 ideo,
223 2046 310 2093 quia
328 2047 473 2082 duobus
495 2045 620 2091 nequit
639 2044 781 2081 servire
799 2044 889 2080 alta-

110 2093 229 2131 ribus.
252 2095 297 2129 Et
320 2093 349 2129 si
371 2094 514 2129 habens
539 2103 644 2128 escas
663 2093 888 2138 superfluas,

108 2141 262 2188 Jubetur
288 2141 379 2177 dare
406 2151 479 2176 non
507 2139 680 2183 habenti3
709 2149 798 2184 ergo
827 2138 889 2184 qui

110 2188 227 2225 habet
240 2188 314 2224 duo
331 2187 486 2231 fercula,
497 2187 597 2233 quod
613 2190 750 2232 pi-aeter
766 2196 890 2221 neces-

112 2235 262 2272 sitatem
279 2239 349 2279 est,
373 2239 523 2271 tenetur
543 2235 589 2269 de
610 2234 755 2269 duobus
776 2243 891 2268 unum

115 2292 273 2328 erogare
293 2282 431 2328 egenti.
459 2302 504 2307 —
525 2281 727 2323 Moraliter‚
749 2291 816 2326 per
836 2283 893 2315 tu-

112 2328 217 2366 nicas
229 2333 385 2375 possunt
399 2329 554 2364 virtutes
566 2339 647 2373 quae
658 2331 744 2363 sunt
757 2327 893 2363 animae

113 2379 238 2413 vestes
270 2376 443 2421 intelligi,
476 2386 568 2421 quas
603 2376 746 2410 habens
783 2374 894 2410 debet

115 2422 304 2470 applicare
328 2423 375 2458 ad
397 2424 538 2459 bonum
563 2421 735 2468 proximi.
759 2423 802 2456 Et
827 2431 895 2468 per

113 2480 239 2507 escam
254 2469 578 2516 possuntiutelligi
599 2479 713 2505 sacrae
733 2468 896 2515 Scriptu-

113 2528 181 2561 rae,
210 2527 294 2563 quae
321 2521 407 2553 suut
433 2516 645 2563 spirituales
667 2527 776 2559 esoce,
802 2526 895 2563 quas

113 2564 260 2602 habens
285 2565 397 2601 debet
425 2563 632 2610 proximum
657 2574 766 2599 suum
785 2563 894 2610 spiri-

116 2611 269 2650 tualiter
288 2612 374 2647 inde
397 2621 564 2657 pascere.

168 2663 209 2696 16
231 2660 284 2695 An
312 2661 480 2695 Jomxssu
509 2668 667 2694 vesle-NT
691 2669 892 2694 rcnmcsxx.

116 2725 164 2733 --
187 2708 369 2744 Venerunt
401 2710 521 2742 autem
550 2709 582 2740 et
610 2706 813 2751 publicani.
842 2704 894 2741 sic

115 2752 219 2799 dieti,
245 2754 334 2801 quia
362 2753 409 2790 de
435 2752 594 2800 negotiis
626 2753 673 2788 ad
704 2752 894 2799 publicum

953 207 1226 254 pertinentibus
1249 220 1287 244 se
1315 209 1583 253 intromittunt,
1606 212 1645 245 ut
1666 209 1729 262 qui

954 254 1103 300 publica
1120 255 1329 299 vectigalia,
1347 257 1534 298 thelonea.
1555 257 1729 303 pedagia,

953 303 992 337 et
1020 300 1159 336 tributa
1186 303 1378 347 colligunt,
1406 303 1482 339 sive
1511 304 1570 349 qui
1597 305 1731 340 horum

953 352 990 384 et
1010 347 1224 383 reddituum
1241 349 1335 392 fisci,
1349 350 1402 384 vel
1422 362 1546 385 reruni
1565 350 1730 396 publica-

954 405 1037 431 rum
1056 394 1305 430 conductores
1332 400 1435 437 sunt;
1459 408 1523 432 nec
1549 409 1619 432 non
1635 401 1672 434 et
1692 397 1729 433 hi

953 441 1015 487 qui
1033 441 1147 477 seculi
1161 442 1271 488 hujus
1286 442 1388 477 lucra
1403 454 1469 488 per
1485 444 1647 488 negotia,
1661 444 1732 480 sci·

954 489 1040 524 licet
1057 499 1124 534 per
1142 492 1386 532 mercaturas,
1402 490 1544 529 firmas,
1559 496 1593 526 et
1610 492 1734 537 liujus-

955 535 1099 572 cemodi
1116 538 1308 581 quaerunt3
1325 535 1453 581 sicque
1474 543 1552 581 post
1570 538 1734 574 minores

954 587 1172 630 peccatores
1199 587 1383 619 venerunt
1411 583 1523 618 etiam
1557 585 1733 630 majores,

956 633 995 666 ut
1015 631 1290 676 baptizarentur
1303 631 1350 666 ab
1365 641 1423 666 eo.
1438 632 1481 665 Et
1498 631 1673 666 ‹thret-unt
1686 632 1736 666 ad

955 679 1061 713 illum
1085 690 1095 712 ε
1123 679 1314 721 Magister,
1347 678 1438 723 quid
1472 679 1663 720 faciemus,
1696 681 1735 712 ut

957 724 1097 761 scilicet
1111 724 1225 760 vitam
1243 728 1422 760 aeternam
1440 724 1673 761 habeamus?
1685 725 1737 759 At

956 773 1019 807 ille
1045 772 1145 807 dixit
1168 784 1178 807 .·
1200 772 1306 809 Nihil
1334 773 1506 817 amplias,
1530 771 1671 807 srilicet
1696 770 1736 806 in

956 818 1105 855 tributis
1126 821 1163 855 et
1184 818 1428 864 vectigalibus
1449 820 1495 854 ab
1515 818 1641 864 aliquo
1661 817 1737 854 exi-

957 865 1066 911 gatis,
1079 877 1188 911 quam
1199 867 1296 911 quod
1310 869 1543 902 constitutum
1558 870 1608 901 est
1620 866 1736 906 vobis,

957 913 1098 949 scilicet
1122 924 1144 950 a
1171 913 1316 959 legibus
1343 918 1379 949 et
1401 912 1738 949 consuetudinibus

956 960 1188 1007 approbatis,
1203 962 1368 1004 faciatis.
1386 962 1461 996 Hoc
1482 964 1607 996 autem
1631 959 1736 1004 dixit,

957 1009 1046 1053 quia
1078 1007 1296 1043 collectores
1330 1007 1460 1043 talium
1497 1008 1631 1054 solent·
1656 1018 1738 1043 esse

956 1055 1065 1101 proni
1080 1055 1127 1091 ad
1142 1055 1226 1101 plus
1238 1055 1489 1101 colligendum
1505 1065 1617 1100 quam
1626 1054 1679 1091 eis
1691 1054 1740 1090 sit

957 1102 1197 1149 permissum,
1220 1103 1277 1138 vel
1298 1103 1536 1144 mandatum3
1562 1106 1614 1146 ut,
1636 1101 1737 1147 quod

957 1150 1120 1196 amplius
1162 1150 1287 1194 suerit,
1322 1150 1375 1185 eis
1414 1153 1620 1185 remaneat.
1656 1150 1738 1184 Non

957 1197 1063 1244 prius
1091 1201 1219 1233 monet
1246 1208 1311 1233 eos
1339 1198 1384 1233 de
1411 1197 1738 1242 eleemosynarum

958 1244 1249 1290 largitione,sed
1268 1247 1309 1280 ut
1323 1249 1479 1280 caveant
1496 1255 1517 1279 a
1536 1243 1666 1289 rapina
1683 1242 1736 1278 rei

957 1292 1105 1335 alienae,
1126 1293 1163 1327 in
1184 1302 1258 1337 quo
1279 1291 1403 1328 innuit
1427 1292 1525 1337 quod
1548 1291 1652 1337 prius
1672 1290 1738 1326 de·

959 1339 1173 1375 elinandum
1183 1343 1238 1374 est
1253 1349 1275 1374 a
1291 1339 1404 1382 malo,
1416 1343 1450 1374 et
1467 1343 1595 1384 postea
1605 1337 1740 1373 facien-

959 1386 1050 1422 dum
1066 1387 1225 1430 bonum;
1246 1386 1349 1422 etsie
1368 1386 1488 1432 primo
1509 1384 1743 1421 restituenda

959 1438 1016 1469 est
1054 1444 1114 1469 res
1155 1432 1290 1476 aliena,
1329 1443 1441 1478 quam
1485 1432 1530 1467 sit
1573 1431 1743 1467 l'acIenda

960 1480 1210 1525 eleemosyna.
1224 1480 1327 1515 Unde
1347 1481 1489 1515 Betim«
1517 1479 1740 1515 Publicanos

960 1528 1006 1563 ab
1042 1527 1190 1573 agenda
1215 1527 1346 1562 fraude
1378 1530 1525 1562 coercet
1549 1538 1556 1560 z
1586 1530 1625 1561 ut
1652 1526 1742 1561 dum

959 1573 1082 1620 primo
1113 1584 1152 1609 se
1179 1574 1225 1609 ab
1255 1573 1465 1609 alienorum
1487 1575 1743 1618 temperarent

960 1620 1304 1667 appetitu‚tandem
1321 1621 1368 1656 ad
1386 1621 1538 1667 propria
1554 1630 1639 1655 cum
1658 1629 1743 1665 pro-

960 1668 1069 1704 ximis
1095 1668 1409 1704 communicanda
1429 1667 1698 1714 pertingerent.
1720 1680 1741 1698 »

962 1737 1006 1741 —
1039 1717 1110 1751 Per
1140 1714 1359 1762 publicanos
1390 1718 1547 1761 possunt
1584 1712 1742 1759 intelligi

961 1762 1142 1799 officiales
1180 1762 1422 1798 dominorum
1453 1766 1489 1798 et
1523 1760 1742 1808 praepositi,

961 1809 1023 1856 qui
1047 1821 1123 1845 non
1143 1809 1282 1845 debent
1299 1820 1320 1845 a
1338 1810 1475 1855 populo
1492 1809 1654 1854 exigere,
1670 1807 1741 1843 nisi

961 1857 1061 1903 quod
1079 1856 1323 1893 constitutum
1341 1861 1398 1893 est
1417 1856 1624 1893 secundum
1641 1854 1742 1891 ordi-

961 1914 1048 1940 nem
1066 1903 1236 1949 Justitiae.

1014 1966 1052 1997 17
1073 1953 1235 1987 anmxr
1254 1962 1294 1986 ET
1312 1962 1463 1987 nunes.
1482 1972 1527 1976 -—
1542 1953 1744 1994 Interroga-

965 1999 1051 2034 bcmt
1070 2002 1190 2034 autem
1207 2009 1286 2033 eum
1302 2002 1335 2033 et
1349 1999 1501 2033 milites.-
1522 1998 1618 2041 Quid
1633 1998 1746 2040 sacie-

965 2056 1043 2081 mus
1060 2048 1093 2080 et
1113 2055 1190 2085 nOS,
1210 2044 1351 2081 scilicet
1371 2049 1411 2081 ut
1431 2045 1522 2080 salvi
1542 2045 1681 2080 simus?
1698 2046 1745 2079 Et

965 2095 1019 2128 ait
1033 2093 1110 2127 illis
1132 2105 1142 2127 :
1159 2094 1346 2129 Neminem
1364 2090 1747 2132 concutiatis,scilicet

966 2140 1036 2176 sub
1063 2143 1243 2185 praetextu
1270 2139 1384 2175 officii
1409 2140 1537 2183 vestri,
1562 2149 1747 2185 pauperes

965 2186 1030 2233 qui
1051 2197 1090 2222 se
1118 2186 1318 2223 defendere
1341 2198 1415 2222 non
1442 2191 1598 2233 possunt
1619 2185 1745 2232 oppri-

967 2233 1119 2276 mendo,
1147 2233 1206 2269 vel
1241 2233 1489 2280 corporaliter
1523 2233 1748 2279 affligendo,

966 2281 1024 2317 vel
1051 2280 1219 2317 indebite
1246 2281 1442 2325 terrendo;
1473 2292 1586 2326 neque
1606 2282 1746 2316 calum-

967 2329 1067 2363 niam
1083 2329 1249 2371 faciatis,
1264 2328 1398 2363 salsum
1409 2328 1550 2364 crimen
1569 2327 1749 2364 divitibus

968 2378 1005 2411 et
1037 2374 1255 2421 potentibus
1280 2375 1522 2421 imponendo,
1547 2380 1582 2411 et
1613 2385 1676 2410 eos
1709 2374 1747 2410 in

968 2432 1120 2458 causam
1141 2422 1340 2466 trahendo,
1360 2427 1396 2459 et
1417 2423 1468 2458 sic
1494 2422 1692 2468 permitam
1710 2425 1747 2457 et

969 2470 1068 2506 bona
1091 2480 1235 2513 eorum,
1261 2480 1343 2515 quae
1372 2481 1437 2515 per
1462 2470 1574 2506 aliam
1605 2468 1701 2504 viam
1722 2478 1745 2504 a

969 2516 1105 2553 talibus
1124 2527 1257 2563 rapere
1273 2521 1310 2553 et
1328 2518 1466 2553 habere
1486 2528 1557 2552 non
1576 2515 1746 2562 potestis,

969 2564 1246 2610 extorquend03
1266 2567 1298 2600 et
1317 2567 1474 2600 contenti
1488 2568 1596 2599 estote
1613 2564 1747 2607 stipen-

968 2611 1042 2647 diis
1053 2613 1197 2651 vestris.
1207 2621 1289 2657 quae
1303 2622 1368 2658 pro
1381 2611 1598 2647 defensioue
1615 2608 1746 2655 patriae

969 2662 1005 2694 et
1040 2658 1256 2705 reipublicae
1294 2658 1453 2699 habetis,
1491 2661 1626 2703 p1·a:ler
1665 2656 1746 2691 hree

968 2705 1082 2742 etiam
1094 2705 1176 2741 sine
1188 2705 1431 2752 oppressione
1442 2709 1475 2740 et
1488 2704 1567 2740 l'alsi
1579 2702 1745 2739 criminis

966 2752 1207 2800 impositione
1221 2763 1243 2789 a
1257 2753 1361 2789 nullo
1383 2751 1520 2796 tallias,
1533 2749 1753 2788 exactiones
