1902 3126
446 153 497 185 DE
535 150 928 185 INCARCERATIONE
966 152 1150 185 JOANNIS
1188 150 1428 185 BAPTISTAE.
1705 147 1767 181 ‘235

136 223 260 272 quoad
279 222 458 270 populum
476 220 513 256 in
534 220 647 263 sama,
667 219 763 256 sicut
779 219 917 256 lucifer

136 272 320 310 minuitur
340 270 377 305 in
397 267 565 305 claritate
583 267 704 312 quoad
729 277 895 313 apparen

138 321 245 364 tiam,
269 317 412 354 oriente
429 315 519 358 sole,
537 318 573 349 et
593 313 797 349 auctoritas
817 324 914 360 prae-

139 366 259 410 conis,
281 362 502 401 adveniente
524 361 664 407 judice,
687 364 723 396 et
749 361 914 397 osticium

140 413 267 460 legati,
296 408 518 447 adveniente
547 407 731 454 principe.
756 409 796 443 ln
819 408 916 444 aesti-

138 460 303 498 matione
338 457 473 502 quippe
506 455 634 501 populi
662 459 698 491 et
742 456 912 492 Christus

139 508 267 550 crevit,
296 504 382 550 quia
420 501 570 548 agnitus
597 506 649 537 cst
684 503 784 549 quod
819 507 912 548 erat,

137 557 173 591 et
191 554 362 589 inventus
385 554 440 586 est
462 560 543 585 esse
557 549 743 594 Christus,
766 550 827 596 qui
851 562 915 597 pu-

133 601 286 637 tabatur
303 602 448 634 tantum
468 598 651 644 propheta
669 609 677 641 3
695 602 728 633 ct
750 600 914 634 ,loannes

134 646 312 690 decrevit,
335 645 422 691 qnia
441 644 599 680 cessavit
621 645 691 680 dici
715 647 813 691 quod
837 657 914 682 non

134 698 228 739 erat,
258 697 293 729 et
328 692 500 728 inventus
525 695 581 727 est
605 694 790 739 propheta
820 693 914 738 ejus,

134 741 196 790 qui
210 741 413 788 putabatur
430 739 624 775 Christus:
642 741 697 776 cui
715 744 916 776 attestatur

135 789 236 836 quod
262 790 429 824 Joannes
451 791 562 823 natus
582 791 637 823 est
665 788 915 824 decrescenti-

134 837 204 874 bus
225 835 370 878 diebus,
392 833 564 870 Christus
584 835 857 879 cresccntibus3
880 839 914 871 et

134 884 234 931 quod
255 885 422 919 Joanres
443 882 564 928 capite
587 882 783 926 minuitur,
810 882 914 919 Chri-

134 935 214 968 stus
234 930 271 966 in
296 940 405 965 cruce
427 928 651 965 extenditur.
668 930 917 966 -Moraliter

136 982 260 1016 autem
283 978 353 1013 hoc
380 977 488 1012 debet
508 987 590 1012 esse
614 976 650 1011 in
674 988 746 1013 uno
768 988 915 1023 qnoque

136 1030 321 1069 nostrum,
344 1024 430 1070 quia
451 1027 598 1070 oportet
632 1024 751 1067 illum,
775 1025 915 1060 scilicet

136 1073 339 1116 Christum,
364 1072 401 1107 in
437 1075 472 1106 te
507 1082 689 1115 crescere,
715 1076 754 1107 ut
776 1072 914 1108 scilicet

135 1120 174 1157 in
191 1121 271 1167 ejus
293 1119 470 1166 proficias
488 1118 702 1165 cognitione
716 1123 749 1155 et
772 1130 915 1163 amore,

135 1168 225 1214 quia
257 1168 293 1202 in
322 1171 502 1213 quantum
541 1166 661 1212 magis
686 1177 771 1202 eum
811 1171 918 1213 potes

135 1214 397 1261 cognoscendo
437 1218 471 1248 et
511 1215 672 1250 amando
709 1215 916 1261 percipere,

136 1266 240 1299 tanto
275 1261 396 1307 magis
427 1260 595 1297 Christus
629 1262 759 1297 crescit
794 1262 831 1297 in
866 1267 917 1305 te,

138 1310 231 1346 sicut
267 1309 327 1355 qui
362 1308 483 1353 magis
510 1308 659 1354 proficit
693 1308 730 1344 in
757 1309 919 1345 videndo

136 1367 249 1394 unam
272 1361 307 1391 et
334 1356 505 1392 eamdem
537 1356 671 1400 lucem,
695 1360 843 1403 reputat
869 1357 920 1392 lu-

137 1415 217 1441 cem
252 1404 352 1439 illam
388 1402 507 1449 magis
539 1414 708 1439 crescere
738 1416 745 1439 ;
775 1408 810 1440 et
849 1405 919 1439 hoc

138 1455 287 1499 oportet
306 1450 478 1486 homines
505 1449 557 1485 sic
583 1450 825 1496 proficientes
850 1451 919 1487 mi-

137 1499 203 1536 nui
234 1498 271 1534 in
306 1498 362 1534 sui
395 1498 645 1543 reputatione,
669 1500 757 1544 quia
781 1503 920 1544 quanto

134 1547 220 1594 plus
259 1546 371 1581 homo
399 1545 593 1590 cognoscit
633 1545 680 1581 de
719 1545 920 1582 altitudine

135 1593 277 1637 divina,
299 1597 401 1628 tanto
424 1592 611 1628 minorem
632 1596 780 1639 reputat
800 1593 922 1640 parvi—

134 1643 250 1678 tatem
273 1645 307 1676 et
329 1639 592 1676 humilitatem.

183 1692 204 1732 4
227 1689 293 1731 ΟΠ
333 1699 410 1722 sixT
450 1699 643 1723 nisstircms
681 1689 836 1724 JOANNIS
871 1700 920 1722 s1-

138 1737 268 1772 muas?
286 1756 330 1761 —
352 1734 550 1781 Discipulis
570 1735 727 1771 Joannis
750 1746 818 1781 pro
839 1746 920 1772 ma-

139 1785 257 1830 gistro
295 1793 361 1818 suo
393 1782 596 1818 indiscrete
629 1783 851 1827 zelantibus,
886 1786 922 1818 et

139 1831 185 1867 de
212 1830 360 1866 Christo
385 1829 660 1875 querimoniam
680 1830 920 1875 facientibus,

138 1877 284 1914 similes
319 1882 405 1913 sunt
441 1877 548 1913 multi
590 1877 702 1914 etiam
739 1878 920 1924 religiosi,

140 1925 202 1972 qui
224 1924 345 1970 magis
370 1925 566 1960 adhaerent
591 1925 815 1971 quibusdam
839 1925 920 1972 opi-

138 1973 330 2015 nionibus,
350 1982 418 2017 pro
441 1982 484 2007 eo
503 1973 601 2017 quod
619 1977 705 2008 sunt
724 1973 923 2019 opiniones

138 2019 291 2056 illorum
331 2029 425 2064 quos
454 2018 574 2065 magis
598 2019 773 2065 diligunt,
810 2031 921 2066 quam

138 2078 208 2115 pro
231 2067 309 2114 ipsa
333 2066 491 2102 veritate
521 2077 634 2111 quam
668 2067 888 2113 relinquunt
913 2079 920 2102 :

141 2125 223 2152 cum
251 2114 349 2149 dicat
370 2114 630 2160 philosophus,
654 2115 752 2160 quod
779 2115 925 2150 duobus

140 2162 390 2199 existentibus
411 2161 555 2205 amieis,
573 2166 742 2198 sanctum
761 2166 814 2198 est
833 2173 926 2207 pree-

140 2210 335 2246 honorare
356 2209 568 2245 xeritatcm.
593 2211 635 2245 Et
650 2211 755 2245 Plato
771 2210 861 2245 dixit
879 2210 924 2245 de

145 2258 300 2294 Socrate
337 2256 520 2302 magistro
560 2268 626 2292 suo
669 2269 677 2292 :
722 2272 740 2289 «
775 2257 926 2292 Amicus

143 2304 296 2351 quidem
329 2305 515 2349 Socrates,
551 2304 616 2340 sed
653 2304 774 2351 magis
804 2304 926 2340 amica

144 2351 300 2387 veritas.
324 2365 342 2383 n
377 2352 449 2387 Per
471 2352 542 2387 hoe
572 2355 695 2388 autem
725 2352 823 2398 quod
848 2362 929 2388 eos-

145 2398 231 2435 dem
255 2398 458 2445 ‹liscipulos
475 2410 562 2435 suos
591 2399 850 2444 reprehendit,
873 2399 928 2434 in-

146 2446 359 2481 formantur
374 2446 546 2482 doctores
561 2447 713 2493 boni,ut
728 2447 822 2483 tales
840 2447 929 2482 adu-

147 2492 310 2530 lationes
349 2504 425 2528 non
460 2494 662 2541 recipiant,
703 2495 769 2530 sed
809 2493 929 2542 magis

148 2540 346 2587 repellant.
370 2541 620 2577 considerent
646 2541 760 2578 etiam
787 2543 846 2578 hic
865 2541 926 2588 qui

149 2588 386 2624 detractores
408 2588 571 2625 libenter
594 2589 766 2633 audiunt,
788 2593 820 2625 et
840 2600 929 2625 con-

149 2638 210 2688 tra
232 2646 296 2671 eos
315 2636 451 2680 quibus
480 2637 692 2673 detrahitur
718 2637 840 2673 subito
860 2647 929 2673 sae—

151 2687 272 2735 vlunt,
302 2684 491 2729 quomodo
523 2686 690 2721 loannes
727 2684 930 2731 discipulos

154 2730 304 2783 Christo
344 2732 587 2768 detrahentes
622 2732 747 2768 statim
780 2743 930 2779 compe-

152 2782 260 2823 scuit,
286 2778 473 2815 Christum
502 2779 675 2816 laudibus
702 2779 929 2825 extollendo,

991 225 1025 257 et
1040 232 1078 257 se
1092 221 1294 267 metipsum
1315 218 1553 256 humiliando
1569 229 1578 262 ;
1594 220 1631 253 et
1647 225 1770 253 exem-

991 269 1051 314 plo
1079 269 1159 313 ejus
1187 269 1418 304 detractores
1457 270 1697 312 compescant
1723 263 1770 299 de

991 326 1030 350 se
1063 315 1255 350 humiliter
1288 314 1496 356 sentiendo,
1520 318 1555 349 et
1581 313 1772 348 detractos

992 362 1196 405 laudando,
1219 362 1395 408 ipsosque
1416 362 1648 397 detractores
1669 356 1774 394 sorti-

991 413 1049 444 ter
1070 410 1362 454 reprehendant,
1389 413 1425 444 et
1450 408 1503 444 eis
1525 408 1662 443 malum
1691 405 1770 441 vul·

990 461 1067 492 tum
1084 456 1294 491 ostendant.
1309 456 1414 499 Quia,
1430 459 1466 491 ut
1482 455 1569 490 dicit
1587 453 1769 500 Sapiens:

995 506 1130 540 Ventus
1159 504 1296 547 Aquilo
1333 504 1516 548 dissipant
1537 504 1712 548 pluriam
1737 504 1772 536 et

990 553 1104 597 san-ies
1130 552 1248 585 tristis
1271 551 1433 593 linquam
1452 551 1712 584 asty-atomum.

1040 602 1058 633 5
1078 599 1231 634 JOANle
1254 608 1507 632 INCARCERATNJ
1531 608 1682 636 t-:Jrthfss
1709 606 1774 630 OC*

992 657 1173 681 tzixsioxns.
1197 666 1242 670 —
1262 646 1302 680 In
1320 646 1384 679 illo
1401 645 1670 689 temp0re,du1n
1692 643 1774 677 baec

991 697 1208 739 agercntur,
1232 695 1266 727 et
1288 702 1370 727 cum
1389 692 1557 727 Joannes
1579 702 1651 725 um·
1672 699 1772 725 anno

992 745 1027 777 et
1062 740 1182 776 tribus
1215 739 1408 775 mensibus
1437 737 1694 783 praedicasset,
1734 738 1773 771 et

993 798 1158 835 arguens
1184 786 1386 830 Herodem,
1410 784 1593 832 plurimos
1614 793 1772 834 conv-er·-

992 837 1112 879 tisset,
1133 837 1234 870 misit
1254 834 1412 869 Herodes
1431 833 1640 874 Tem-archa,
1666 839 1775 865 mim-

992 888 1104 927 stros,
1126 894 1168 918 ae
1191 884 1319 922 tenuit,
1344 885 1381 917 et
1403 879 1501 926 cepit
1519 881 1691 914 Joanncm
1707 886 1775 923 per

993 942 1076 974 cos,
1102 934 1134 965 et
1153 931 1289 974 vinoeit,
1313 940 1376 964 seu
1398 929 1571 971 αΗίῃαῑ-ῐε
1591 937 1684 969 cum,
1709 922 1774 970 qui

996 979 1115 1014 libere
1146 976 1420 1023 predicaverat
1448 974 1512 1010 Dei
1542 974 1712 1014 verbum,
1737 975 1775 1006 et

995 1026 1042 1061 ad
1077 1036 1117 1061 se
1143 1024 1179 1059 in
1213 1024 1367 1059 Galilaea
1397 1022 1616 1065 adductum,
1636 1021 1774 1066 posuit,

996 1085 1063 1109 seu
1103 1071 1191 1119 poni
1233 1071 1347 1115 t'ecit,
1377 1073 1415 1105 in
1453 1080 1593 1105 carcere
1628 1070 1777 1113 propter

995 1120 1253 1162 llzrodz‘adcm,
1281 1129 1393 1164 quam
1426 1117 1529 1152 t'ratri
1559 1126 1625 1151 suo
1648 1115 1776 1151 abstu-

997 1169 1104 1211 lerat,
1145 1170 1179 1202 et
1230 1167 1300 1201 sibi
1341 1165 1596 1211 copulaverat,
1621 1161 1775 1204 illicite3

993 1215 1082 1262 quia
1106 1243 1115 1259 ,
1145 1214 1348 1250 secundum
1390 1214 1523 1257 Legem
1561 1221 1671 1255 quam
1711 1218 1776 1244 ae-

996 1266 1159 1309 ccperat,
1178 1273 1250 1297 non
1272 1261 1407 1296 licebat
1432 1259 1501 1296 sibi
1523 1259 1663 1293 habere
1682 1266 1777 1291 usco-

995 1322 1070 1345 rcm
1099 1311 1232 1353 fratris
1260 1311 1332 1351 sui,
1359 1318 1402 1344 eu
1435 1307 1597 1342 wivente.
1622 1305 1680 1341 Sic
1700 1303 1778 1340 dia-

997 1358 1105 1394 bolus
1143 1356 1390 1402 spiritualiter
1430 1358 1532 1390 tenet
1571 1364 1635 1398 per
1673 1352 1776 1387 dele—

998 1409 1200 1439 ctationem
1232 1432 1239 1447 ,
1277 1403 1405 1449 alligat
1435 1413 1503 1448 per
1539 1409 1778 1444 consensum,

998 1452 1205 1488 incarcerat
1244 1461 1311 1497 per
1342 1448 1667 1489 consuetudinem,
1696 1456 1780 1491 pro-

999 1504 1081 1545 pter
1120 1498 1286 1534 animam
1307 1509 1329 1533 a
1350 1508 1438 1532 vero
1463 1498 1607 1540 Sponsn
1630 1494 1778 1531 Christo

999 1550 1227 1592 separatam,
1251 1549 1285 1581 et
1307 1544 1368 1581 alii
1393 1544 1619 1590 copulatam.
1646 1544 1780 1577 Prose-

999 1594 1095 1640 lytus
1117 1593 1253 1639 quippe
1272 1592 1338 1628 suit
1362 1592 1543 1633 Herodes,
1570 1595 1604 1625 et
1625 1589 1781 1624 circum-

997 1641 1177 1676 cisionem
1192 1643 1400 1686 receperat,
1414 1642 1454 1673 ut
1471 1637 1591 1682 magis
1605 1640 1780 1682 acceptus

996 1688 1137 1725 tludaris
1174 1691 1286 1731 esset,
1311 1690 1347 1722 et
1381 1695 1541 1731 regnare
1577 1695 1689 1730 super
1715 1693 1781 1719 eos

997 1739 1137 1782 posset.
1180 1735 1343 1781 Ideoque
1382 1734 1430 1769 ad
1473 1734 1608 1779 Legem
1645 1730 1782 1777 Moysis

998 1784 1198 1819 tenebatur
1230 1782 1268 1817 in
1304 1783 1389 1825 hoc,
1420 1779 1514 1816 sicut
1555 1778 1700 1815 ceteri:
1743 1780 1781 1814 et

997 1834 1152 1877 propter
1173 1829 1268 1876 legis
1288 1839 1436 1875 quoque
1457 1827 1641 1863 naturalis
1667 1827 1781 1862 lione·

1001 1882 1154 1921 statem,
1184 1888 1259 1913 non
1296 1877 1431 1912 licebat
1471 1875 1577 1911 sratri
1612 1874 1782 1910 rexelare

999 1924 1275 1972 turpitudinem
1298 1923 1425 1959 fratriS
1446 1923 1504 1959 sui
1523 1923 1712 1963 ducendo,
1735 1931 1780 1956 eo

1000 1973 1113 2008 etiam
1141 1976 1306 2015 mortuo,
1334 1972 1414 2017 ejus
1445 1981 1614 2012 uxorem,
1639 1969 1708 2004 nisi
1732 1967 1781 2005 ad

1001 2020 1259 2056 suscitandum
1296 2018 1328 2053 ei
1363 2028 1504 2053 semen.
1535 2017 1640 2052 Unde
1668 2016 1783 2061 igitur

999 2071 1167 2110 Joarmcs,
1199 2070 1392 2110 tamquam
1424 2066 1527 2100 testis
1549 2069 1581 2100 et
1606 2064 1786 2099 defensor

1000 2113 1182 2157 xeritatis,
1195 2114 1339 2148 dicebat
1357 2113 1430 2154 illi,
1446 2111 1601 2155 scilicet,
1617 2110 1780 2147 Herodi:

1000 2164 1079 2197 iton
1108 2163 1190 2196 licet
1224 2161 1292 2196 tibi
1317 2160 1446 2195 habere
1470 2171 1620 2195 utrorum
1649 2159 1786 2202 fratris

1001 2211 1068 2244 tzaez'.
1096 2210 1135 2244 ln
1172 2219 1244 2254 quo
1266 2207 1384 2243 virtus
1413 2210 1451 2243 et
1473 2207 1686 2243 constantia
1718 2207 1783 2242 Jo-

1001 2256 1111 2291 annis
1150 2255 1374 2298 ostenditur,
1410 2255 1474 2301 qui
1516 2255 1647 2290 maluit
1685 2253 1784 2300 apud

1005 2303 1190 2339 llerodem
1224 2302 1445 2349 periclitari,
1485 2313 1596 2348 quam
1632 2307 1788 2349 propter

1004 2350 1259 2387 adulationem
1291 2350 1493 2386 immemor
1526 2361 1609 2386 esse
1648 2359 1787 2396 praece-

1003 2403 1154 2446 ptorum
1190 2397 1270 2435 Dei.
1304 2398 1409 2441 Quod
1437 2397 1535 2434 enim
1564 2402 1717 2433 x‘enerat
1746 2396 1785 2432 in

1004 2447 1137 2493 spiritu
1164 2449 1199 2482 et
1216 2445 1368 2488 virtute,
1398 2445 1518 2491 arguit
1542 2445 1727 2480 Herodem
1749 2445 1786 2480 et

1005 2493 1271 2537 Herodiadem,
1301 2493 1394 2528 sicut
1434 2493 1547 2535 Elias,
1585 2492 1713 2527 Achab
1748 2492 1787 2526 et

1003 2541 1167 2578 Jezabel.
1184 2542 1263 2577 Non
1286 2539 1410 2576 omisit
1426 2540 1549 2575 (licere
1570 2540 1784 2583 veritatem,

1004 2593 1158 2636 propter
1188 2588 1346 2625 Herodis
1366 2591 1606 2634 potestatem,
1632 2586 1687 2622 vel
1713 2587 1785 2621 He-

1004 2636 1171 2672 rodiadis
1205 2635 1498 2678 insidiationem,
1532 2635 1626 2669 dans
1652 2633 1687 2669 in
1713 2633 1784 2668 hoe

1005 2684 1215 2731 exemplum
1240 2681 1551 2730 pradicatorihus
1577 2682 1620 2716 Ex
1631 2680 1784 2727 angelii,

1005 2736 1044 2768 ut
1066 2737 1222 2779 propter
1255 2730 1345 2766 talia
1376 2740 1451 2765 non
1490 2730 1665 2765 omittant
1699 2739 1785 2765 con-

1007 2782 1184 2816 stantiam
1211 2776 1440 2825 przedicandi
1465 2776 1672 2812 veritatem.
1702 2774 1784 2812 Pri·
