1876 3126
107 150 167 186 370
749 140 884 175 INDEX
921 139 1110 174 CAPITUM

110 224 149 256 15
172 220 244 255 Per
283 214 505 263 patientiam
557 211 768 250 vincendus
1013 211 1281 246 enumerantur
1301 208 1433 255 figura·
1460 205 1628 242 victoriae

153 270 210 303 est
229 264 419 302 diabolus.
823 272 890 295 200
1012 267 1124 303 quam
1147 255 1289 293 retulit.

110 319 150 351 16
171 312 298 350 Tertia
317 310 491 357 tentatio,
514 309 560 346 de
582 306 758 346 avaritia.
823 320 884 343 201
965 319 1006 342 22
1028 307 1080 341 De
1125 304 1355 347 Angelorum
1387 314 1542 340 accessu
1591 304 1630 337 et

109 377 148 409 17
171 363 223 398 De
255 358 376 407 gloria
408 357 540 395 mundi
578 360 615 394 et
648 354 771 392 ambi-
1011 353 1057 389 de
1078 350 1359 398 significatione
1377 350 1630 389 tentationum

153 408 270 444 tione.
822 415 885 438 201
1011 399 1164 437 Christi.

109 460 149 493 18
171 455 314 502 Injuria
354 452 510 501 propria
542 451 741 488 toleranda
759 479 768 495 ‚
964 451 1006 483 25
1021 444 1630 484 CurtentarivolueritDominus?

153 504 218 540 sed
231 514 306 539 non
321 501 462 548 injuria
477 500 580 536 illata
596 500 688 544 Deo,
711 498 768 535 eui
964 499 1006 539 24
1027 496 1108 531 Non
1130 494 1266 531 mirum
1287 494 1318 531 si
1353 505 1423 530 nos
1449 493 1522 541 ipsi
1545 496 1630 530 ten-

151 551 220 588 soli
243 550 363 587 latriae
385 549 507 585 cultus
529 548 700 584 debetur.
821 558 886 582 202
1010 546 1148 578 tamur.

107 615 147 648 19
172 598 272 635 Ordo
299 596 535 641 tentationis,
558 595 769 641 modusque
964 594 1005 626 25
1019 589 1282 626 Tentationum
1293 588 1626 636 speciesetmodus.

150 656 234 683 eam
256 644 445 681 vincendi.
821 653 885 676 202
965 642 1006 674 26
1022 639 1073 673 De
1091 636 1369 672 ministratione
1379 636 1624 683 Angelorum.

102 708 146 731 20
167 695 332 740 Fugatus
358 690 501 729 recedit
521 689 706 727 diabolus.
821 690 887 724 205
964 699 1005 732 27
1028 686 1121 720 Esca
1140 695 1214 730 qua
1236 683 1276 719 in
1295 684 1444 721 deserto
1464 684 1627 721 resectus

103 756 142 779 21
168 740 341 778 Tentatio
381 738 519 777 Christi
567 735 768 774 tentationi
1010 735 1065 768 est
1086 733 1279 768 Dominus.

148 787 430 836 protoparentis
452 789 710 834 comparatur,
732 787 768 821 et
964 782 1006 817 28
1030 778 1096 816 Pia
1110 777 1320 816 exhortatio
1341 779 1389 816 de
1404 778 1622 827 praemissis.

286 960 436 998 CAPUT
454 958 580 995 XXIII.
602 976 650 984 —-
667 958 717 992 De
736 954 941 991 testimonio
961 953 1114 990 Ioannis
1131 952 1175 988 de
1196 952 1339 990 Christo
1359 952 1426 987 Dei
1444 952 1564 997 Αρηο.

129 1121 140 1142 1
165 1102 437 1141 Testimonium
457 1102 475 1138 J
481 1097 767 1146 oannis-Bapti-
1012 1095 1192 1143 Spiritum
1212 1097 1389 1132 Sanctum
1403 1094 1631 1132 descenden-

148 1157 215 1189 stae
237 1152 282 1188 de
304 1149 452 1187 Christo
473 1152 514 1185 ut
539 1149 659 1194 Agno.
819 1147 886 1182 208
1010 1148 1088 1180 tem
1106 1154 1218 1190 super
1231 1142 1436 1180 Christum.

123 1215 140 1237 2
162 1202 289 1246 Agnus
307 1209 372 1235 cur
392 1196 514 1233 dictus
532 1194 643 1232 fuerit
665 1193 769 1232 Chri·
989 1196 1008 1228 5
1030 1193 1152 1228 Antea
1166 1192 1357 1227 nesciebat
1378 1201 1476 1227 eum.

147 1247 254 1284 stus?
819 1243 886 1278 208
989 1243 1009 1275 6
1031 1238 1300 1275 Testimonium
1321 1238 1552 1285 quadruplex
1581 1236 1628 1273 de

122 1299 143 1332 5
165 1296 238 1332 Cur
252 1294 389 1330 iterum
408 1291 577 1329 Christus
595 1290 643 1327 ad
657 1292 767 1327 Joan-
1009 1287 1171 1324 Christo.

99 1349 118 1389 {⁵2
148 1353 235 1379 nem
252 1341 421 1379 venerit?
819 1350 886 1384 209
984 1351 1003 1382 7
1027 1333 1280 1371 Commoratio
1333 1333 1471 1371 Christi
1529 1332 1628 1381 apud

121 1396 142 1436 4
163 1393 331 1428 Joannes
371 1390 503 1425 narrat
548 1398 588 1424 se
626 1385 766 1422 vidisse
1006 1384 1207 1420 Joannem.

338 1569 487 1607 CAPUT
507 1568 633 1604 XXIV.
653 1587 699 1592 —-
719 1567 769 1601 De
786 1575 876 1601 novo
895 1563 1099 1600 testimonio
1119 1561 1271 1598 Joanm's
1289 1560 1333 1596 de
1353 1560 1509 1604 Christo,

433 1628 475 1652 ac
494 1616 537 1651 de
554 1617 681 1662 prima
699 1614 965 1659 discipulorum
987 1611 1187 1655 vocatione,
1209 1612 1243 1645 et
1275 1609 1416 1645 occulta

704 1663 841 1699 Christi
853 1661 1129 1708 praedicatione.

130 1824 141 1844 1
159 1805 312 1845 Vocatio
324 1804 484 1842 Andreae
498 1801 770 1839 secundumJo-
1008 1799 1355 1836 fratremintuetur.

150 1854 260 1892 annis
278 1851 537 1889 testimonium
559 1849 759 1887 audientis.
821 1862 886 1885 212
984 1863 1003 1895 7
1026 1847 1066 1883 Ei
1089 1858 1227 1883 nomen
1251 1848 1396 1892 Cephas
1416 1845 1474 1882 vel
1495 1846 1628 1882 Petrus

128 1917 145 1939 2
165 1900 367 1940 Conversio
404 1898 555 1935 Domini
590 1898 638 1934 ad
672 1898 768 1933 duos
1008 1895 1278 1941 imponendum
1294 1893 1479 1940 praedicit.

151 1949 353 1995 discipulos
375 1950 576 1993 sequentes
594 1956 646 1982 se.
821 1946 886 1980 213
984 1946 1004 1978 8
1026 1942 1179 1978 Vocatio
1202 1941 1378 1988 Philippi.

126 2002 146 2034 5
168 1997 223 2034 Illi
248 1997 488 2041 interrogant
514 2004 598 2030 eum
620 1992 768 2029 deloco
988 2006 1007 2038 9
1029 1989 1225 2036 Philippus
1258 1988 1466 2025 Nathanael
1491 1986 1627 2024 invitat

149 2042 409 2081 habitationis.
820 2041 886 2076 215
1007 2038 1055 2074 ad
1074 2037 1276 2073 videndum
1291 2037 1495 2073 Christum.

126 2097 148 2138 [4
169 2092 338 2130 Christus
377 2101 441 2126 eos
481 2087 583 2125 ducit
624 2087 663 2124 'm
704 2088 769 2124 do·
964 2102 1003 2123 10
1032 2085 1124 2121 Huic
1157 2088 1303 2121 secreta
1341 2084 1483 2121 revelat
1516 2081 1625 2120 Chri-

150 2150 267 2184 mum,
290 2138 352 2175 ubi
373 2149 412 2173 se
439 2140 526 2173 tuno
546 2136 763 2172 reducebat..
819 2138 885 2179 214
1007 2137 1100 2169 slus.

124 2192 143 2224 5
165 2187 333 2223 Andreas
370 2185 398 2220 it
436 2183 638 2231 quaesitum
686 2183 765 2219 fra-
963 2197 998 2218 11
1025 2179 1233 2217 Nathanael
1272 2180 1314 2216 fit
1348 2178 1485 2217 Christi
1509 2177 1624 2215 disci-

150 2238 261 2271 trem.
818 2233 883 2274 214
1006 2229 1129 2276 pulus.

126 2286 147 2319 6
165 2281 334 2320 Christus
373 2279 564 2318 Simonem
604 2278 765 2316 Andreae
962 2291 999 2314 12
1013 2273 1637 2314 CurChristusNazarethredierit?

421 2452 572 2490 CAPUT
592 2451 700 2489 XXV.
726 2471 771 2478 -
794 2452 844 2488 De
876 2452 1078 2488 mutatione
1098 2460 1203 2497 aquae
1224 2450 1263 2486 in
1283 2451 1422 2487 vinum.

127 2615 139 2637 1
163 2599 319 2647 NuptIas
356 2597 525 2636 Christus
560 2607 626 2633 sua
668 2606 767 2643 prae-
1006 2594 1202 2643 responsio
1225 2593 1363 2631 Christi
1378 2593 1450 2641 ipsi
1469 2594 1587 2632 facta?

147 2648 269 2684 sentia
288 2648 465 2684 honorat.
819 2646 884 2678 218
981 2647 1001 2687 4
1021 2643 1256 2680 Confidentia
1278 2642 1418 2679 Mariae.

123 2710 142 2733 2
164 2695 249 2733 Vini
269 2695 437 2732 desectus
452 2696 489 2730 et
506 2691 633 2729 Mariae
654 2691 767 2727 inter·
980 2695 999 2727 5
1024 2690 1173 2738 Hydriae
1207 2701 1305 2738 aqua
1335 2690 1517 2736 jubentur
1554 2689 1623 2726 im-

144 2743 284 2781 ventio.
817 2752 884 2785 219
1002 2739 1111 2785 pleri.

119 2794 140 2827 5
163 2787 763 2837 Quomodointerpretaridebeat
920 2798 924 2823 ι
978 2785 1152 2823 GVinum
1200 2785 1424 2823 miraculose
1476 2785 1621 2833 produ-

1681 1155 1748 1178 210

1680 1203 1747 1226 210

1679 1297 1743 1321 211

1681 1393 1743 1416 211
