1876 3126
132 189 193 222 248
627 187 771 221 PRIMAE
807 187 966 222 PARTIS
1003 187 1138 221 CAPUT
1175 187 1276 220 XXX

142 262 277 294 stemus
299 268 309 291 :
337 270 354 288 «
381 255 409 291 Ο
433 256 564 292 beatos
585 254 792 301 piscatores
810 256 915 301 istos,

145 314 237 350 quos
258 302 437 339 Dominus
463 302 561 338 inter
580 306 635 338 tot
657 303 829 340 doctores
850 305 916 340 Le-

144 351 200 396 gis
217 355 254 386 et
274 350 427 393 scribas,
445 349 543 385 inter
563 353 616 385 tot
635 350 748 386 seculi
770 351 917 397 sapien-

138 402 206 442 tes,
222 397 269 433 ad
292 397 425 432 divinae
452 397 728 443 praedicationis
754 397 918 434 officium

139 448 175 481 et
214 445 260 480 ad
304 444 463 489 gratiam
502 444 740 491 Apostolatus
778 445 919 491 primos

138 491 274 538 elegit!
300 493 342 526 Et
363 491 476 536 digna
497 502 587 527 sane
614 493 770 528 Domino
793 496 919 527 nostro

144 541 256 584 atque
290 538 514 574 conveniens
555 539 812 584 praedicationi
840 540 921 584 ejtis

146 585 214 621 suit
242 585 327 620 talis
349 585 493 625 elei-tio,
524 586 621 621 utin
652 585 921 631 pradicatione

146 631 311 668 nominis
332 631 402 675 sui,
419 636 521 668 tanto
542 633 695 678 majoris
719 632 839 668 laudis
857 632 921 667 ad-

146 678 295 715 miratio
347 684 575 723 nasceretur,
624 683 762 724 quanto
810 679 921 715 etiam

146 735 228 762 eam
259 726 387 761 mundi
422 726 541 761 infimi
571 729 606 761 et
626 726 784 761 humiles
808 724 921 761 seculi

146 772 434 819 praedicassent;
458 773 604 818 quinon
617 784 684 818 per
701 772 921 818 sapientiam

145 819 247 855 verbi
269 821 446 855 mundum
463 824 651 863 caperent,
665 820 729 854 sed
751 830 817 864 per
838 818 924 854 sim-

145 866 279 912 plicem
300 867 386 901 fidei
407 866 709 912 praedicationem
731 866 777 901 de
795 876 923 901 errore

145 913 277 949 mortis
316 914 520 948 humanum
550 923 669 957 genus
705 912 920 947 liberarent.

145 961 225 995 Non
247 971 335 1004 ergo
369 959 514 994 nobiles
538 958 668 994 mundi
703 963 767 994 aut
792 959 924 995 divites

147 1006 270 1052 elegit,
290 1016 336 1040 ue
360 1009 532 1051 suspecta
554 1006 661 1041 fieret
688 1006 921 1051 praedicati0;

146 1063 221 1088 non
240 1053 427 1097 sapientes
449 1052 575 1097 seculi,
602 1053 664 1098 qui
690 1064 758 1099 per
779 1053 924 1098 sapien-

146 1099 235 1135 tiam
265 1099 392 1134 mundi
417 1100 649 1145 persuasisse
675 1100 840 1136 humano
863 1111 925 1145 ge-

147 1145 229 1182 neri
251 1146 518 1190 crederentur3
541 1147 606 1182 sed
627 1147 740 1192 elegit
765 1147 925 1193 piscato-

146 1203 208 1228 res
227 1192 449 1232 illitteratos,
469 1193 676 1239 imperitos,
694 1198 805 1239 atque
820 1194 927 1230 indo-

147 1243 238 1283 ctos,
256 1244 294 1275 ut
310 1244 440 1286 aperta
455 1245 553 1276 esset
569 1241 691 1286 gratia
709 1241 924 1277 Salvatoris.
960 1265 963 1288 ἶ

150 1287 318 1323 Humiles
339 1288 491 1333 quidem
518 1288 556 1323 in
583 1288 721 1332 seculo,
750 1288 863 1324 etiam
890 1288 929 1323 in

148 1333 230 1380 ipso
253 1336 342 1370 artis
370 1334 508 1375 officio.
530 1335 595 1371 sed
621 1336 819 1380 praecelsos
839 1336 927 1379 fide,

149 1391 193 1416 ac
219 1381 373 1417 devotos
397 1382 531 1417 mentis
554 1382 752 1427 obsequi0;
781 1382 929 1428 ignobi-

148 1428 204 1463 les
231 1429 369 1472 seculo,
398 1429 463 1464 sed
485 1429 629 1465 nobiles
656 1429 827 1474 Christo;
856 1440 931 1465 non

150 1474 308 1521 scriptos
336 1477 371 1511 in
397 1476 479 1511 alvo
510 1481 661 1512 senatus
684 1477 835 1519 terreni,
867 1477 932 1512 sed

151 1522 310 1568 scriptos
337 1524 374 1558 in
394 1523 476 1558 alvo
496 1528 648 1559 senatus
664 1523 702 1559 in
731 1524 846 1567 coe10;
869 1524 931 1559 de-

149 1573 296 1615 spectos
311 1573 434 1612 terrae,
450 1570 515 1605 sed
524 1570 803 1616 acceptissimos
815 1571 930 1613 coe103

153 1625 336 1661 pauperes
355 1617 507 1659 mundo,
528 1618 592 1652 sed
609 1617 741 1653 divites
756 1619 844 1653 Deo.
861 1617 935 1653 Scit

154 1662 253 1698 enim
264 1664 360 1698 Deus
373 1674 465 1708 quos
481 1663 605 1709 elegit,
621 1664 837 1709 quiocculta
857 1675 935 1700 cor-

149 1709 206 1745 dis
217 1710 399 1753 novit,eos
417 1712 544 1756 utique
556 1711 702 1756 quinon
715 1711 935 1757 sapientiam

151 1756 264 1792 seculi
285 1762 514 1802 qurererent,
539 1758 603 1793 sed
625 1758 689 1793 Dei
712 1759 934 1804 sapientiam

155 1803 429 1847 desiderarent,
452 1815 519 1839 nec
539 1804 687 1840 divitias
714 1805 841 1841 mundi
870 1817 933 1841 cu-

152 1855 299 1897 perent,
322 1851 386 1885 sed
414 1852 609 1887 thesauros
637 1852 807 1888 coelestes
828 1857 933 1897 opta-
962 1879 969 1888 .

154 1901 235 1933 rent
259 1909 266 1932 :
286 1912 302 1928 »
324 1899 403 1932 haec
423 1899 706 1942 chrysostomus.
729 1900 934 1935 Attendant

154 1945 235 1979 haec
268 1945 427 1988 nobiles,
457 1949 629 1990 potentes
655 1949 691 1981 et
729 1946 931 1992 sapientes,

154 1991 303 2037 superbi
329 1992 439 2036 hujus
467 1992 610 2037 mundi,
641 1996 678 2028 et
707 1997 934 2038 cognoscant

153 2038 352 2084 ignobiles,
377 2038 603 2083 impotentes
636 2043 672 2075 et
699 2039 836 2076 idiotas
864 2040 934 2076 sibi

152 2085 335 2131 praeFerri‚
359 2089 395 2120 et
429 2096 471 2121 ex
504 2087 574 2122 hoc
600 2086 879 2123 confundantur
899 2090 935 2123 et

151 2132 386 2183 erubescant,
422 2136 457 2167 et
491 2143 514 2168 a
546 2144 613 2170 sua
633 2134 810 2180 superbia
840 2134 934 2171 resi-

153 2182 311 2224 piscant.

203 2234 225 2273 4
253 2232 419 2266 Exempto
439 2243 503 2267 sco
524 2245 620 2268 pnnn
636 2245 810 2270 DISCIPULI
824 2246 936 2269 uom-

155 2288 241 2313 CHOS
262 2290 306 2313 AD
328 2281 555 2314 IMITATJO'NEM
586 2281 728 2315 CHRISTI
755 2293 933 2316 INVITANT.

163 2343 204 2351 -
223 2325 398 2370 Exemplo
420 2327 543 2371 itaque
565 2327 699 2362 horum
725 2327 936 2374 principum

161 2375 197 2407 et
218 2371 351 2407 ducum
381 2377 596 2408 nostrorum
623 2374 878 2419 relinquamus
902 2378 937 2411 et

160 2429 229 2454 nos
265 2418 406 2463 omnia,
428 2423 464 2455 et
501 2431 703 2465 sequamur
735 2423 874 2465 Jesum,
899 2422 938 2457 in

161 2476 234 2511 quo
261 2466 442 2502 habemus
476 2467 616 2510 omnia,
638 2468 685 2503 ad
710 2469 809 2513 quod
840 2470 937 2505 bene

160 2513 334 2549 hortatur
361 2524 429 2549 nos
458 2515 740 2559 Chrysostomus,
769 2515 898 2551 dicens
927 2528 934 2551 :

161 2574 180 2593 «
205 2561 409 2596 Monachus
429 2561 669 2608 apostolicam
700 2561 814 2597 vitam
839 2562 936 2598 desi—

161 2607 269 2643 derat
294 2607 444 2643 imitari.
477 2608 554 2653 Vis,
581 2620 602 2644 0
634 2609 833 2652 monache,
856 2620 938 2645 esse

161 2653 365 2700 discipulus
387 2655 536 2699 Christi,
564 2655 640 2691 imo
661 2655 714 2691 vis
734 2655 935 2701 discipulo-

161 2711 243 2737 rum
264 2702 346 2745 ejus
367 2712 448 2738 esse
477 2702 709 2749 discipulus?
739 2704 809 2738 Fac
835 2703 937 2748 quod

160 2747 246 2783 fecit
278 2749 425 2793 Petrus,
463 2750 563 2795 quod
592 2749 678 2786 fecit
707 2750 869 2786 Jacobus
901 2753 937 2786 et

158 2797 323 2832 Joannes
344 2807 353 2832 ε
375 2797 567 2834 habebant
580 2797 730 2834 oculum
751 2796 934 2834 scandali-

990 261 1150 298 zantem,
1176 259 1321 303 patrem
1360 259 1397 292 et
1433 265 1566 291 navem
1603 258 1641 291 et
1669 258 1764 292 rete.

990 304 1084 340 Dicit
1115 303 1168 340 eis
1198 306 1305 340 Jesus
1336 315 1344 339 ε
1383 302 1526 347 Venite,
1566 302 1766 348 sequimini

991 362 1068 395 me;
1089 350 1329 387 absconditur
1346 351 1489 394 oculus,
1502 353 1539 385 et
1552 349 1589 384 hi
1602 360 1765 395 sequun—

991 401 1051 434 tur
1091 400 1231 434 Jesum.
1289 397 1458 433 Monachi
1503 398 1767 442 Apostolorum

992 444 1198 480 imitatores
1221 447 1327 488 sunt;
1349 455 1423 480 non
1450 455 1537 489 ergo
1568 453 1767 489 possumus

994 502 1058 527 eos
1078 491 1239 534 imitari,
1265 491 1336 526 nisi
1364 491 1561 527 fecerimus
1588 490 1689 536 quod
1714 489 1767 526 fe-

994 541 1124 573 cerunt
1147 542 1183 573 et
1205 538 1397 583 Apostoli,
1421 549 1530 574 nemo
1566 548 1655 584 ergo
1689 547 1769 572 mo-

995 585 1202 620 nachorum
1224 585 1322 619 dicat
1343 596 1351 620 ε
1374 586 1500 620 Habeo
1521 588 1679 630 patrem,
1703 585 1771 619 ha-

994 632 1064 667 beo
1097 634 1269 674 matrem,
1294 634 1331 666 et
1359 634 1482 666 cetera
1502 631 1652 677 pietatis
1669 640 1772 666 caro-

994 688 1079 712 rum
1100 677 1266 713 nomina.
1289 678 1508 723 Respondeo
1525 677 1591 714 tibi
1616 693 1623 714 :
1650 678 1772 713 Habes

993 726 1134 767 Jesuin,
1157 724 1245 769 quid
1272 724 1408 770 quaeris
1428 725 1500 760 ista
1520 735 1603 770 quae
1624 727 1773 760 mortua

994 772 1108 806 suut?
1124 771 1191 814 Qui
1210 771 1472 815 habetJesum,
1483 773 1596 808 habet
1611 774 1771 817 patrem,

994 818 1107 853 habet
1145 823 1317 862 matrem,
1360 819 1474 854 habet
1510 818 1623 862 filios,
1658 818 1774 854 habet

995 875 1144 900 omnem
1176 865 1507 910 propinquitatem.
1542 865 1637 907 Quid
1671 875 1774 910 quae-

995 911 1047 947 ris
1072 912 1268 948 mortuos?
1287 913 1450 955 Sequere
1471 911 1608 955 vivum,
1630 911 1776 947 dimitte

996 962 1177 1001 mortuos,
1203 958 1385 1005 sepeliant
1406 961 1573 994 mortuos
1595 968 1694 994 suos.
1717 956 1776 994 Di-

998 1005 1047 1041 cit
1063 1006 1110 1041 ad
1131 1016 1216 1041 eum
1244 1016 1339 1041 unus
1365 1005 1569 1051 discipulus
1597 1016 1606 1040 2
1628 1006 1777 1041 Dimitte

998 1063 1052 1087 me
1088 1054 1248 1098 primum
1288 1055 1339 1087 ire
1377 1055 1410 1087 et
1451 1053 1619 1096 sepelire·
1634 1055 1778 1097 patrem

998 1110 1134 1142 meum‚·
1150 1111 1225 1135 non
1241 1099 1330 1135 dixit
1348 1110 1356 1135 z
1374 1099 1539 1143 Dimitte,
1557 1102 1598 1134 ut
1614 1099 1685 1134 sim
1695 1108 1779 1134 cum

998 1150 1104 1193 patre
1122 1157 1219 1190 meo,
1245 1147 1311 1182 sed
1333 1146 1479 1182 dimitte
1498 1156 1556 1181 me
1583 1145 1693 1181 unius
1715 1146 1780 1181 ho-

1000 1205 1051 1229 rae
1071 1193 1204 1238 spatio.
1229 1193 1323 1236 Quid
1350 1193 1542 1239 respondit
1574 1192 1780 1228 Dominus?

1001 1242 1045 1275 Et
1072 1242 1109 1275 iu
1131 1251 1206 1275 una
1226 1241 1320 1276 hora
1340 1241 1462 1285 perire
1480 1242 1598 1285 potes.
1621 1239 1713 1275 Vide
1732 1249 1780 1275 ne

1002 1288 1090 1323 dum
1110 1286 1165 1322 vis
1186 1287 1343 1332 sepelire
1367 1290 1569 1330 mortuum,
1597 1285 1674 1332 ipse
1700 1295 1780 1322 mo-

1002 1334 1112 1370 riaris
1134 1345 1142 1368 :
1164 1347 1181 1367 »
1207 1335 1286 1370 haec
1308 1335 1590 1378 Chrysostomus.

1052 1385 1070 1416 5
1094 1382 1267 1424 QUATUOR
1286 1393 1383 1418 Pium
1403 1391 1575 1416 DISCIPULI
1596 1390 1783 1420 QUADmGAE

1005 1440 1215 1465 conatam.
1242 1450 1287 1454 —
1311 1430 1363 1463 De
1399 1427 1591 1474 praedictis
1623 1429 1784 1472 quatuor

1005 1475 1198 1521 discipulis
1220 1486 1242 1510 a
1264 1475 1471 1521 piscatione
1500 1473 1641 1510 vocatis
1662 1473 1714 1509 sic
1732 1473 1785 1510 ait

1005 1524 1244 1567 Hieronymus
1278 1535 1288 1557 ε
1320 1537 1332 1555 α
1360 1521 1511 1568 Mystice
1550 1525 1675 1557 autem
1713 1521 1785 1557 hac

1007 1570 1190 1615 quadriga
1204 1569 1429 1615 piscatorum
1443 1579 1592 1605 sursum
1604 1568 1785 1603 vehemur

1007 1617 1053 1652 ad
1071 1617 1225 1659 aethera,
1250 1616 1303 1651 uti
1319 1617 1438 1659 Elias;
1463 1615 1520 1651 his
1541 1621 1703 1661 quatuor
1722 1625 1786 1650 an-

1006 1664 1102 1708 gulis
1123 1663 1358 1698 constituitur
1375 1663 1496 1709 prima
1511 1661 1700 1705 Ecclesia;
1727 1661 1785 1697 his

1007 1721 1167 1763 quatuor
1191 1715 1326 1750 litteris
1353 1715 1542 1751 Hebraicis
1569 1713 1785 1761 τετραγράμ-

1005 1782 1111 1817 ματ-ον
1151 1779 1288 1804 nomen
1328 1767 1477 1804 Domini
1514 1768 1728 1813 agnoscitur
1765 1779 1788 1805 a

1007 1816 1128 1853 nobis,
1165 1816 1305 1858 Quibus
1340 1815 1450 1850 simili
1472 1815 1639 1860 exemplo
1662 1814 1787 1860 praeci—

1006 1865 1118 1911 pitur,
1133 1866 1171 1898 ut
1191 1862 1388 1898 audiamus
1406 1872 1534 1897 vocem
1557 1861 1705 1897 Domini
1725 1872 1787 1898 vo-

1008 1910 1141 1953 cantis,
1162 1912 1197 1944 et
1219 1909 1483 1944 obliviscamur
1499 1908 1679 1954 populum
1700 1907 1788 1944 viti-

966 1976 969 1982 ·
1008 1968 1114 1994 orum
1137 1960 1173 1991 et
1193 1956 1348 1991 domum
1364 1961 1530 2001 paternae
1552 1954 1783 1991 conversati—

1008 2005 1102 2048 onis,
1138 2014 1219 2049 quae
1253 2006 1309 2038 est
1339 2001 1495 2038 stultitia
1529 2004 1616 2046 lieo,
1641 2005 1679 2038 et
1706 2005 1787 2038 rete

1007 2061 1220 2093 arenarum,
1253 2049 1291 2085 in
1324 2061 1396 2095 quo
1427 2060 1493 2085 nos
1525 2048 1626 2084 velut
1651 2048 1787 2085 culices

1007 2109 1102 2145 pene
1126 2099 1249 2143 lapsos
1275 2097 1426 2133 tenebat
1455 2107 1532 2139 aer,
1555 2095 1617 2142 qui
1647 2096 1788 2142 pendet

1008 2147 1048 2182 in
1088 2145 1220 2188 nihilo,
1249 2154 1382 2179 navem
1398 2142 1567 2189 pristinae
1588 2153 1786 2179 conversa-

1008 2192 1121 2228 tionis
1162 2191 1449 2227 abominantes.
1493 2190 1622 2226 Simon
1662 2192 1788 2225 autem

1010 2240 1190 2277 obediens.
1233 2237 1401 2274 Andreas
1450 2238 1584 2279 virilu,
1625 2237 1789 2272 Jacobus

1010 2288 1266 2332 supplantans,
1288 2287 1454 2321 Joannes
1479 2285 1603 2328 qratia
1629 2283 1667 2318 in
1689 2282 1788 2319 Lati-

1010 2344 1099 2370 num
1132 2336 1254 2376 sonat,
1281 2331 1416 2377 quibus
1448 2334 1608 2376 quatuor
1631 2329 1790 2366 nomini-

1010 2382 1080 2417 bus
1116 2379 1155 2415 in
1182 2379 1383 2425 imaginem
1412 2377 1477 2414 Dei
1505 2377 1786 2413 convertimur:

1012 2427 1238 2470 obedientia,
1266 2429 1307 2462 ut
1339 2425 1556 2468 audiamus;
1598 2423 1788 2469 virilitate,

1010 2479 1051 2511 ut
1070 2484 1303 2521 pugnemus3
1323 2471 1638 2519 supplantatione,
1654 2474 1695 2507 ut
1708 2481 1790 2517 per-

1010 2532 1247 2564 severemus;
1279 2520 1415 2566 gratia,
1441 2522 1482 2555 ut
1507 2527 1787 2554 conservemur.

1011 2570 1100 2612 Quae
1134 2571 1296 2615 quatuor
1328 2567 1485 2603 virtutes
1503 2564 1711 2602 cardinales
1731 2563 1787 2600 di-

1011 2620 1146 2652 cuntur
1169 2627 1176 2651 :
1210 2625 1277 2661 per
1298 2613 1535 2660 prudentiam
1567 2611 1786 2663 enim-obe-

1010 2663 1145 2706 dimus,
1164 2673 1231 2708 per
1247 2661 1432 2708 Justitiam
1451 2659 1607 2695 viriliter
1626 2667 1786 2704 agimuS,

1009 2720 1076 2755 per
1096 2709 1385 2755 temperantiam
1418 2709 1629 2758 serpentem
1663 2705 1786 2758 caleat

1010 2767 1106 2800 mus,
1146 2767 1213 2802 per
1246 2755 1503 2792 fortitudinem
1528 2756 1688 2799 gratiam
1718 2753 1785 2788 Del

1010 2812 1224 2840 meremur:
1249 2816 1268 2838 »
1288 2803 1369 2839 haec
1393 2803 1644 2846 Hieronymus.
