1902 3126
105 153 164 191 164
603 144 748 178 PRIMAE
784 144 944 180 PARTIS
981 143 1118 178 CAPUT
1155 142 1241 176 XIX

101 226 149 261 Et
163 222 261 257 discit
276 233 285 255 .·
299 220 380 256 Non
396 226 490 252 sum.
508 214 608 252 Sicut
625 215 792 251 Joannes
813 213 882 250 suit

101 268 283 314 Angelus,
301 276 380 301 non
400 266 536 299 natura
554 264 591 298 et
615 271 792 308 persona,
815 261 882 296 sed

103 315 229 352 officio
255 318 292 350 et
311 312 400 355 vita,
422 310 474 346 sic
495 308 608 345 etiam
628 307 688 343 hic
707 318 746 344 se
770 310 884 353 negat

102 362 221 400 Eliam
262 369 343 396 esse
372 367 528 403 corpore
556 359 593 392 et
612 365 796 402 persona;
819 354 884 390 sed

105 408 194 447 alibi
218 407 386 444 Christus
412 403 501 440 dicit
527 413 612 439 eum
645 412 727 438 esse
748 401 882 445 Etiam,

105 454 245 499 officio,
265 458 302 490 et
319 453 407 487 vita.
431 452 511 487 Non
526 449 594 486 suit
613 459 703 494 ergo
724 448 823 484 Elias
847 447 882 483 in

105 512 268 549 persona
289 504 325 536 et
343 508 514 544 corpore,
545 496 611 532 sed
634 495 671 531 in
693 494 826 541 spiritu
848 497 883 529 et

105 549 245 585 virtute
259 559 268 591 ;
282 546 369 593 quia
390 544 530 581 scilicet
549 543 588 579 in
603 542 679 578 suis
692 540 882 586 operibus,

106 596 330 633 ostendebat
349 590 632 628 similitudinem
659 588 761 624 Eliae.
786 587 886 623 Sicut

108 643 208 680 enirn
226 641 321 677 Elias
347 640 546 676 adventum
568 635 715 673 Domini
742 644 885 680 praeve-

106 690 186 726 niet
205 688 423 730 secundum,
449 685 500 720 ita
519 686 682 720 Joannes
705 679 888 727 praevenit

105 736 283 783 primum.
308 734 373 770 Ille
394 741 604 779 praecursor
629 732 808 764 venturus
831 728 888 762 est

104 782 268 825 Judicis;
311 781 382 816 iste
420 786 632 825 praecursor
670 776 791 810 sactus
830 775 887 808 est

106 828 322 868 Salvatoris.
351 828 395 862 Et
426 825 520 860 sicut
543 823 642 859 Elias
673 821 709 856 in
737 821 886 856 deserto

107 877 343 916 morabatur,
388 882 500 918 parco
539 869 610 905 cito
640 868 827 911 utebatur,
853 868 890 901 et

109 923 214 959 duris
252 921 418 956 vestibus
459 916 716 962 operiebatur;
760 912 813 948 sic
853 914 891 948 et

108 972 272 1007 Joannes
295 979 303 1002 z
330 966 440 1002 ambo
481 965 519 998 in
558 963 706 997 deserto
738 969 891 995 conver-

109 1016 194 1059 sati,
221 1015 331 1050 ambo
354 1012 454 1046 victu
479 1008 598 1055 parci,
622 1008 733 1043 ambo
753 1005 890 1042 vestitu

107 1061 252 1099 inculti.
276 1062 318 1095 Et
338 1058 432 1094 sicut
449 1056 548 1092 Elias
567 1053 694 1100 magni
708 1053 775 1089 zeli
796 1052 888 1096 suit;

107 1109 161 1145 sic
181 1112 218 1144 et
235 1108 403 1143 „Ioannes
415 1105 492 1139 zelo
514 1101 697 1145 veritatis,
719 1103 890 1135 mortuus

79 1158 166 1192 *est
195 1167 202 1191 :
233 1155 343 1190 ambo
376 1153 496 1197 Reges
528 1149 750 1194 arguebant,
780 1147 891 1182 ambo

110 1203 255 1248 Regum
280 1198 463 1235 insaniam
482 1196 707 1232 tolerabant.
726 1194 790 1229 Ille
806 1195 889 1229 Jor-

110 1250 249 1285 danem
272 1247 408 1282 coelum
442 1243 625 1291 petiturus
655 1240 807 1283 divisit,
831 1239 893 1275 hic

112 1296 161 1333 ad
199 1295 404 1336 lavacrum,
443 1301 515 1336 quo
560 1289 694 1325 coelum
731 1287 892 1334 petitur,

113 1342 253 1379 multos
270 1338 464 1376 convertit.
482 1339 526 1373 Et
544 1336 631 1382 quia
650 1338 812 1372 Joannes
828 1344 893 1369 ne-

113 1388 215 1436 gavit
238 1398 276 1423 se
298 1397 379 1423 esse
398 1385 530 1428 Etiam,
553 1394 664 1429 quem
685 1385 771 1418 ante
790 1380 894 1416 Chri-

112 1437 160 1473 sti
179 1435 380 1471 adventum
390 1434 572 1467 noverant
583 1440 666 1466 esse
680 1432 893 1471 venturum,

111 1482 331 1529 quaerebant
353 1479 383 1515 si
405 1479 594 1524 Propheta
621 1480 732 1520 esset,
755 1474 896 1511 scilicet

110 1529 174 1566 ille
197 1529 242 1564 de
267 1538 340 1573 quo
359 1529 504 1571 Moyses
525 1525 670 1560 locutus
691 1526 761 1566 est,
783 1531 895 1568 quem

114 1576 230 1613 etiam
252 1575 352 1610 fama
379 1576 460 1608 erat
482 1583 564 1607 esse
590 1573 787 1606 venturum
809 1572 895 1604 ante

115 1622 322 1660 Christum.
366 1622 454 1655 Erat
493 1618 594 1654 enim
629 1618 774 1652 famosa
814 1615 894 1661 opi-

113 1670 178 1706 nio
200 1672 287 1704 tunc
317 1664 511 1712 temporis,
540 1664 639 1710 quod
669 1666 756 1699 6616
789 1661 895 1698 Chri-

116 1720 217 1753 stum
238 1713 383 1750 veniret
398 1723 496 1749 6665
522 1722 682 1757 magnus
709 1710 897 1755 Propheta

115 1761 332 1809 singularis,
347 1771 414 1806 pro
436 1770 479 1795 eo
499 1759 598 1803 quod
617 1757 796 1803 scriptum
813 1758 892 1791 est:

113 1811 331 1856 Prophetam
341 1807 633 1842 suscitabitDeus
648 1805 691 1839 de
714 1804 897 1848 fratribus

113 1858 270 1893 vestris:
293 1857 413 1900 ipsum
435 1857 622 1897 tamquam
636 1862 690 1886 me
711 1851 897 1893 audietis,·

114 1903 216 1950 quod
236 1901 441 1938 secundum
462 1899 657 1935 veritatem
684 1896 896 1942 intelligen-

113 1951 202 1987 dum
223 1952 279 1985 est
299 1949 344 1983 de
365 1948 526 1990 Christo,
544 1946 629 1981 licet
652 1944 772 1981 Judaei
792 1943 898 1979 intel-

115 1998 275 2044 ligerent
311 1996 356 2031 de
391 1994 578 2039 Propheta
615 1992 701 2028 alio.
740 1993 784 2027 Et
812 1990 898 2026 ideo

113 2044 441 2088 interrogaverunt
463 2039 602 2084 eum,si
623 2041 721 2075 esset
736 2038 798 2074 ille
811 2038 901 2073 Pro-

114 2092 249 2138 pheta:
266 2090 446 2134 Propheta
467 2098 501 2123 es
523 2090 561 2122 tu
577 2089 595 2122 ?
616 2089 663 2122 Et
685 2085 898 2130 respondit:

114 2140 210 2176 Non.
244 2135 399 2180 Negavit
429 2146 468 2170 se
499 2145 580 2170 esse
607 2133 711 2169 illum
740 2132 903 2178 Prophe-

114 2187 208 2227 tam,
220 2183 266 2218 de
284 2193 360 2227 quo
383 2181 577 2227 Scriptura
593 2180 774 2226 praedicta
793 2178 904 2214 intel-

116 2230 254 2277 ligitur
271 2240 280 2273 3
300 2229 364 2264 sed
384 2239 459 2263 non
480 2227 631 2273 negavit
651 2238 691 2263 se
710 2237 792 2262 esse
811 2227 902 2262 Pro-

115 2278 270 2325 phetam
313 2275 496 2318 absolute,
544 2285 614 2310 nec
665 2274 892 2319 Prophetam

116 2324 274 2361 missum
296 2325 381 2357 ante
403 2321 611 2357 Christum.
635 2320 671 2357 Si
695 2320 797 2356 enini
835 2319 904 2356 fuit

115 2372 203 2419 plus
233 2379 345 2415 quam
367 2369 581 2414 Propheta,
606 2367 774 2413 sequitur
803 2367 903 2412 quod

118 2418 191 2455 fuit
221 2417 440 2462 Propheta;
468 2415 558 2460 quia
582 2414 707 2450 minus
745 2413 902 2450 includi-

117 2468 181 2502 tur
219 2463 258 2499 in
291 2462 439 2508 maj0ri.
466 2463 557 2498 Cum
595 2461 709 2507 igitur
739 2462 904 2497 Joannes

116 2516 196 2549 tam
219 2511 386 2546 famosus
406 2512 518 2553 esset,
540 2511 582 2545 ut
608 2511 748 2554 posset,
771 2507 801 2543 si
824 2508 900 2543 vel-

121 2559 188 2603 let,
210 2557 378 2595 Christus
401 2556 539 2603 putari,
552 2554 672 2591 noluit
690 2565 766 2590 non
781 2555 902 2590 solum

121 2605 306 2649 Christus,
323 2604 389 2640 sed
406 2614 475 2639 666
494 2603 607 2647 Ε1165,
626 2613 694 2638 666
713 2602 903 2648 Propheta

120 2652 216 2689 alius
234 2650 415 2697 reputari.
435 2652 479 2686 Et
498 2651 570 2687 hoc
589 2652 645 2685 est
668 2652 799 2685 eontra
819 2658 900 2693 eos,

122 2699 187 2746 qui
202 2709 241 2735 se
252 2699 397 2745 „iactant
408 2698 454 2735 de
468 2708 621 2745 genere,
633 2695 722 2743 vita,
732 2694 900 2740 scientia,

122 2750 160 2785 et
181 2745 412 2794 hujusmodi.

1007 217 1026 250 5
1055 213 1178 256 QUARE
1203 213 1362 248 JOANNES
1388 221 1459 246 vom
1485 212 1665 248 memmi?
1689 233 1735 240 —

959 260 1117 305 Deinde,
1141 269 1224 295 cum
1246 258 1442 301 instarent,
1463 261 1499 294 et
1516 258 1605 305 quid
1624 259 1671 296 de
1694 269 1736 297 se

960 308 1115 351 diceret,
1139 317 1186 342 ne
1207 306 1254 342 ad
1276 305 1360 341 illos
1381 305 1442 350 qui
1461 316 1523 341 eos
1537 305 1734 352 miserant,

960 356 1100 400 absque
1121 363 1302 399 responso
1331 352 1496 388 redIrent
1519 364 1527 388 ε
1556 354 1739 390 Diae-erunt

961 412 1043 445 erqo
1069 402 1102 436 ei
1125 413 1135 436 .·
1170 402 1257 443 Quis
1283 409 1318 434 es
1336 402 1354 434 ?
1377 403 1418 434 ut
1439 410 1650 445 responsum
1670 399 1738 435 de-

960 458 1039 483 mus
1059 449 1130 485 his.
1153 449 1217 491 qui
1233 448 1408 481 miserunt
1426 457 1490 481 nos
1498 459 1510 489 ,-
1533 447 1623 491 quid
1643 446 1740 483 dicis

961 496 1004 530 de
1025 496 1163 539 teipso?
1184 492 1377 538 respondit
1403 493 1496 528 dans
1523 494 1569 529 de
1590 492 1738 530 Christo

960 539 1230 583 testimonium,
1257 539 1459 575 asserendo
1481 550 1521 575 se
1547 540 1627 586 eJ'us
1650 549 1734 576 esse

963 596 1230 634 praecursorem
1256 588 1293 620 et
1325 587 1379 620 ait
1406 598 1416 620 :
1448 588 1524 629 qu
1545 597 1630 628 vom,
1657 596 1736 622 non

963 634 1114 680 quidem
1134 632 1171 667 in
1188 642 1352 677 persona
1371 635 1407 667 et
1421 642 1590 678 corpore,
1610 632 1676 669 sed
1695 631 1735 669 in

963 681 1087 716 officio
1108 682 1145 714 et
1166 677 1429 721 similitudine;
1451 689 1536 719 voae,
1564 680 1735 724 inquam,

963 726 1075 763 Verbi
1093 729 1130 761 et
1147 724 1280 761 Christi
1301 735 1367 770 per
1388 735 1460 769 me,
1485 726 1678 761 clamantis
1697 727 1739 761 in

964 775 1102 809 deserto
1122 785 1132 807 :
1163 773 1319 815 Di7²i9ite
1347 774 1445 806 vicem
1465 773 1623 814 Domini,
1644 773 1742 808 sicut

966 821 1057 856 dicit
1075 821 1193 855 isaias
1215 820 1405 863 Propheta,
1425 818 1462 853 id
1483 821 1551 863 est,
1567 829 1636 865 ego
1656 828 1740 855 sum

965 867 1042 911 ille,
1076 867 1121 902 de
1159 876 1231 910 quo
1273 865 1463 910 Scriptura
1499 865 1604 901 Isaiae
1635 864 1739 911 dicit,

966 914 1065 960 quod
1091 913 1128 948 in
1150 913 1297 948 deserto
1328 912 1466 947 Judaeae
1494 913 1656 948 clamare
1672 912 1740 948 de-

965 962 1051 1004 bet;
1072 962 1114 995 ut
1131 958 1302 995 homines
1321 960 1367 994 ad
1389 958 1522 995 Christi
1537 959 1740 995 adventum

966 1007 1005 1043 in
1031 1007 1211 1043 mundum
1235 1017 1274 1041 se
1304 1009 1530 1052 praeparent.
1556 1007 1740 1042 Praenun-

967 1054 1040 1090 tius
1075 1053 1211 1089 Christi
1239 1054 1276 1088 in
1312 1053 1459 1088 deserto
1483 1053 1633 1098 clamat,
1655 1052 1744 1098 quia

966 1101 1105 1137 Judaeae
1122 1111 1143 1135 a
1163 1099 1283 1146 gratia
1304 1099 1369 1135 Dei
1393 1099 1548 1136 desertae
1570 1103 1607 1136 et
1626 1098 1742 1135 desti-

967 1151 1071 1191 tutae,
1094 1158 1159 1183 seu
1180 1146 1367 1182 derelicta}
1390 1146 1564 1183 solatium
1582 1146 1742 1182 Redem—

967 1194 1106 1241 ptionis
1123 1192 1332 1229 annuntiat.
1353 1195 1395 1228 Et
1410 1194 1503 1229 bene
1523 1192 1744 1240 designatur

967 1244 1133 1279 Joannes
1171 1240 1211 1275 in
1250 1240 1478 1285 proprietate
1509 1241 1623 1284 vocis,
1655 1238 1743 1285 quia

969 1292 1049 1325 erat
1067 1286 1310 1323 annuntiator
1335 1286 1447 1322 Verbi
1479 1285 1608 1330 divini,
1628 1285 1668 1322 id
1688 1289 1744 1322 est

969 1334 1120 1378 Christi,
1152 1333 1230 1379 qui,
1253 1334 1458 1369 secundum
1496 1333 1745 1378 divinitatem,

970 1386 1025 1419 est
1043 1382 1205 1418 Verbum
1228 1379 1349 1416 Patris
1366 1391 1374 1415 :
1391 1380 1486 1416 sicut
1501 1391 1569 1416 vox
1580 1380 1747 1416 humana

970 1432 1027 1466 est
1061 1427 1274 1474 expressiva
1308 1427 1411 1463 verbi
1443 1426 1630 1463 mentalis.
1661 1428 1744 1463 Vooe

970 1486 1060 1522 ergo
1086 1477 1237 1510 vocatur
1268 1475 1444 1518 Joannes,
1471 1473 1559 1520 quia
1580 1473 1745 1510 Verbum

969 1526 1124 1559 vocatur
1153 1521 1333 1557 Christus.
1363 1521 1463 1557 Sicut
1483 1520 1583 1557 enim
1602 1530 1745 1567 praeee-

971 1570 1025 1606 dit
1044 1580 1113 1604 vox
1132 1569 1301 1612 verbum,
1320 1567 1371 1603 ita
1387 1570 1552 1604 Joannes
1568 1565 1748 1614 praeeedit

971 1615 1171 1653 Christum.
1195 1617 1287 1650 Nam
1313 1615 1439 1650 statim
1466 1618 1506 1650 ut
1530 1625 1574 1650 ex
1602 1613 1746 1651 01610-

971 1664 1119 1709 quentis
1141 1672 1254 1697 sonus
1284 1661 1321 1697 in
1349 1662 1640 1707 qualescumque
1658 1670 1745 1707 pro·

973 1709 1084 1754 cedit,
1106 1720 1174 1744 vox
1208 1712 1282 1752 est3
1315 1710 1471 1744 verbum
1499 1711 1623 1744 autem
1650 1717 1746 1743 606-

971 1758 1059 1793 dum
1080 1759 1150 1800 est,
1173 1755 1259 1801 quia
1292 1766 1402 1791 omne
1430 1757 1586 1791 verbum
1607 1753 1748 1800 aliquid

973 1803 1171 1849 significat.
1187 1804 1229 1838 Et
1243 1801 1338 1838 sicut
1353 1814 1421 1837 vox
1436 1802 1650 1838 manitestat
1663 1811 1747 1837 ver-

972 1852 1075 1895 bum,
1090 1849 1313 1885 5161066665
1334 1849 1522 1884 Christum
1536 1860 1544 1892 ;
1558 1847 1646 1894 quia
1665 1857 1750 1894 pro-

972 1902 1102 1944 pterea
1121 1898 1236 1938 venit,
1257 1899 1297 1931 ut
1328 1906 1411 1931 eum
1433 1896 1472 1931 in
1496 1895 1610 1931 Israel
1630 1893 1750 1931 mani-

973 1946 1140 1980 festaret.
1178 1945 1284 1987 Item,
1316 1954 1384 1978 vox
1419 1941 1665 1989 propinquior
1693 1944 1751 1977 est

973 1992 1103 2035 verbo,
1124 2000 1235 2036 quam
1267 2000 1400 2033 sonus3
1434 1989 1524 2035 quia
1542 1989 1663 2035 primo
1682 1998 1749 2024 au-

974 2039 1076 2074 ditur
1106 2047 1233 2081 50665,
1253 2036 1390 2073 deinde
1418 2036 1621 2083 percipitur
1649 2034 1751 2081 quod

974 2096 1045 2121 vox
1074 2088 1143 2128 est,
1166 2087 1201 2120 et
1230 2083 1363 2119 deinde
1389 2084 1544 2119 verbum
1569 2082 1670 2129 quod
1694 2080 1751 2117 di-

977 2131 1072 2168 citur
1084 2142 1153 2178 per
1171 2141 1313 2166 vocem.
1338 2129 1397 2166 Sic
1413 2132 1575 2166 ,Ioannes
1600 2127 1751 2176 propin-

978 2178 1087 2226 quior
1102 2181 1158 2214 est
1174 2177 1320 2214 Christo
1333 2188 1444 2222 quam
1456 2177 1519 2213 alii
1535 2176 1749 2222 Prophetae,

978 2236 1139 2272 quorum
1165 2224 1363 2271 prophetia
1393 2224 1462 2260 suit
1491 2222 1595 2269 quasi
1621 2232 1750 2267 50665,

977 2276 1150 2319 respectu
1175 2271 1352 2315 Joannis3
1378 2270 1465 2316 quia
1489 2270 1544 2306 illi
1564 2270 1610 2306 de
1631 2279 1753 2306 remo-

977 2319 1039 2365 tis,
1060 2319 1129 2355 iste
1149 2319 1195 2354 de
1212 2318 1424 2364 propinquo
1447 2317 1634 2354 Christum
1653 2315 1752 2352 indi-

979 2366 1075 2403 cavit
1092 2365 1221 2402 dicens
1243 2377 1251 2402 :
1273 2368 1362 2401 Ecce
1380 2366 1509 2409 Aqnus
1523 2365 1601 2400 Dei.
1620 2361 1752 2400 Merito

978 2424 1068 2461 ergo
1079 2415 1243 2449 Joannes
1259 2423 1470 2458 praecursor
1482 2410 1630 2448 Domini
1640 2419 1753 2447 voca·

977 2464 1060 2505 tur3
1078 2459 1166 2506 quia
1188 2462 1224 2495 et
1244 2460 1448 2503 nascendo,
1465 2462 1502 2495 et
1512 2456 1751 2504 baptizando,

978 2512 1016 2544 et
1036 2506 1292 2554 praedicando,
1319 2509 1356 2542 et
1381 2505 1591 2548 moriendo,
1615 2506 1653 2540 et
1670 2502 1753 2549 ipsa

981 2554 1037 2591 sui
1068 2553 1233 2590 nominis
1267 2552 1531 2600 appellatione,
1564 2549 1753 2587 Christum

978 2601 1179 2638 Dominum
1203 2601 1468 2646 praecurrebat.

1026 2651 1046 2684 6
1067 2649 1199 2684 ΞΕΜΙΤΑ
1216 2649 1347 2683 Donum
1369 2657 1538 2687 QUOMODO
1559 2653 1721 2680 PARATUR
1734 2642 1753 2679 Τ

977 2714 1022 2721 ——
1045 2695 1116 2731 Sed
1138 2694 1225 2740 quid
1247 2694 1446 2738 clamabat,
1468 2693 1563 2728 alius
1582 2692 1752 2735 Evange-

977 2741 1063 2779 lista
1083 2741 1134 2778 sic
1156 2744 1285 2779 narrat
1305 2740 1434 2778 dicens
1457 2751 1465 2776 :
1483 2741 1630 2781 Parate,
1646 2736 1685 2774 id
1696 2739 1754 2774 est
