1876 3126
114 147 175 184 360
585 149 734 182 PRIMAE
769 149 923 184 PARTIS
960 150 1097 185 CAPUT
1132 151 1250 185 XLIII

115 222 193 266 bat,
219 221 284 257 sed
304 223 341 257 et
362 220 480 257 voluit
501 231 564 256 eos
586 220 790 266 dimittere,
805 224 900 258 utet

114 268 250 315 reliqui
263 268 382 305 Judaei
399 268 581 303 doctrinae
600 269 681 314 ejus
699 268 899 316 partiCipes

115 319 254 353 essent.
269 329 287 348 »
305 317 349 351 Et
365 315 446 351 ideo
467 315 651 361 sequitur,
668 317 800 361 quibus
815 319 869 353 ait
882 329 894 352 .·

113 363 209 407 Quia
235 366 268 398 et
304 364 391 398 aliis
424 364 636 398 civitatibus
671 366 809 408 oportet
843 374 898 399 me

115 411 367 454 evangelizare
386 421 537 454 regnum
554 411 631 453 Dei,
648 408 687 445 id
705 414 762 446 est
780 411 898 457 quali-

112 459 173 494 ter
197 456 416 504 pervenitur
441 457 488 492 ad
515 467 673 503 regnum
699 457 780 502 Dei,
809 458 898 504 quia

113 514 184 552 per
203 503 479 551 poenitentiam,
503 514 586 549 quae
608 508 663 539 est
682 504 741 540 via
760 505 807 541 ad
827 506 898 541 hoo

113 551 373 605 perveniendi.
388 551 455 587 Ubi
472 553 712 598 Theophilus:
732 566 749 585 «
764 554 899 588 Trans-

114 601 146 635 1t
182 598 282 635 enim
315 599 362 635 ad
399 598 493 634 alios
532 598 651 644 magis
683 599 897 645 indigentes

118 645 303 690 doctrina,
335 645 423 692 quia
450 657 526 682 non
560 648 733 682 convenit
758 647 796 682 in
821 658 895 682 uno

117 692 201 730 loco
222 693 433 730 doctrinam
461 693 706 739 concludere3
723 694 790 730 sed
811 694 896 730 ubi-

974 233 1045 269 que
1067 221 1192 259 radios
1213 223 1293 269 ejus
1314 222 1526 258 extendere.
1551 236 1570 255 »
1593 222 1662 260 Ubi
1684 222 1753 260 ite·

971 280 1055 306 rum
1095 271 1365 315 chrysostomus
1395 282 1402 305 z
1439 284 1454 302 κ
1489 270 1606 306 Simul
1635 269 1752 308 etiam

972 317 1182 363 considera,
1202 318 1300 363 quod
1323 320 1469 364 poterat
1489 317 1527 353 in
1547 317 1680 353 eodem
1698 317 1751 354 lo·

972 375 1014 401 co
1038 365 1225 400 manendo
1254 375 1384 400 omnes
1408 365 1599 400 attrahere
1624 364 1673 400 ad
1694 374 1750 410 se,

969 422 1046 447 non
1067 415 1194 447 tamen
1213 411 1304 447 illud
1326 412 1426 456 serit,
1446 413 1620 457 praebens
1641 410 1754 448 nobis

971 458 1195 504 exemplum,
1209 462 1247 494 ut
1259 460 1563 505 perambulemus
1578 462 1614 494 et
1628 457 1753 504 requi·

970 516 1100 542 ramus
1125 510 1340 551 pereuntes,
1368 506 1464 542 sicut
1489 509 1618 552 pastor
1643 514 1754 542 ovem

970 551 1172 605 perditam,
1192 555 1229 588 et
1247 552 1344 589 sicut
1363 554 1508 589 accedit
1524 552 1690 589 medicus
1703 551 1753 589 ad

970 599 1176 635 infirmum.
1194 600 1274 635 Una
1294 600 1392 635 enim
1415 600 1542 636 anima
1557 609 1753 647 recupera-

972 650 1023 690 ta,
1044 645 1183 692 poterit
1201 646 1339 692 aliquis
1366 646 1467 683 mille
1498 646 1635 684 delicta
1657 647 1752 684 abo·

970 692 1050 730 lere
1069 704 1078 729 :
1099 707 1118 727 »
1139 693 1222 729 haec
1243 694 1527 739 chrysostomus.

839 827 1024 865 ORATIO.

165 945 324 984 Domine
340 948 429 983 Jesu
449 945 609 989 Christe,
631 954 784 981 remove
803 947 840 980 et
860 943 954 991 eJice
973 943 1146 991 spiritum
1167 945 1399 981 immundum
1421 956 1443 982 a
1465 955 1539 990 me,
1561 955 1608 981 ne
1628 944 1754 992 aliquo

116 995 231 1032 modo
252 1005 311 1030 me
333 994 454 1030 valeat
474 994 680 1037 maculare,
701 992 756 1028 ve]
776 991 815 1027 in
836 991 1005 1036 maculis,
1024 992 1214 1037 detinere;
1236 996 1275 1029 ut
1290 992 1359 1028 sim
1381 996 1417 1028 et
1432 1003 1635 1039 appaream
1648 1003 1756 1029 mun-

117 1042 165 1079 do
184 1045 371 1085 mortuus,
394 1051 474 1076 cum
498 1051 519 1076 a
540 1050 756 1086 possessore
776 1049 906 1085 pravo,
929 1039 991 1085 qui
1011 1050 1079 1086 per
1099 1039 1293 1076 immunda
1308 1051 1377 1076 nos
1397 1040 1526 1086 agitat,
1546 1040 1650 1076 fuero
1664 1039 1757 1077 libe-

115 1092 234 1126 ratus.
258 1089 348 1124 Peto
369 1087 497 1132 etiam,
520 1086 691 1132 Domine,
715 1089 751 1122 te
772 1085 960 1122 medicum
983 1087 1209 1129 animarum,
1241 1090 1284 1123 ut
1304 1098 1364 1123 me
1389 1098 1521 1123 curare
1546 1086 1712 1133 digneris
1732 1096 1756 1124 a

117 1136 222 1173 febre
241 1135 432 1180 vitiorum,
455 1139 639 1181 quatenus
660 1144 819 1178 surgens
837 1134 884 1170 ab
900 1134 953 1170 eis
968 1134 1114 1171 valeam
1135 1134 1202 1171 tibi
1223 1134 1437 1171 ministrare
1455 1138 1490 1170 et
1508 1138 1655 1180 gratam
1675 1144 1754 1170 ser-

116 1183 275 1219 vitutem
296 1182 485 1219 exhibere.
508 1184 560 1218 Tu
581 1181 709 1226 etiam,
731 1180 906 1226 Domine,
931 1192 1021 1218 eura
1041 1192 1100 1218 me
1120 1185 1158 1218 et
1177 1192 1308 1218 omnes
1327 1181 1441 1218 variis
1466 1182 1603 1218 animae
1623 1181 1754 1218 deten-

117 1234 177 1267 tos
198 1230 430 1276 langoribus,
452 1233 492 1266 ut
508 1240 530 1266 a
550 1228 712 1276 peccatis
727 1228 808 1265 sani
826 1232 864 1265 et
880 1227 1090 1267 incolumes
1104 1228 1207 1275 facti,
1221 1228 1291 1266 tibi
1308 1228 1580 1274 ministremus,
1593 1231 1631 1266 et
1643 1228 1756 1266 bene-

118 1277 257 1326 placita
277 1288 345 1314 sua
370 1288 611 1325 peragamus.
630 1278 764 1313 Amen.
