1902 3126
117 151 173 184 122
617 152 760 185 PRIMAE
798 153 954 189 PARTIS
992 153 1129 188 CAPUT
1166 155 1246 188 XIV

113 219 316 265 aliquando
347 220 458 255 Filius
485 220 621 257 famem
646 222 805 268 patiens,
828 234 893 270 pa-

116 276 201 302 nem
219 266 337 311 petiit,
362 278 428 302 nec
448 268 548 304 unde
567 269 673 305 daret
694 271 812 306 Mater
832 272 894 306 ha-

115 312 221 349 buit?
237 315 365 348 Nonne
384 314 421 349 in
442 314 499 350 his
518 316 607 351 etin
627 316 823 361 similibus,
842 323 894 354 to-

115 359 240 395 taliter
260 361 567 398 concutiebantur
593 363 735 400 viscera
753 364 894 411 ipsius?

112 406 385 443 Consolabatur
428 410 550 445 verbis
591 410 738 456 Filium,
783 415 894 457 prout

115 457 274 498 poterat,
300 458 335 490 et
357 454 603 493 nihilominus
624 469 735 504 opere
756 459 893 494 victum

113 502 353 545 procurabat,
389 506 425 538 et
463 503 531 539 sibi
569 504 662 540 forte
691 505 893 551 aliquando

114 547 160 582 de
180 547 278 584 victu
304 550 562 595 subtrahebat,
590 556 628 587 ut
652 553 742 588 Filio
772 563 893 588 reser-

114 597 230 630 varet.
254 597 297 630 Et
317 596 368 631 sic
386 607 429 632 ex
449 609 562 644 opere
588 610 765 635 manuum
788 610 895 645 opor-

116 641 215 677 tebat
237 653 405 688 quaerere
426 645 576 680 victum.
607 647 701 689 Quid
729 647 894 682 dicemus

113 688 159 724 de
180 689 425 735 vestimentis,
452 692 540 737 quid
563 693 608 728 de
638 693 891 737 ustensilibus,

112 735 253 771 scilicet
290 738 394 773 lectis
429 743 463 774 et
497 739 579 775 aliis
609 741 708 775 intra
741 741 893 775 domum

113 784 361 828 opportunis?
377 786 563 831 Numquid
582 787 770 833 duplicia?
785 789 895 822 Num-

109 829 200 876 quid
215 833 423 876 superflua?
434 833 617 878 Numquid
629 834 775 870 curiosa
785 835 896 870 habe-

113 877 176 912 bat
190 879 205 912 ἶ)
227 880 311 913 Haec
333 879 457 914 omnia
484 884 615 916 contra
636 885 893 926 paupertatem

113 927 213 967 sunt,
241 929 274 960 et
303 925 401 969 ideo,
431 926 459 961 si
487 927 626 963 habere
650 932 789 973 posset,
812 928 892 963 nol-

110 970 162 1006 let
180 981 224 1006 ea
244 974 472 1017 paupertatis
499 975 668 1010 amatrix.
693 975 764 1011 Sed
785 985 892 1011 num-

112 1017 201 1062 quid
234 1019 391 1054 Domina
420 1021 574 1065 suendO,
598 1023 655 1057 vel
676 1022 750 1058 alia
779 1033 893 1068 opera

112 1064 299 1108 faciendo,
333 1066 492 1102 faciebat
519 1078 624 1103 more
646 1070 892 1114 quorumdam

112 1121 227 1156 opera
247 1112 423 1148 curiosa?
442 1114 559 1150 Absit.
586 1116 650 1150 Est
673 1115 772 1151 enim
793 1116 891 1161 peri-

111 1157 279 1193 culosum
318 1163 354 1194 et
392 1160 499 1197 valde
541 1171 718 1207 magnum
761 1163 892 1198 vitium

110 1208 263 1250 propter
294 1206 425 1251 multa,
447 1208 492 1243 de
524 1219 597 1253 quo
621 1209 730 1245 latius
751 1210 894 1245 dicetur

967 224 1121 268 suendo,
1144 224 1302 260 texendo
1324 224 1535 269 sollicitam,
1559 226 1744 269 quomodo

968 271 1054 306 facit
1074 281 1118 307 ea
1140 271 1300 307 fideliter
1324 274 1435 316 atque
1456 272 1646 308 humiliter
1662 283 1746 309 cum

967 318 1160 363 diligentia
1181 328 1219 353 se
1237 319 1425 362 habendo,
1447 323 1483 354 et
1505 319 1745 356 nihilominus

967 375 1078 410 snper
1108 365 1198 401 Filio
1232 369 1268 401 et
1296 365 1566 408 gubernatione
1597 366 1744 411 domus,

967 423 1094 447 curam
1115 412 1437 457 diligentissimam
1457 413 1643 457 habendo,
1656 411 1747 459 vigi-

967 458 1100 503 liisque
1133 463 1167 494 et
1196 459 1443 504 orationibus,
1478 461 1583 506 Juxta
1621 470 1745 506 posse,

968 516 1115 551 semper
1148 505 1399 550 intendendo;
1431 511 1464 542 et
1498 510 1575 543 toto
1609 507 1746 543 affectu

968 555 1180 597 compatere
1216 552 1304 595 sibi;
1345 557 1382 588 et
1414 553 1611 590 considera
1646 553 1747 600 quod

967 610 1041 633 non
1060 598 1189 634 habuit
1203 599 1356 634 omnino
1373 600 1489 644 gratis
1503 611 1662 646 regnum
1681 599 1746 636 Dei

969 647 1125 681 Domina
1142 645 1260 691 regni.
1283 647 1353 682 Sed
1373 651 1408 681 et
1425 648 1563 692 Joseph
1582 651 1746 691 sanctus,

968 692 1072 728 faber
1089 692 1283 738 lignarius,
1304 693 1443 738 aliquid
1462 695 1689 739 operabatur
1709 693 1748 729 in

967 743 1045 776 arte
1067 739 1296 785 lignaminis.
1329 741 1431 776 Unde
1461 740 1547 786 quia
1574 751 1745 787 compas-

966 786 1082 822 sionis
1112 786 1273 822 occurrit
1294 787 1464 830 materia,
1490 788 1641 823 tandem
1662 797 1746 823 cum

965 833 1130 879 aliquam
1153 844 1295 869 moram
1324 845 1406 870 cum
1429 835 1482 870 eis
1503 834 1746 878 contraxeris,

965 885 1049 926 pete
1076 881 1275 916 recedendi
1300 881 1503 926 licentiam,
1528 884 1564 917 et
1592 881 1747 917 benedi-

965 927 1088 964 ctione
1113 932 1278 974 accepta,
1302 929 1422 974 primo
1449 940 1471 965 a
1498 939 1612 975 puero
1642 930 1746 974 Jesu,

966 975 1099 1011 deinde
1138 986 1158 1011 a
1197 977 1327 1019 Matre,
1368 980 1499 1022 postea
1534 986 1555 1011 a
1591 975 1747 1021 Joseph,

965 1022 1126 1067 genibus
1147 1023 1265 1066 flexis,
1288 1028 1324 1058 et
1344 1034 1427 1059 cum
1450 1021 1623 1069 lacrymis
1644 1032 1747 1058 com-

965 1070 1138 1115 passione
1172 1080 1308 1115 magna
1339 1070 1537 1106 valefacias
1564 1069 1631 1114 eis,
1661 1068 1749 1115 quia

966 1120 1159 1162 tamquam
1187 1118 1310 1153 exules
1348 1128 1370 1152 a
1402 1117 1537 1163 patria,
1560 1116 1641 1152 sine
1680 1116 1748 1152 ali-

967 1174 1041 1209 qua
1057 1174 1184 1208 causa,
1207 1168 1243 1199 et
1264 1164 1466 1208 exbanniti,
1486 1166 1682 1200 remanent
1702 1163 1750 1199 ad

967 1211 1282 1256 peregrinandum
1301 1211 1454 1255 ibidem,
1467 1211 1506 1246 in
1526 1214 1626 1246 terra
1648 1212 1751 1256 AEgy-

111 1251 221 1287 infra.
246 1253 426 1299 Conspice
445 1254 561 1300 igitur
580 1267 677 1292 nunc
697 1257 892 1293 Dominam

967 1257 1033 1303 pti,
1068 1268 1134 1303 per
1170 1268 1288 1293 annos
1326 1263 1494 1305 septem,
1534 1257 1574 1293 in
1610 1257 1747 1294 sudore

111 1297 151 1333 in
170 1298 362 1337 laboribus
384 1304 419 1337 et
434 1302 610 1348 operibus
630 1303 720 1348 suis,
737 1304 891 1349 filando,

966 1304 1091 1340 vultus
1112 1304 1168 1341 sui
1189 1304 1336 1341 victuri.

851 1428 1021 1464 ORATIO

166 1516 323 1552 Domine
360 1519 449 1554 Jesu
484 1518 641 1561 Christe,
678 1519 739 1565 qui
770 1519 891 1555 adhuc
919 1520 1057 1565 infans,
1086 1520 1367 1566 persecutiones
1395 1524 1431 1557 et
1457 1520 1567 1558 exilia
1599 1521 1690 1568 pati,
1716 1523 1752 1557 et

118 1563 281 1599 infantes
300 1568 385 1599 tunc
404 1575 469 1610 pro
492 1569 526 1601 te
548 1566 665 1601 occidi
685 1566 850 1610 voluisti,
872 1568 919 1603 da
937 1567 1027 1602 mihi
1050 1568 1187 1603 misero
1209 1569 1289 1603 haec
1309 1565 1452 1613 omniaJ
1465 1579 1507 1605 ac
1525 1568 1638 1605 etiam
1654 1579 1754 1604 mor-

117 1612 208 1653 tem,
245 1611 274 1645 si
294 1615 452 1657 oportet,
479 1623 546 1658 pro
567 1616 602 1648 te
624 1613 810 1658 patienter
834 1615 1009 1659 tolerare,
1032 1619 1240 1660 cunctaque
1269 1625 1448 1661 prospera
1472 1615 1601 1652 mundi
1622 1614 1751 1661 despi-

118 1667 216 1701 cere,
240 1662 276 1693 et
298 1659 399 1693 nulla
419 1660 499 1704 ejus
519 1660 677 1696 adversa
695 1660 911 1697 formidare.
934 1663 977 1697 Et
995 1672 1072 1705 vos,
1092 1673 1112 1697 o
1133 1662 1358 1697 sanctissimi
1376 1664 1613 1707 Innocentes,
1636 1663 1751 1698 flores

114 1708 155 1739 et
188 1704 360 1749 primitiae
389 1710 609 1752 martyrum,
644 1707 707 1753 qui
733 1718 800 1753 per
825 1708 1077 1745 innocentiam
1109 1713 1145 1744 et
1171 1709 1337 1755 martyrii
1368 1710 1532 1755 palmam
1562 1709 1627 1745 Dei
1655 1709 1749 1745 Filio

116 1750 251 1787 infanti
283 1752 509 1797 adhaesistis,
547 1754 753 1799 dignemini
786 1755 830 1791 de
865 1755 1095 1801 plenitudine
1126 1756 1255 1802 gratiae
1285 1762 1320 1792 et
1345 1756 1572 1792 innocentiae
1598 1759 1746 1799 vestrae,

118 1797 328 1834 infirmitati
353 1803 388 1835 et
411 1800 571 1837 miseriae
591 1805 828 1847 peccatorum
855 1813 1024 1839 meorum
1044 1803 1206 1848 veniam,
1229 1806 1265 1839 et
1283 1804 1442 1850 gratiam
1462 1805 1508 1840 ab
1528 1804 1662 1840 eodem
1683 1802 1749 1840 Dei

117 1844 210 1881 Filio
230 1846 500 1892 benignissimo
519 1848 706 1885 obtinere.
728 1850 860 1886 Amen.

773 2062 954 2108 CAPUT
991 2063 1091 2110 XIV

146 2202 196 2230 DE
221 2203 365 2232 REDITU
388 2205 526 2233 DOMINI
549 2206 603 2235 Ex
624 2205 797 2243 AEGYPTO,
825 2207 873 2235 ET
897 2207 1019 2235 INITIO
1039 2207 1299 2235 POENITENTIAE
1320 2207 1482 2236 JOANNIS
1506 2207 1723 2236 BAPTISTAE.

769 2330 933 2367 Matthaei
951 2341 1031 2377 cap.
1055 2332 1100 2367 II.

172 2475 184 2497 1
209 2462 227 2498 J
233 2472 343 2497 osaru
359 2473 511 2498 COELITUS
528 2474 693 2500 uonmun
709 2477 753 2500 DE
773 2478 900 2502 annm]

119 2519 164 2543 Ex
184 2510 354 2544 AEGYPTO.
385 2531 431 2535 -—
451 2510 652 2556 Completis
675 2516 799 2548 autem
823 2514 901 2549 sere

122 2560 264 2601 septem
292 2556 415 2600 annis,
438 2557 572 2603 quibus
595 2559 775 2595 Dominus
794 2571 899 2606 pere-

120 2602 292 2648 grinatus
315 2606 372 2639 est
405 2603 443 2640 in
475 2606 644 2651 AEgypto,
673 2609 709 2641 et
734 2608 902 2650 defuncto

124 2650 274 2691 Herode,
297 2654 449 2687 vocatus
469 2655 525 2687 est
542 2653 722 2688 Dominus
739 2664 779 2689 ex
799 2656 905 2700 AEgy-

126 2699 189 2742 pto
215 2709 221 2732 :
247 2697 333 2742 quia
360 2698 456 2734 sicut
487 2698 622 2735 dicitur
654 2699 693 2735 in
724 2701 903 2746 historiis,

126 2743 320 2790 trigesimo
346 2755 446 2782 anno
471 2746 579 2792 regni
605 2748 776 2793 Herodis,
797 2752 906 2785 natus

971 2470 1026 2503 est
1041 2467 1223 2512 Christus,
1240 2470 1275 2503 et
1291 2467 1482 2514 trigesimo
1503 2471 1632 2505 octavo
1650 2479 1749 2506 anno

971 2515 1075 2560 regni
1105 2515 1177 2559 sui,
1202 2519 1371 2551 mortuus
1390 2519 1446 2551 est
1469 2516 1647 2552 Herodes.
1673 2517 1751 2552 Hoc

972 2566 1096 2598 autem
1136 2562 1275 2598 factum
1319 2566 1387 2607 est,
1432 2566 1472 2599 ut
1515 2562 1750 2599 consecutive

973 2609 1241 2655 adimpleretur
1267 2610 1366 2655 quod
1391 2609 1529 2645 dictum
1555 2612 1611 2646 est
1633 2620 1655 2646 a
1675 2611 1748 2645 Do-

975 2655 1090 2700 mino,
1113 2666 1180 2702 per
1213 2657 1346 2692 Oseam
1381 2657 1602 2703 prophetam
1643 2668 1650 2693 :
1688 2659 1748 2693 Eae

974 2705 1128 2748 AEyypto
1150 2706 1276 2739 vocavi
1300 2705 1433 2739 Filium
1458 2714 1586 2745 meum,
1610 2703 1752 2740 scilicet

975 2751 1342 2787 consubstantialem.
1365 2752 1440 2787 Hoc
1465 2754 1588 2787 autem
1612 2751 1659 2788 de
1685 2761 1750 2788 vo-
