1902 3126
401 164 512 204 QUOD
550 162 660 196 PUER
698 162 828 196 JESUS
867 164 1086 197 INVENTUS
1126 164 1203 198 EST
1244 167 1286 200 lx
1325 167 1513 201 TEMPLO.
1723 167 1782 202 129

140 237 261 272 tenter
300 233 544 271 ascenderent
586 241 668 266 mox
717 233 918 276 reversuri,

138 286 192 327 ut,
215 293 281 318 nec
304 279 538 317 solemnitate
565 279 832 324 praetermissa,
859 289 919 314 es-

137 333 222 366 sent
252 326 463 374 irreligiosi,
491 335 559 361 nec
585 325 698 371 longa
726 324 919 362 mansione

136 375 341 423 conspicui.

178 427 199 460 5
218 424 392 460 Cnmsrns
413 433 588 457 DUODENts·
610 432 779 457 Asenxnn-
800 433 834 457 m
861 423 920 458 Ji:-

132 482 291 508 nus-mm
317 481 361 504 AD
389 480 471 504 meu
499 469 661 505 Pisone.
695 489 738 496 —
769 471 815 505 Et
839 480 919 505 cum

129 520 251 563 factus
274 520 363 552 esset
386 518 488 552 Jesus
512 527 690 552 annorum
714 517 916 558 duodecim,

131 564 405 601 ascendentibus
421 565 498 599 illis
508 565 781 609 Jerosolymam,
797 575 921 600 seeun-

130 613 216 648 dum
250 613 355 656 Leqis
389 611 681 647 consuetudinem
708 612 783 647 diei
816 614 916 656 festi,

129 658 301 696 aseendit
330 658 409 705 ipse
449 669 532 694 cum
568 659 788 705 parentibus
826 659 916 695 suis.

131 707 202 743 Per
221 707 291 742 hoc
313 706 490 749 ostendit,
513 707 611 752 quod
634 718 655 743 a
676 706 837 753 pueritia
858 707 920 743 de-

130 755 221 792 bent
254 753 426 789 homines
449 764 664 790 assuescere
704 754 751 790 ad
777 753 916 799 divina,

130 804 167 838 et
186 801 234 838 ad
255 800 354 837 idem
382 800 469 837 facit
492 801 606 846 quod,
628 800 712 837 aliis
736 802 916 838 receden-

128 848 243 893 tibus,
266 848 304 884 in
331 849 411 884 loco
433 847 549 884 divini
574 849 694 885 cultus
718 849 913 885 remansit.

129 896 327 933 Laboravit
351 907 440 941 ergo
465 895 578 931 etiam
607 907 706 931 nune
733 906 826 942 puer
852 899 915 933 Je-

126 954 189 980 sus
211 943 407 979 itineribus
431 943 568 989 longis,
593 947 630 979 et
651 943 766 987 vadit,
786 947 826 980 ut
848 945 914 980 ho-

128 994 238 1027 noret
265 992 413 1026 Patrem
440 1001 550 1026 suum
578 991 768 1027 coelestem
801 991 839 1026 in
868 992 917 1027 se-

129 1038 195 1074 stis
216 1037 314 1076 suis:
342 1039 546 1074 observans
567 1038 759 1074 humiliter
780 1039 915 1085 Legem

130 1085 313 1122 Dominus
337 1085 457 1131 Legis.
486 1085 581 1128 Quia
605 1086 706 1122 enim
734 1086 916 1122 Dominus

130 1134 244 1174 venit,
268 1135 307 1168 ut
335 1132 442 1168 daret
464 1132 586 1168 omnis
618 1133 861 1179 perfectionis
881 1137 916 1170 et

128 1179 354 1216 humilitatis
375 1182 603 1227 exemplum,
626 1180 742 1216 voluit
765 1182 914 1227 Legem,

128 1227 311 1274 quamdiu
335 1231 472 1264 statum
506 1227 650 1272 habuit,
676 1239 913 1265 conservare.

128 1274 197 1312 Ubi
229 1275 328 1311 Beda
357 1288 366 1309 :
406 1290 424 1307 «
445 1275 625 1316 [Servavit
665 1275 743 1321 ipse
782 1277 916 1322 Legem

129 1332 243 1369 quam
277 1323 453 1366 dedit,ut
491 1324 616 1366 nobis,
646 1324 707 1369 qui
745 1324 917 1359 homines

132 1380 262 1406 sumus
298 1369 397 1416 puri,
437 1371 656 1406 ostenderet
691 1370 916 1407 servandum

130 1428 198 1464 per
216 1419 343 1453 omnia
361 1417 515 1463 quiquid
532 1417 763 1463 Deusjubet.
781 1420 918 1464 Sequa-

131 1475 216 1501 mur
229 1475 318 1510 erge
341 1464 413 1501 iter
428 1465 603 1501 humanm
619 1464 918 1501 conversationis

130 1513 225 1559 eJus,
255 1512 284 1548 si
313 1511 464 1548 deitatis
490 1511 650 1559 gloriam
684 1512 919 1548 delactamur

130 1558 272 1596 intueri
294 1571 301 1594 :
325 1574 341 1591 »
368 1560 447 1595 haee
468 1560 578 1595 Beda.
601 1561 672 1595 Nos
693 1558 818 1605 itaque
839 1570 918 1596 ser-

128 1606 179 1651 vi,
217 1606 265 1643 ad
302 1606 514 1653 exemplum
551 1606 716 1652 Domini,
739 1607 920 1643 debemus

129 1664 265 1701 magno
299 1653 422 1690 studio
463 1655 649 1690 bonorum
689 1665 845 1701 operum
884 1658 921 1691 et

128 1701 339 1748 praevenire
357 1701 631 1746 solemnitates,
653 1706 689 1737 et
711 1702 917 1747 celebrare,

128 1759 171 1785 ae
209 1748 368 1785 sollicite
406 1749 535 1785 onmia
568 1749 698 1785 divina
731 1755 920 1796 praecepta

129 1796 349 1833 observare.
379 1797 483 1833 Unde
511 1796 666 1843 quidam
698 1797 816 1833 frater
842 1801 919 1833 tam

129 1854 275 1891 magnae
304 1843 515 1880 devotionis
536 1844 584 1880 ad
608 1845 703 1880 festa
724 1844 860 1881 Christi
884 1848 920 1881 et

127 1892 249 1928 beatae
261 1891 388 1927 Mariae
400 1890 579 1937 Virginis,
591 1894 627 1928 et
637 1891 684 1928 ad
697 1891 833 1928 festum
842 1903 919 1928 om-

127 1938 232 1975 nium
276 1940 500 1975 Sanctorum
541 1942 636 1983 erat,
683 1940 782 1985 quod
828 1943 917 1976 ante

128 1985 324 2032 quodlibet
351 1986 503 2029 festum,
525 1985 682 2032 Jejuniis
708 1998 751 2023 ae
775 1987 918 2023 orati0-

127 2033 255 2077 nibus,
278 2038 313 2070 et
335 2033 661 2079 castigationum&
685 2034 731 2070 ad
759 2034 916 2080 suscipi-

128 2081 267 2117 endum
295 2080 418 2127 ipsum
445 2081 581 2117 festum
603 2092 642 2117 se
665 2082 917 2128 praeparabat,

128 2131 165 2165 et
191 2127 371 2175 quamdiu
398 2127 551 2174 aliquod
583 2129 719 2165 festum
755 2128 917 2173 duravit,

127 2175 272 2212 tamdiu
293 2176 392 2212 eirca
415 2175 506 2212 illud
533 2176 859 2221 meditationibus,
882 2180 919 2213 et

129 2222 364 2260 orationibus
385 2234 422 2259 se
445 2223 652 2270 occupavit.

176 2274 198 2314 4
227 2272 438 2306 Mommrssn
457 2299 466 2315 ,
500 2283 543 2306 nr.
571 2284 688 2307 rns‘ris
715 2282 917 2307 CELEBRAN-

128 2329 204 2361 ms;
229 2330 269 2353 nr
287 2330 446 2363 nrsricn,
470 2330 513 2354 nr:
532 2331 651 2355 mm:
672 2331 850 2356 nuonnxn.
872 2339 916 2344 —

127 2365 320 2402 Moraliter
341 2365 398 2401 hie
420 2365 656 2410 instruimur,
679 2367 779 2411 quod
800 2365 918 2412 speci-

125 2413 236 2449 aliter
255 2412 292 2448 in
311 2413 445 2449 diebus
460 2414 615 2459 festivis,
636 2413 792 2460 quilibet
810 2413 915 2451 Chri-

127 2459 270 2497 stIanus
282 2460 393 2496 debet
410 2460 464 2496 ire
477 2461 524 2497 ad
537 2461 661 2497 locum
675 2472 786 2508 quem
805 2461 916 2507 elegit

126 2507 322 2551 Dominus,
350 2507 386 2543 id
415 2511 485 2552 est,
515 2509 562 2544 ad
596 2509 814 2552 Ecclesiam,
841 2520 916 2545 non

125 2555 174 2592 ad
198 2555 402 2598 theatrum,
422 2555 479 2591 vel
501 2556 547 2591 ad
567 2557 774 2593 tabernam.
800 2557 917 2593 Debet

127 2612 261 2639 vacare
292 2602 427 2638 divinis
453 2602 640 2648 laudibus,
668 2615 742 2640 non
768 2603 915 2640 choreis

129 2654 167 2687 et
192 2649 433 2687 vanitatibus.
465 2652 581 2687 Debet
608 2651 782 2688 insistere
814 2652 913 2688 elee-

129 2697 312 2744 mosynis,
337 2709 411 2734 non
433 2698 572 2742 usuris,
599 2699 655 2735 vel
679 2699 820 2746 spoliis.
845 2701 914 2736 De-

130 2745 194 2782 bet
231 2745 428 2782 intendere
464 2746 574 2782 bonis
610 2747 800 2793 operibus,
841 2758 916 2784 non

131 2792 508 2830 commessationibus
525 2797 638 2840 atque
653 2794 912 2832 ebrietatibus.

258 2852 351 2886 Vim
367 2852 456 2886 Jsssn
473 2853 630 2894 Cnmsrx,
653 2863 766 2888 Tenus
786 2855 814 2888 Ι.

995 233 1098 285 Nam
1121 233 1166 268 de
1201 235 1258 270 his
1292 236 1353 281 qui
1385 249 1491 275 secus
1518 238 1658 276 sariunt
1687 240 1781 277 dicit

993 280 1172 315 Dominus
1200 280 1236 316 in
1268 283 1392 319 isaia:
1429 287 1680 323 solemnitates
1719 298 1779 324 ve-

992 329 1088 361 stras
1107 331 1137 362 et
1157 332 1359 365 neomenias
1374 337 1508 368 rostras
1521 335 1636 370 odivit
1654 338 1780 372 um'ma

993 384 1084 408 mea.
1106 374 1307 426 Postquam
1329 389 1418 423 ergo
1439 382 1546 416 Jesus
1567 383 1611 417 ad
1629 386 1780 420 :etalem

993 420 1190 457 duodecim
1216 432 1402 460 annornm
1431 428 1559 472 venit,
1585 441 1691 466 suam
1719 441 1781 467 sa-

993 467 1173 521 pientiam
1186 469 1427 508 manisestare
1442 475 1566 520 empit,
1584 481 1617 512 et
1630 478 1779 523 aperire

993 516 1083 561 quid
1106 516 1204 552 Patri
1227 518 1384 562 coelesti,
1410 520 1499 565 qnid
1522 526 1680 559 terrena¹
1706 527 1780 561 Ma-

994 562 1040 598 tri
1065 563 1232 600 deberet.
1255 567 1356 601 AEtas
1383 567 1483 602 enim
1511 569 1693 607 duodenis
1722 576 1778 612 tv-

993 620 1062 656 pus
1083 614 1164 646 erat
1189 611 1386 648 duodecim
1410 615 1690 661 Apostolmnm,
1715 610 1784 664 per

994 667 1088 702 quos
1107 658 1284 695 divinitas
1303 663 1339 696 et
1360 661 1575 698 humanitas
1599 665 1679 708 ejus
1700 669 1781 701 erat

993 715 1061 751 per
1105 706 1235 742 orbem
1282 708 1491 745 nuntianda
1539 710 1780 747 universum:

993 756 1094 788 recte
1115 764 1205 799 ergo
1227 754 1265 789 in
1288 755 1520 792 duodenario
1545 768 1702 794 numero
1721 759 1782 805 ju-

992 799 1061 835 bar
1076 801 1317 846 perfectionis
1336 803 1418 849 ejus
1429 804 1612 840 declarari
1627 805 1780 852 incepit,

993 857 1058 892 per
1074 858 1186 893 quem
1208 849 1314 895 quasi
1336 860 1403 896 per
1424 850 1623 887 duodecim
1644 853 1780 897 tribus,

992 897 1029 929 et
1049 904 1116 940 per
1139 895 1336 933 duodecim
1364 898 1566 944 Apostolos
1592 899 1779 936 universi-

992 944 1049 976 tas
1071 943 1338 980 salvandorum
1357 944 1607 991 significatur.

1040 992 1058 1023 5
1096 991 1286 1035 Cnaisrrs,
1319 1004 1537 1030 mnnxrissns
1569 1005 1708 1039 ixscns,
1743 1006 1779 1030 m

990 1037 1196 1074 Jnmxsanen
1222 1051 1397 1075 nmmxnr.
1422 1059 1468 1066 ——
1497 1042 1780 1078 Consummutz's-

991 1094 1060 1135 que
1074 1085 1200 1121 diebus
1220 1086 1377 1131 festivis,
1392 1091 1428 1123 et
1443 1089 1629 1134 completa
1650 1090 1784 1125 solem-

991 1134 1107 1167 nitate
1130 1134 1296 1176 Pascine,
1318 1145 1399 1180 quae
1421 1146 1489 1180 per·
1508 1136 1588 1172 dies
1609 1141 1692 1172 octo
1714 1137 1784 1173 du-

991 1179 1112 1225 rabat,
1143 1192 1221 1216 eum
1242 1182 1400 1217 redirent
1423 1182 1541 1218 Maria
1561 1187 1597 1218 et
1627 1184 1783 1230 Joseph,

990 1230 1166 1263 remansit
1179 1230 1388 1264 PuerJesus
1411 1232 1447 1264 ίη
1462 1232 1684 1273 Jerusalem,-
1708 1242 1783 1267 non

992 1288 1013 1313 a
1040 1285 1142 1319 casu,
1167 1286 1234 1311 nec
1252 1280 1451 1321 parentur-n
1474 1277 1704 1324 negligentia
1726 1279 1783 1314 vel

991 1322 1194 1366 oblivione,
1213 1323 1277 1359 sed
1293 1335 1359 1360 sua
1374 1324 1564 1360 voluntate
1582 1330 1618 1361 et
1633 1325 1784 1362 ordina-

991 1371 1112 1407 tione:
1133 1373 1171 1405 ut
1190 1380 1211 1405 a
1226 1370 1385 1416 pueritia
1402 1372 1521 1407 zelum
1537 1383 1643 1408 suum
1657 1377 1782 1409 osten-

993 1419 1098 1454 deret
1120 1417 1218 1452 circa
1239 1417 1462 1464 spiritualia,
1479 1423 1516 1454 et
1535 1419 1627 1455 sicut
1648 1431 1785 1466 paren-

992 1466 1092 1501 tibus
1104 1464 1204 1510 quod
1223 1465 1386 1501 debebat
1403 1466 1638 1511 exhibuerat,
1652 1478 1783 1503 ascen—

993 1513 1086 1548 dens
1115 1521 1199 1547 cum
1231 1511 1285 1548 eis
1325 1516 1519 1559 tamquam
1546 1514 1659 1550 homo
1699 1525 1784 1551 cum

992 1557 1208 1596 hominibus
1219 1559 1265 1595 ad
1281 1560 1477 1596 offerenda
1491 1562 1567 1597 Deo
1583 1561 1784 1606 sacrificia,

993 1607 1047 1643 sic
1065 1605 1177 1642 etiam
1194 1606 1294 1642 Patri
1312 1607 1479 1644 debitum
1498 1608 1702 1654 spiritualis
1715 1610 1781 1646 do-

993 1653 1123 1691 etrinae
1140 1654 1307 1690 vacando
1327 1654 1531 1692 exhiberet.
1549 1659 1596 1692 Et
1611 1668 1682 1692 uon
1701 1668 1782 1702 coq-

993 1705 1168 1738 noverunt
1203 1706 1373 1748 parentes
1404 1703 1495 1748 ejus,
1528 1703 1565 1739 id
1602 1708 1672 1749 est,
1710 1716 1783 1741 non

994 1750 1236 1786 adverterunt
1256 1750 1355 1795 quod
1374 1749 1411 1785 in
1428 1751 1640 1787 Jerusalem
1658 1763 1783 1789 rema-

995 1800 1115 1840 neret,
1136 1798 1387 1833 eoeistimantes
1400 1799 1504 1834 illum
1523 1810 1598 1835 esse
1616 1801 1655 1835 in
1673 1802 1783 1836 comi-

993 1848 1087 1886 tutu,
1112 1843 1149 1880 id
1174 1847 1244 1888 est,
1265 1844 1363 1881 inter
1394 1856 1459 1881 eos
1481 1846 1544 1892 qui
1570 1846 1680 1883 simul
1702 1848 1781 1884 sue-

993 1895 1082 1928 runt
1116 1891 1296 1928 comitati.
1327 1893 1477 1929 Secreto
1507 1898 1633 1930 autem
1664 1899 1700 1931 et
1729 1895 1784 1931 eis

992 1938 1266 1986 ignorantibus,
1282 1950 1479 1976 remanere
1495 1941 1632 1977 voluit:
1656 1953 1703 1978 ne
1720 1946 1783 1979 aut

992 1987 1046 2022 eis
1073 1985 1286 2023 obediendo
1306 1988 1501 2031 recedens,
1522 1990 1782 2026 retraheretur

992 2045 1014 2070 a
1047 2032 1328 2079 disputatione3
1363 2038 1529 2071 autnon
1565 2037 1780 2073 obediendo

993 2091 1207 2125 remanens,
1231 2081 1422 2118 videretur
1461 2093 1526 2118 eos
1562 2087 1781 2121 contemne-

991 2139 1045 2165 re.
1074 2128 1164 2164 Hinc
1187 2129 1348 2165 habetur
1370 2134 1650 2176 argumentum,
1681 2132 1783 2178 quod

992 2175 1092 2212 filius
1123 2176 1264 2222 absque
1299 2178 1404 2223 quus
1434 2178 1638 2224 praesentia
1673 2183 1783 2225 pater

992 2227 1028 2259 et
1062 2226 1182 2259 mater
1215 2223 1330 2260 vitam
1364 2228 1522 2271 possunt
1554 2226 1781 2272 transigere,

991 2270 1082 2317 ipsis
1110 2270 1224 2307 etiam
1248 2272 1505 2309 nescientibus
1531 2277 1595 2309 aut
1621 2274 1783 2311 nolenti-

991 2319 1075 2363 bus,
1097 2322 1221 2365 potest
1247 2319 1295 2355 ad
1322 2319 1546 2366 religionem
1571 2324 1608 2356 et
1636 2322 1683 2357 ad
1708 2326 1783 2358 sta-

993 2369 1070 2402 tum
1094 2365 1337 2412 perfectionis
1358 2367 1523 2412 evolare,
1553 2379 1668 2415 seque
1694 2368 1789 2405 divi-

991 2424 1038 2450 no
1084 2413 1198 2450 cultui
1245 2415 1462 2461 mancipare
1493 2443 1502 2460 ,
1544 2416 1785 2452 discretionis

986 2460 1128 2507 judicio
1156 2461 1304 2498 comite.
1335 2464 1378 2498 Et
1410 2462 1698 2509 impeditoribus
1733 2463 1785 2499 ait

991 2508 1186 2545 Dominus:
1200 2510 1318 2546 Sinite
1329 2512 1503 2556 parvulos
1521 2513 1638 2546 venire
1651 2511 1700 2545 ad
1715 2522 1782 2550 me.

991 2557 1123 2592 talium
1143 2560 1195 2592 est
1219 2559 1314 2593 enim
1334 2569 1484 2603 reqnum
1505 2559 1684 2593 cil-lorum.
1711 2558 1784 2594 Sed

990 2603 1172 2650 quaeritur
1192 2604 1266 2649 hic,
1291 2605 1480 2652 quomodo
1504 2608 1678 2650 parentes
1703 2605 1784 2651 ejus

990 2651 1245 2689 obliviscendo
1281 2663 1365 2689 eum
1398 2652 1612 2698 relinquere
1647 2656 1783 2698 potue-

990 2702 1093 2743 runt,
1109 2699 1171 2746 qui
1188 2703 1293 2736 tanta
1310 2711 1399 2736 cura
1413 2710 1498 2736 eum
1518 2699 1784 2736 nutriverunt?

989 2747 1045 2783 Ad
1064 2747 1135 2783 hoe
1156 2747 1371 2791 dicendum,
1394 2747 1494 2793 qued
1517 2757 1597 2782 mos
1623 2750 1706 2783 erat
1735 2746 1780 2783 fl-

988 2793 1050 2831 liis
1090 2795 1205 2832 Israel
1242 2795 1290 2831 ad
1331 2796 1426 2831 festa
1465 2794 1751 2832 confluentibus
1773 2823 1784 2840 ,

1621 2858 1638 2887 9
