<?xml version="1.0" encoding="UTF-8"?>
<!DOCTYPE html PUBLIC "-//W3C//DTD XHTML 1.0 Transitional//EN"
    "http://www.w3.org/TR/xhtml1/DTD/xhtml1-transitional.dtd">
<html xmlns="http://www.w3.org/1999/xhtml" xml:lang="en" lang="en">
 <head>
  <title>
</title>
<meta http-equiv="Content-Type" content="text/html;charset=utf-8" />
  <meta name='ocr-system' content='tesseract 3.04.00' />
  <meta name='ocr-capabilities' content='ocr_page ocr_carea ocr_par ocr_line ocrx_word'/>
</head>
<body>
  <div class='ocr_page' id='page_1' title='image "./vitajesuchristie01ludouoft_0145.png"; bbox 0 0 1902 3126; ppageno 0'>
   <div class='ocr_carea' id='block_1_1' title="bbox 365 179 1745 225">
    <p class='ocr_par' dir='ltr' id='par_1_1' title="bbox 365 179 1745 225">
     <span class='ocr_line' id='line_1_1' title="bbox 365 179 1745 225; baseline 0.001 -6"><span class='ocrx_word' id='word_1_1' title='bbox 365 184 481 225; x_wconf 88' lang='lat' dir='ltr'><strong>QUOD</strong></span> <span class='ocrx_word' id='word_1_2' title='bbox 519 182 632 217; x_wconf 84' lang='lat' dir='ltr'>PUER</span> <span class='ocrx_word' id='word_1_3' title='bbox 669 181 797 215; x_wconf 84' lang='lat' dir='ltr'>JESUS</span> <span class='ocrx_word' id='word_1_4' title='bbox 837 179 1062 215; x_wconf 73' lang='lat' dir='ltr'>INVENTUS</span> <span class='ocrx_word' id='word_1_5' title='bbox 1100 182 1178 216; x_wconf 85' lang='lat' dir='ltr'>EST</span> <span class='ocrx_word' id='word_1_6' title='bbox 1216 183 1260 216; x_wconf 67' lang='lat' dir='ltr'>IN</span> <span class='ocrx_word' id='word_1_7' title='bbox 1297 185 1482 220; x_wconf 77' lang='lat' dir='ltr'><strong>TEMPLO.</strong></span> <span class='ocrx_word' id='word_1_8' title='bbox 1689 186 1745 221; x_wconf 79' lang='lat'>131</span> 
     </span>
    </p>
   </div>
   <div class='ocr_carea' id='block_1_2' title="bbox 96 250 893 679">
    <p class='ocr_par' dir='ltr' id='par_1_2' title="bbox 96 250 893 679">
     <span class='ocr_line' id='line_1_2' title="bbox 96 250 893 302; baseline -0.013 -7"><span class='ocrx_word' id='word_1_9' title='bbox 96 258 200 295; x_wconf 73' lang='lat' dir='ltr'>sicut</span> <span class='ocrx_word' id='word_1_10' title='bbox 239 255 360 294; x_wconf 89' lang='lat' dir='ltr'>solent</span> <span class='ocrx_word' id='word_1_11' title='bbox 395 252 501 302; x_wconf 87' lang='lat' dir='ltr'>pueri</span> <span class='ocrx_word' id='word_1_12' title='bbox 539 251 714 295; x_wconf 90' lang='lat' dir='ltr'>inveniri,</span> <span class='ocrx_word' id='word_1_13' title='bbox 749 251 814 287; x_wconf 88' lang='lat' dir='ltr'>sed</span> <span class='ocrx_word' id='word_1_14' title='bbox 855 250 893 286; x_wconf 90' lang='lat' dir='ltr'>in</span> 
     </span>
     <span class='ocr_line' id='line_1_3' title="bbox 108 299 893 357; baseline -0.01 -16"><span class='ocrx_word' id='word_1_15' title='bbox 108 306 189 343; x_wconf 94' lang='lat' dir='ltr'>loco</span> <span class='ocrx_word' id='word_1_16' title='bbox 214 305 393 357; x_wconf 78' lang='lat' dir='ltr'>deputato</span> <span class='ocrx_word' id='word_1_17' title='bbox 413 299 595 338; x_wconf 79' lang='lat' dir='ltr'>doctrinae</span> <span class='ocrx_word' id='word_1_18' title='bbox 616 308 732 336; x_wconf 72' lang='lat' dir='ltr'>sacrae</span> <span class='ocrx_word' id='word_1_19' title='bbox 754 301 791 334; x_wconf 90' lang='lat' dir='ltr'>et</span> <span class='ocrx_word' id='word_1_20' title='bbox 811 308 893 351; x_wconf 80' lang='lat' dir='ltr'>ora-</span> 
     </span>
     <span class='ocr_line' id='line_1_4' title="bbox 106 346 891 392; baseline -0.011 -2"><span class='ocrx_word' id='word_1_21' title='bbox 106 352 212 389; x_wconf 82' lang='lat' dir='ltr'>tioni.</span> <span class='ocrx_word' id='word_1_22' title='bbox 242 351 354 388; x_wconf 86' lang='lat' dir='ltr'>Filius</span> <span class='ocrx_word' id='word_1_23' title='bbox 380 348 543 384; x_wconf 82' lang='lat' dir='ltr'>libenter</span> <span class='ocrx_word' id='word_1_24' title='bbox 567 347 605 382; x_wconf 92' lang='lat' dir='ltr'>in</span> <span class='ocrx_word' id='word_1_25' title='bbox 633 346 745 382; x_wconf 90' lang='lat' dir='ltr'>domo</span> <span class='ocrx_word' id='word_1_26' title='bbox 772 350 891 392; x_wconf 90' lang='lat' dir='ltr'>patris</span> 
     </span>
     <span class='ocr_line' id='line_1_5' title="bbox 104 393 892 441; baseline -0.011 -4"><span class='ocrx_word' id='word_1_27' title='bbox 104 399 161 437; x_wconf 90' lang='lat' dir='ltr'>sui</span> <span class='ocrx_word' id='word_1_28' title='bbox 198 401 336 436; x_wconf 87' lang='lat' dir='ltr'>manet.</span> <span class='ocrx_word' id='word_1_29' title='bbox 383 395 448 431; x_wconf 89' lang='lat' dir='ltr'>Ille</span> <span class='ocrx_word' id='word_1_30' title='bbox 482 394 596 441; x_wconf 81' lang='lat' dir='ltr'>igitur</span> <span class='ocrx_word' id='word_1_31' title='bbox 635 393 697 440; x_wconf 88' lang='lat' dir='ltr'>qui</span> <span class='ocrx_word' id='word_1_32' title='bbox 731 393 892 429; x_wconf 75' lang='lat' dir='ltr'><strong>libenter</strong></span> 
     </span>
     <span class='ocr_line' id='line_1_6' title="bbox 103 440 891 488; baseline -0.011 -4"><span class='ocrx_word' id='word_1_33' title='bbox 103 449 178 484; x_wconf 85' lang='lat' dir='ltr'>stat</span> <span class='ocrx_word' id='word_1_34' title='bbox 202 446 240 482; x_wconf 93' lang='lat' dir='ltr'>in</span> <span class='ocrx_word' id='word_1_35' title='bbox 266 443 437 487; x_wconf 88' lang='lat' dir='ltr'>ecclesia,</span> <span class='ocrx_word' id='word_1_36' title='bbox 460 441 607 488; x_wconf 79' lang='lat' dir='ltr'>signum</span> <span class='ocrx_word' id='word_1_37' title='bbox 631 445 688 477; x_wconf 85' lang='lat' dir='ltr'>est</span> <span class='ocrx_word' id='word_1_38' title='bbox 715 441 817 488; x_wconf 89' lang='lat' dir='ltr'>quod</span> <span class='ocrx_word' id='word_1_39' title='bbox 843 440 891 476; x_wconf 87' lang='lat' dir='ltr'>sit</span> 
     </span>
     <span class='ocr_line' id='line_1_7' title="bbox 102 487 890 537; baseline -0.01 -6"><span class='ocrx_word' id='word_1_40' title='bbox 102 493 205 530; x_wconf 85' lang='lat' dir='ltr'>filius</span> <span class='ocrx_word' id='word_1_41' title='bbox 230 491 320 535; x_wconf 91' lang='lat' dir='ltr'>Dei,</span> <span class='ocrx_word' id='word_1_42' title='bbox 349 490 438 537; x_wconf 90' lang='lat' dir='ltr'>quia</span> <span class='ocrx_word' id='word_1_43' title='bbox 465 494 538 526; x_wconf 88' lang='lat' dir='ltr'>stat</span> <span class='ocrx_word' id='word_1_44' title='bbox 563 488 601 524; x_wconf 93' lang='lat' dir='ltr'>in</span> <span class='ocrx_word' id='word_1_45' title='bbox 627 489 739 525; x_wconf 91' lang='lat' dir='ltr'>domo</span> <span class='ocrx_word' id='word_1_46' title='bbox 769 487 890 524; x_wconf 88' lang='lat' dir='ltr'>Patris</span> 
     </span>
     <span class='ocr_line' id='line_1_8' title="bbox 104 535 889 584; baseline -0.006 -7"><span class='ocrx_word' id='word_1_47' title='bbox 104 539 182 584; x_wconf 89' lang='lat' dir='ltr'>sui;</span> <span class='ocrx_word' id='word_1_48' title='bbox 207 539 270 576; x_wconf 90' lang='lat' dir='ltr'>ille</span> <span class='ocrx_word' id='word_1_49' title='bbox 292 549 380 575; x_wconf 87' lang='lat' dir='ltr'>vero</span> <span class='ocrx_word' id='word_1_50' title='bbox 402 537 465 584; x_wconf 87' lang='lat' dir='ltr'>qui</span> <span class='ocrx_word' id='word_1_51' title='bbox 490 537 651 574; x_wconf 80' lang='lat' dir='ltr'>libenter</span> <span class='ocrx_word' id='word_1_52' title='bbox 674 539 747 572; x_wconf 88' lang='lat' dir='ltr'>stat</span> <span class='ocrx_word' id='word_1_53' title='bbox 769 535 807 572; x_wconf 93' lang='lat' dir='ltr'>in</span> <span class='ocrx_word' id='word_1_54' title='bbox 833 539 889 572; x_wconf 90' lang='lat' dir='ltr'>ta-</span> 
     </span>
     <span class='ocr_line' id='line_1_9' title="bbox 103 583 890 630; baseline -0.006 -6"><span class='ocrx_word' id='word_1_55' title='bbox 103 587 223 624; x_wconf 85' lang='lat' dir='ltr'>berna</span> <span class='ocrx_word' id='word_1_56' title='bbox 249 586 307 623; x_wconf 90' lang='lat' dir='ltr'>vel</span> <span class='ocrx_word' id='word_1_57' title='bbox 330 587 492 630; x_wconf 86' lang='lat' dir='ltr'>theatro,</span> <span class='ocrx_word' id='word_1_58' title='bbox 515 585 667 630; x_wconf 84' lang='lat' dir='ltr'>signum</span> <span class='ocrx_word' id='word_1_59' title='bbox 707 586 763 620; x_wconf 83' lang='lat' dir='ltr'>est</span> <span class='ocrx_word' id='word_1_60' title='bbox 789 583 890 630; x_wconf 90' lang='lat' dir='ltr'>quod</span> 
     </span>
     <span class='ocr_line' id='line_1_10' title="bbox 101 631 889 679; baseline -0.005 -8"><span class='ocrx_word' id='word_1_61' title='bbox 101 634 204 671; x_wconf 90' lang='lat' dir='ltr'>filius</span> <span class='ocrx_word' id='word_1_62' title='bbox 243 633 291 670; x_wconf 87' lang='lat' dir='ltr'>sit</span> <span class='ocrx_word' id='word_1_63' title='bbox 325 633 481 678; x_wconf 88' lang='lat' dir='ltr'>diaboli,</span> <span class='ocrx_word' id='word_1_64' title='bbox 518 631 608 679; x_wconf 91' lang='lat' dir='ltr'>quia</span> <span class='ocrx_word' id='word_1_65' title='bbox 646 635 817 668; x_wconf 87' lang='lat' dir='ltr'>moratur</span> <span class='ocrx_word' id='word_1_66' title='bbox 851 631 889 667; x_wconf 92' lang='lat' dir='ltr'>in</span> 
     </span>
    </p>
   </div>
   <div class='ocr_carea' id='block_1_3' title="bbox 40 680 480 728">
    <p class='ocr_par' dir='ltr' id='par_1_3' title="bbox 40 680 480 728">
     <span class='ocr_line' id='line_1_11' title="bbox 40 680 480 728; baseline -0.011 -8"><span class='ocrx_word' id='word_1_67' title='bbox 40 690 46 696; x_wconf 88' lang='lat'><em>·</em></span> <span class='ocrx_word' id='word_1_68' title='bbox 102 683 215 720; x_wconf 90' lang='lat' dir='ltr'>domo</span> <span class='ocrx_word' id='word_1_69' title='bbox 251 681 371 728; x_wconf 88' lang='lat' dir='ltr'>patris</span> <span class='ocrx_word' id='word_1_70' title='bbox 409 680 480 716; x_wconf 90' lang='lat' dir='ltr'>sui.</span> 
     </span>
    </p>
   </div>
   <div class='ocr_carea' id='block_1_4' title="bbox 94 726 889 2866">
    <p class='ocr_par' dir='ltr' id='par_1_4' title="bbox 94 726 889 2866">
     <span class='ocr_line' id='line_1_12' title="bbox 147 726 889 773; baseline -0.007 -7"><span class='ocrx_word' id='word_1_71' title='bbox 147 731 169 766; x_wconf 89' lang='grc'><strong>8</strong></span> <span class='ocrx_word' id='word_1_72' title='bbox 183 729 274 773; x_wconf 79' lang='lat' dir='ltr'>Quin</span> <span class='ocrx_word' id='word_1_73' title='bbox 290 729 464 766; x_wconf 76' lang='lat' dir='ltr'>Cunisrcs</span> <span class='ocrx_word' id='word_1_74' title='bbox 477 739 512 763; x_wconf 62' lang='lat' dir='ltr'>ix</span> <span class='ocrx_word' id='word_1_75' title='bbox 532 738 669 763; x_wconf 68' lang='lat' dir='ltr'>murro</span> <span class='ocrx_word' id='word_1_76' title='bbox 684 737 854 762; x_wconf 72' lang='lat' dir='ltr'>FACIEBAT</span> <span class='ocrx_word' id='word_1_77' title='bbox 870 726 889 762; x_wconf 71' lang='grc' dir='ltr'>ἱ)</span> 
     </span>
     <span class='ocr_line' id='line_1_13' title="bbox 100 773 887 821; baseline -0.005 -8"><span class='ocrx_word' id='word_1_78' title='bbox 100 796 145 803; x_wconf 93' lang='grc'>-</span> <span class='ocrx_word' id='word_1_79' title='bbox 173 777 426 820; x_wconf 87' lang='lat' dir='ltr'>Invenerunt,</span> <span class='ocrx_word' id='word_1_80' title='bbox 471 775 624 821; x_wconf 80' lang='lat' dir='ltr'>iuquam</span> <span class='ocrx_word' id='word_1_81' title='bbox 642 803 651 818; x_wconf 90' lang='lat'>‚</span> <span class='ocrx_word' id='word_1_82' title='bbox 698 774 803 810; x_wconf 91' lang='lat' dir='ltr'>illum</span> <span class='ocrx_word' id='word_1_83' title='bbox 848 773 887 810; x_wconf 94' lang='lat' dir='ltr'>in</span> 
     </span>
     <span class='ocr_line' id='line_1_14' title="bbox 104 821 885 871; baseline -0.005 -10"><span class='ocrx_word' id='word_1_84' title='bbox 104 823 256 871; x_wconf 86' lang='lat' dir='ltr'>templo,</span> <span class='ocrx_word' id='word_1_85' title='bbox 276 834 352 860; x_wconf 92' lang='lat' dir='ltr'>non</span> <span class='ocrx_word' id='word_1_86' title='bbox 386 824 456 859; x_wconf 84' lang='lat' dir='ltr'>buc</span> <span class='ocrx_word' id='word_1_87' title='bbox 489 827 602 868; x_wconf 81' lang='lat' dir='ltr'>atque</span> <span class='ocrx_word' id='word_1_88' title='bbox 633 821 719 857; x_wconf 86' lang='lat' dir='ltr'>illuc</span> <span class='ocrx_word' id='word_1_89' title='bbox 740 821 885 865; x_wconf 73' lang='lat' dir='ltr'>leviter,</span> 
     </span>
     <span class='ocr_line' id='line_1_15' title="bbox 99 869 883 918; baseline -0.005 -10"><span class='ocrx_word' id='word_1_90' title='bbox 99 874 211 918; x_wconf 91' lang='lat' dir='ltr'>prout</span> <span class='ocrx_word' id='word_1_91' title='bbox 236 881 318 907; x_wconf 91' lang='lat' dir='ltr'>mos</span> <span class='ocrx_word' id='word_1_92' title='bbox 344 873 401 906; x_wconf 91' lang='lat' dir='ltr'>est</span> <span class='ocrx_word' id='word_1_93' title='bbox 426 870 566 917; x_wconf 87' lang='lat' dir='ltr'>pueris,</span> <span class='ocrx_word' id='word_1_94' title='bbox 595 869 883 913; x_wconf 81' lang='lat' dir='ltr'>discurrentem,</span> 
     </span>
     <span class='ocr_line' id='line_1_16' title="bbox 102 916 885 965; baseline -0.005 -10"><span class='ocrx_word' id='word_1_95' title='bbox 102 919 169 956; x_wconf 82' lang='lat' dir='ltr'>sed</span> <span class='ocrx_word' id='word_1_96' title='bbox 205 923 398 965; x_wconf 87' lang='lat' dir='ltr'>tamquam</span> <span class='ocrx_word' id='word_1_97' title='bbox 437 916 633 964; x_wconf 77' lang='lat' dir='ltr'>sapientiae</span> <span class='ocrx_word' id='word_1_98' title='bbox 667 917 823 960; x_wconf 83' lang='lat' dir='ltr'>sontem,</span> <span class='ocrx_word' id='word_1_99' title='bbox 848 918 885 952; x_wconf 86' lang='lat' dir='ltr'>z&#39;n</span> 
     </span>
     <span class='ocr_line' id='line_1_17' title="bbox 105 964 887 1007; baseline -0.004 -5"><span class='ocrx_word' id='word_1_100' title='bbox 105 966 223 1002; x_wconf 84' lang='lat' dir='ltr'>medio</span> <span class='ocrx_word' id='word_1_101' title='bbox 240 967 440 1007; x_wconf 75' lang='lat' dir='ltr'>doctorum,</span> <span class='ocrx_word' id='word_1_102' title='bbox 463 969 503 1001; x_wconf 92' lang='lat' dir='ltr'>ut</span> <span class='ocrx_word' id='word_1_103' title='bbox 523 964 658 1001; x_wconf 91' lang='lat' dir='ltr'>melius</span> <span class='ocrx_word' id='word_1_104' title='bbox 670 974 802 1000; x_wconf 88' lang='lat' dir='ltr'>omnes</span> <span class='ocrx_word' id='word_1_105' title='bbox 822 974 887 1000; x_wconf 89' lang='lat' dir='ltr'>au-</span> 
     </span>
     <span class='ocr_line' id='line_1_18' title="bbox 104 1013 886 1058; baseline -0.006 -7"><span class='ocrx_word' id='word_1_106' title='bbox 104 1013 185 1050; x_wconf 89' lang='lat' dir='ltr'>dire</span> <span class='ocrx_word' id='word_1_107' title='bbox 205 1017 243 1050; x_wconf 85' lang='lat' dir='ltr'>et</span> <span class='ocrx_word' id='word_1_108' title='bbox 262 1023 346 1050; x_wconf 89' lang='lat' dir='ltr'>cum</span> <span class='ocrx_word' id='word_1_109' title='bbox 366 1013 420 1049; x_wconf 90' lang='lat' dir='ltr'>eis</span> <span class='ocrx_word' id='word_1_110' title='bbox 440 1013 610 1049; x_wconf 83' lang='lat' dir='ltr'>conferre</span> <span class='ocrx_word' id='word_1_111' title='bbox 631 1015 773 1058; x_wconf 87' lang='lat' dir='ltr'>posset,</span> <span class='ocrx_word' id='word_1_112' title='bbox 787 1021 886 1047; x_wconf 86' lang='lat' dir='ltr'>com-</span> 
     </span>
     <span class='ocr_line' id='line_1_19' title="bbox 105 1060 883 1107; baseline -0.004 -10"><span class='ocrx_word' id='word_1_113' title='bbox 105 1060 226 1107; x_wconf 85' lang='lat' dir='ltr'>posite</span> <span class='ocrx_word' id='word_1_114' title='bbox 251 1062 443 1099; x_wconf 80' lang='lat' dir='ltr'>sedentem,</span> <span class='ocrx_word' id='word_1_115' title='bbox 475 1064 511 1096; x_wconf 89' lang='lat' dir='ltr'>et</span> <span class='ocrx_word' id='word_1_116' title='bbox 544 1063 739 1105; x_wconf 82' lang='lat' dir='ltr'>tamquam</span> <span class='ocrx_word' id='word_1_117' title='bbox 759 1069 883 1094; x_wconf 82' lang='lat' dir='ltr'>exem-</span> 
     </span>
     <span class='ocr_line' id='line_1_20' title="bbox 101 1107 883 1155; baseline -0.005 -10"><span class='ocrx_word' id='word_1_118' title='bbox 101 1108 186 1155; x_wconf 87' lang='lat' dir='ltr'>plar</span> <span class='ocrx_word' id='word_1_119' title='bbox 198 1119 297 1145; x_wconf 84' lang='lat' dir='ltr'>verae</span> <span class='ocrx_word' id='word_1_120' title='bbox 312 1107 548 1152; x_wconf 90' lang='lat' dir='ltr'>humilitatis,</span> <span class='ocrx_word' id='word_1_121' title='bbox 561 1107 664 1154; x_wconf 88' lang='lat' dir='ltr'>prius</span> <span class='ocrx_word' id='word_1_122' title='bbox 676 1107 883 1142; x_wconf 74' lang='lat' dir='ltr'>audientem</span> 
     </span>
     <span class='ocr_line' id='line_1_21' title="bbox 104 1154 883 1200; baseline -0.001 -10"><span class='ocrx_word' id='word_1_123' title='bbox 104 1157 188 1192; x_wconf 79' lang='lat' dir='ltr'>illos</span> <span class='ocrx_word' id='word_1_124' title='bbox 209 1160 244 1192; x_wconf 80' lang='lat' dir='ltr'>et</span> <span class='ocrx_word' id='word_1_125' title='bbox 270 1158 553 1200; x_wconf 75' lang='lat' dir='ltr'>interroyantem</span> <span class='ocrx_word' id='word_1_126' title='bbox 577 1165 647 1195; x_wconf 83' lang='lat' dir='ltr'>eos,</span> <span class='ocrx_word' id='word_1_127' title='bbox 677 1164 789 1200; x_wconf 87' lang='lat' dir='ltr'>quam</span> <span class='ocrx_word' id='word_1_128' title='bbox 817 1154 883 1189; x_wconf 93' lang='lat' dir='ltr'>do-</span> 
     </span>
     <span class='ocr_line' id='line_1_22' title="bbox 102 1201 883 1247; baseline 0 -11"><span class='ocrx_word' id='word_1_129' title='bbox 102 1207 262 1240; x_wconf 81' lang='lat' dir='ltr'>centem.</span> <span class='ocrx_word' id='word_1_130' title='bbox 302 1203 366 1239; x_wconf 91' lang='lat' dir='ltr'>llle</span> <span class='ocrx_word' id='word_1_131' title='bbox 404 1204 578 1239; x_wconf 90' lang='lat' dir='ltr'>doctores</span> <span class='ocrx_word' id='word_1_132' title='bbox 614 1204 821 1247; x_wconf 87' lang='lat' dir='ltr'>interrogat</span> <span class='ocrx_word' id='word_1_133' title='bbox 845 1201 883 1236; x_wconf 93' lang='lat' dir='ltr'>in</span> 
     </span>
     <span class='ocr_line' id='line_1_23' title="bbox 102 1249 880 1298; baseline -0.005 -11"><span class='ocrx_word' id='word_1_134' title='bbox 102 1251 258 1298; x_wconf 86' lang='lat' dir='ltr'>templo,</span> <span class='ocrx_word' id='word_1_135' title='bbox 290 1250 351 1296; x_wconf 88' lang='lat' dir='ltr'>qui</span> <span class='ocrx_word' id='word_1_136' title='bbox 379 1250 542 1296; x_wconf 81' lang='lat' dir='ltr'>Angelos</span> <span class='ocrx_word' id='word_1_137' title='bbox 566 1250 674 1286; x_wconf 84' lang='lat' dir='ltr'>docet</span> <span class='ocrx_word' id='word_1_138' title='bbox 707 1249 743 1284; x_wconf 94' lang='lat' dir='ltr'>in</span> <span class='ocrx_word' id='word_1_139' title='bbox 772 1249 880 1284; x_wconf 80' lang='lat' dir='ltr'>coelo.</span> 
     </span>
     <span class='ocr_line' id='line_1_24' title="bbox 102 1295 883 1343; baseline -0.004 -9"><span class='ocrx_word' id='word_1_140' title='bbox 102 1297 168 1334; x_wconf 90' lang='lat' dir='ltr'>Ille</span> <span class='ocrx_word' id='word_1_141' title='bbox 199 1298 325 1334; x_wconf 87' lang='lat' dir='ltr'>doceri</span> <span class='ocrx_word' id='word_1_142' title='bbox 355 1297 627 1343; x_wconf 76' lang='lat' dir='ltr'>interrogando</span> <span class='ocrx_word' id='word_1_143' title='bbox 662 1296 791 1339; x_wconf 82' lang='lat' dir='ltr'>voluit,</span> <span class='ocrx_word' id='word_1_144' title='bbox 820 1295 883 1342; x_wconf 87' lang='lat' dir='ltr'>qui</span> 
     </span>
     <span class='ocr_line' id='line_1_25' title="bbox 105 1343 884 1391; baseline 0 -13"><span class='ocrx_word' id='word_1_145' title='bbox 105 1345 261 1382; x_wconf 74' lang='lat' dir='ltr'>verbum</span> <span class='ocrx_word' id='word_1_146' title='bbox 277 1344 442 1381; x_wconf 81' lang='lat' dir='ltr'>scientiae</span> <span class='ocrx_word' id='word_1_147' title='bbox 463 1345 554 1391; x_wconf 86' lang='lat' dir='ltr'>ipsis</span> <span class='ocrx_word' id='word_1_148' title='bbox 567 1344 642 1379; x_wconf 87' lang='lat' dir='ltr'>suis</span> <span class='ocrx_word' id='word_1_149' title='bbox 665 1343 884 1379; x_wconf 84' lang='lat' dir='ltr'>doctoribus</span> 
     </span>
     <span class='ocr_line' id='line_1_26' title="bbox 100 1390 884 1437; baseline -0.005 -8"><span class='ocrx_word' id='word_1_150' title='bbox 100 1391 339 1429; x_wconf 86' lang='lat' dir='ltr'>ministravit.</span> <span class='ocrx_word' id='word_1_151' title='bbox 360 1392 619 1437; x_wconf 79' lang='lat' dir='ltr'>Interrogabat</span> <span class='ocrx_word' id='word_1_152' title='bbox 634 1402 709 1427; x_wconf 90' lang='lat' dir='ltr'>non</span> <span class='ocrx_word' id='word_1_153' title='bbox 727 1391 814 1436; x_wconf 82' lang='lat' dir='ltr'>quia</span> <span class='ocrx_word' id='word_1_154' title='bbox 830 1390 884 1426; x_wconf 92' lang='lat' dir='ltr'>in-</span> 
     </span>
     <span class='ocr_line' id='line_1_27' title="bbox 96 1438 883 1486; baseline -0.004 -10"><span class='ocrx_word' id='word_1_155' title='bbox 96 1440 258 1486; x_wconf 84' lang='lat' dir='ltr'>digeret,</span> <span class='ocrx_word' id='word_1_156' title='bbox 279 1440 336 1476; x_wconf 70' lang='lat' dir='ltr'>vel</span> <span class='ocrx_word' id='word_1_157' title='bbox 364 1444 405 1476; x_wconf 88' lang='lat' dir='ltr'>ut</span> <span class='ocrx_word' id='word_1_158' title='bbox 424 1439 648 1481; x_wconf 73' lang='lat' dir='ltr'>addisceret,</span> <span class='ocrx_word' id='word_1_159' title='bbox 672 1438 736 1474; x_wconf 86' lang='lat' dir='ltr'>sed</span> <span class='ocrx_word' id='word_1_160' title='bbox 760 1442 799 1473; x_wconf 89' lang='lat' dir='ltr'>ut</span> <span class='ocrx_word' id='word_1_161' title='bbox 820 1448 883 1474; x_wconf 92' lang='lat' dir='ltr'>no-</span> 
     </span>
     <span class='ocr_line' id='line_1_28' title="bbox 103 1485 884 1531; baseline -0.005 -7"><span class='ocrx_word' id='word_1_162' title='bbox 103 1487 162 1523; x_wconf 88' lang='lat' dir='ltr'>bis</span> <span class='ocrx_word' id='word_1_163' title='bbox 188 1487 405 1524; x_wconf 89' lang='lat' dir='ltr'>addiscendi</span> <span class='ocrx_word' id='word_1_164' title='bbox 436 1491 471 1523; x_wconf 88' lang='lat' dir='ltr'>et</span> <span class='ocrx_word' id='word_1_165' title='bbox 499 1486 645 1522; x_wconf 85' lang='lat' dir='ltr'>zelandi</span> <span class='ocrx_word' id='word_1_166' title='bbox 673 1485 884 1531; x_wconf 80' lang='lat' dir='ltr'>Scripturas</span> 
     </span>
     <span class='ocr_line' id='line_1_29' title="bbox 100 1535 882 1578; baseline -0.004 -8"><span class='ocrx_word' id='word_1_167' title='bbox 100 1544 228 1572; x_wconf 88' lang='lat' dir='ltr'>sacras</span> <span class='ocrx_word' id='word_1_168' title='bbox 260 1535 419 1571; x_wconf 85' lang='lat' dir='ltr'>sormam</span> <span class='ocrx_word' id='word_1_169' title='bbox 451 1535 570 1577; x_wconf 78' lang='lat' dir='ltr'>daret,</span> <span class='ocrx_word' id='word_1_170' title='bbox 595 1536 630 1569; x_wconf 84' lang='lat' dir='ltr'>et</span> <span class='ocrx_word' id='word_1_171' title='bbox 664 1535 704 1568; x_wconf 87' lang='lat' dir='ltr'>ut</span> <span class='ocrx_word' id='word_1_172' title='bbox 731 1542 776 1568; x_wconf 87' lang='lat' dir='ltr'>ea</span> <span class='ocrx_word' id='word_1_173' title='bbox 799 1542 882 1578; x_wconf 79' lang='lat' dir='ltr'>quae</span> 
     </span>
     <span class='ocr_line' id='line_1_30' title="bbox 99 1581 882 1628; baseline -0.006 -9"><span class='ocrx_word' id='word_1_174' title='bbox 99 1592 176 1619; x_wconf 90' lang='lat' dir='ltr'>non</span> <span class='ocrx_word' id='word_1_175' title='bbox 223 1581 469 1628; x_wconf 84' lang='lat' dir='ltr'>intelligimus</span> <span class='ocrx_word' id='word_1_176' title='bbox 517 1581 755 1625; x_wconf 79' lang='lat' dir='ltr'>interrogare</span> <span class='ocrx_word' id='word_1_177' title='bbox 805 1589 882 1615; x_wconf 91' lang='lat' dir='ltr'>non</span> 
     </span>
     <span class='ocr_line' id='line_1_31' title="bbox 99 1627 881 1673; baseline -0.005 -8"><span class='ocrx_word' id='word_1_178' title='bbox 99 1629 380 1673; x_wconf 90' lang='lat' dir='ltr'>erubescamus,</span> <span class='ocrx_word' id='word_1_179' title='bbox 413 1629 460 1665; x_wconf 91' lang='lat' dir='ltr'>de</span> <span class='ocrx_word' id='word_1_180' title='bbox 489 1638 561 1673; x_wconf 87' lang='lat' dir='ltr'>quo</span> <span class='ocrx_word' id='word_1_181' title='bbox 592 1631 718 1663; x_wconf 87' lang='lat' dir='ltr'>tamen</span> <span class='ocrx_word' id='word_1_182' title='bbox 744 1627 881 1662; x_wconf 89' lang='lat' dir='ltr'>erube-</span> 
     </span>
     <span class='ocr_line' id='line_1_32' title="bbox 99 1674 882 1722; baseline -0.004 -10"><span class='ocrx_word' id='word_1_183' title='bbox 99 1681 207 1714; x_wconf 88' lang='lat' dir='ltr'>scunt</span> <span class='ocrx_word' id='word_1_184' title='bbox 226 1676 333 1713; x_wconf 92' lang='lat' dir='ltr'>multi</span> <span class='ocrx_word' id='word_1_185' title='bbox 357 1675 525 1722; x_wconf 85' lang='lat' dir='ltr'>superbi,</span> <span class='ocrx_word' id='word_1_186' title='bbox 555 1674 737 1720; x_wconf 82' lang='lat' dir='ltr'>eligentes</span> <span class='ocrx_word' id='word_1_187' title='bbox 756 1674 882 1720; x_wconf 89' lang='lat' dir='ltr'>potius</span> 
     </span>
     <span class='ocr_line' id='line_1_33' title="bbox 96 1721 882 1771; baseline -0.005 -11"><span class='ocrx_word' id='word_1_188' title='bbox 96 1723 136 1760; x_wconf 91' lang='lat' dir='ltr'>in</span> <span class='ocrx_word' id='word_1_189' title='bbox 146 1734 274 1761; x_wconf 90' lang='lat' dir='ltr'>errore</span> <span class='ocrx_word' id='word_1_190' title='bbox 292 1733 529 1771; x_wconf 90' lang='lat' dir='ltr'>permanere,</span> <span class='ocrx_word' id='word_1_191' title='bbox 541 1733 652 1769; x_wconf 87' lang='lat' dir='ltr'>quam</span> <span class='ocrx_word' id='word_1_192' title='bbox 666 1721 814 1757; x_wconf 87' lang='lat' dir='ltr'>instrui.</span> <span class='ocrx_word' id='word_1_193' title='bbox 826 1722 882 1757; x_wconf 89' lang='lat' dir='ltr'>Ad</span> 
     </span>
     <span class='ocr_line' id='line_1_34' title="bbox 98 1768 881 1818; baseline -0.005 -10"><span class='ocrx_word' id='word_1_194' title='bbox 98 1771 310 1818; x_wconf 86' lang='lat' dir='ltr'>exemplum</span> <span class='ocrx_word' id='word_1_195' title='bbox 340 1781 490 1818; x_wconf 83' lang='lat' dir='ltr'>quoque</span> <span class='ocrx_word' id='word_1_196' title='bbox 522 1769 744 1806; x_wconf 87' lang='lat' dir='ltr'>humilitatis</span> <span class='ocrx_word' id='word_1_197' title='bbox 777 1768 881 1815; x_wconf 91' lang='lat' dir='ltr'>prius</span> 
     </span>
     <span class='ocr_line' id='line_1_35' title="bbox 97 1817 882 1865; baseline -0.005 -9"><span class='ocrx_word' id='word_1_198' title='bbox 97 1818 242 1863; x_wconf 87' lang='lat' dir='ltr'>audire,</span> <span class='ocrx_word' id='word_1_199' title='bbox 259 1829 373 1865; x_wconf 89' lang='lat' dir='ltr'>quam</span> <span class='ocrx_word' id='word_1_200' title='bbox 389 1818 577 1854; x_wconf 89' lang='lat' dir='ltr'>instruere</span> <span class='ocrx_word' id='word_1_201' title='bbox 597 1817 745 1853; x_wconf 87' lang='lat' dir='ltr'>volebat</span> <span class='ocrx_word' id='word_1_202' title='bbox 757 1817 882 1852; x_wconf 89' lang='lat' dir='ltr'>Domi-</span> 
     </span>
     <span class='ocr_line' id='line_1_36' title="bbox 97 1863 882 1912; baseline -0.004 -9"><span class='ocrx_word' id='word_1_203' title='bbox 97 1876 183 1912; x_wconf 87' lang='lat' dir='ltr'>nus,</span> <span class='ocrx_word' id='word_1_204' title='bbox 196 1866 336 1903; x_wconf 86' lang='lat' dir='ltr'>docens</span> <span class='ocrx_word' id='word_1_205' title='bbox 351 1866 452 1912; x_wconf 85' lang='lat' dir='ltr'>quod</span> <span class='ocrx_word' id='word_1_206' title='bbox 466 1865 580 1901; x_wconf 91' lang='lat' dir='ltr'>etiam</span> <span class='ocrx_word' id='word_1_207' title='bbox 596 1864 767 1901; x_wconf 90' lang='lat' dir='ltr'>homines</span> <span class='ocrx_word' id='word_1_208' title='bbox 782 1863 882 1900; x_wconf 92' lang='lat' dir='ltr'>docti</span> 
     </span>
     <span class='ocr_line' id='line_1_37' title="bbox 95 1911 880 1961; baseline -0.005 -10"><span class='ocrx_word' id='word_1_209' title='bbox 95 1913 350 1961; x_wconf 86' lang='lat' dir='ltr'>promptiores</span> <span class='ocrx_word' id='word_1_210' title='bbox 377 1913 514 1949; x_wconf 89' lang='lat' dir='ltr'>debent</span> <span class='ocrx_word' id='word_1_211' title='bbox 542 1923 625 1948; x_wconf 90' lang='lat' dir='ltr'>esse</span> <span class='ocrx_word' id='word_1_212' title='bbox 652 1911 700 1948; x_wconf 91' lang='lat' dir='ltr'>ad</span> <span class='ocrx_word' id='word_1_213' title='bbox 722 1911 880 1948; x_wconf 90' lang='lat' dir='ltr'>audien-</span> 
     </span>
     <span class='ocr_line' id='line_1_38' title="bbox 98 1959 883 2007; baseline -0.004 -9"><span class='ocrx_word' id='word_1_214' title='bbox 98 1962 205 2005; x_wconf 89' lang='lat' dir='ltr'>dum,</span> <span class='ocrx_word' id='word_1_215' title='bbox 228 1971 340 2007; x_wconf 88' lang='lat' dir='ltr'>quam</span> <span class='ocrx_word' id='word_1_216' title='bbox 368 1960 416 1996; x_wconf 89' lang='lat' dir='ltr'>ad</span> <span class='ocrx_word' id='word_1_217' title='bbox 437 1960 672 1996; x_wconf 88' lang='lat' dir='ltr'>docendum:</span> <span class='ocrx_word' id='word_1_218' title='bbox 693 1959 795 2005; x_wconf 87' lang='lat' dir='ltr'>quia,</span> <span class='ocrx_word' id='word_1_219' title='bbox 817 1959 883 2005; x_wconf 87' lang='lat' dir='ltr'>qui</span> 
     </span>
     <span class='ocr_line' id='line_1_39' title="bbox 101 2006 881 2057; baseline -0.004 -12"><span class='ocrx_word' id='word_1_220' title='bbox 101 2008 207 2057; x_wconf 88' lang='lat' dir='ltr'>prius</span> <span class='ocrx_word' id='word_1_221' title='bbox 233 2008 436 2055; x_wconf 85' lang='lat' dir='ltr'>respondet</span> <span class='ocrx_word' id='word_1_222' title='bbox 468 2017 582 2053; x_wconf 89' lang='lat' dir='ltr'>quam</span> <span class='ocrx_word' id='word_1_223' title='bbox 617 2006 760 2050; x_wconf 87' lang='lat' dir='ltr'>audiat,</span> <span class='ocrx_word' id='word_1_224' title='bbox 789 2006 881 2042; x_wconf 91' lang='lat' dir='ltr'>stul-</span> 
     </span>
     <span class='ocr_line' id='line_1_40' title="bbox 101 2054 880 2100; baseline -0.004 -7"><span class='ocrx_word' id='word_1_225' title='bbox 101 2060 183 2093; x_wconf 90' lang='lat' dir='ltr'>tum</span> <span class='ocrx_word' id='word_1_226' title='bbox 206 2066 245 2092; x_wconf 90' lang='lat' dir='ltr'>se</span> <span class='ocrx_word' id='word_1_227' title='bbox 266 2066 349 2092; x_wconf 89' lang='lat' dir='ltr'>esse</span> <span class='ocrx_word' id='word_1_228' title='bbox 369 2055 617 2091; x_wconf 87' lang='lat' dir='ltr'>demonstrat.</span> <span class='ocrx_word' id='word_1_229' title='bbox 639 2054 695 2090; x_wconf 85' lang='lat' dir='ltr'>Ad</span> <span class='ocrx_word' id='word_1_230' title='bbox 714 2054 880 2100; x_wconf 88' lang='lat' dir='ltr'>proban—</span> 
     </span>
     <span class='ocr_line' id='line_1_41' title="bbox 102 2102 881 2149; baseline -0.005 -8"><span class='ocrx_word' id='word_1_231' title='bbox 102 2104 194 2141; x_wconf 89' lang='lat' dir='ltr'>dum</span> <span class='ocrx_word' id='word_1_232' title='bbox 213 2103 327 2140; x_wconf 86' lang='lat' dir='ltr'>etiam</span> <span class='ocrx_word' id='word_1_233' title='bbox 353 2103 453 2149; x_wconf 90' lang='lat' dir='ltr'>quod</span> <span class='ocrx_word' id='word_1_234' title='bbox 481 2104 577 2138; x_wconf 88' lang='lat' dir='ltr'>Deus</span> <span class='ocrx_word' id='word_1_235' title='bbox 598 2104 709 2145; x_wconf 76' lang='lat' dir='ltr'>esset,</span> <span class='ocrx_word' id='word_1_236' title='bbox 727 2102 881 2138; x_wconf 85' lang='lat' dir='ltr'>eosdem</span> 
     </span>
     <span class='ocr_line' id='line_1_42' title="bbox 100 2149 882 2196; baseline -0.006 -7"><span class='ocrx_word' id='word_1_237' title='bbox 100 2150 275 2189; x_wconf 91' lang='lat' dir='ltr'>homines</span> <span class='ocrx_word' id='word_1_238' title='bbox 300 2150 490 2187; x_wconf 87' lang='lat' dir='ltr'>subtiliter</span> <span class='ocrx_word' id='word_1_239' title='bbox 516 2149 737 2196; x_wconf 87' lang='lat' dir='ltr'>interrogat,</span> <span class='ocrx_word' id='word_1_240' title='bbox 766 2152 802 2185; x_wconf 90' lang='lat' dir='ltr'>et</span> <span class='ocrx_word' id='word_1_241' title='bbox 827 2149 882 2185; x_wconf 92' lang='lat' dir='ltr'>eis</span> 
     </span>
     <span class='ocr_line' id='line_1_43' title="bbox 100 2196 881 2246; baseline -0.006 -10"><span class='ocrx_word' id='word_1_242' title='bbox 100 2199 291 2246; x_wconf 85' lang='lat' dir='ltr'>sapienter</span> <span class='ocrx_word' id='word_1_243' title='bbox 310 2198 528 2245; x_wconf 86' lang='lat' dir='ltr'>respondet,</span> <span class='ocrx_word' id='word_1_244' title='bbox 555 2196 607 2233; x_wconf 89' lang='lat' dir='ltr'>ita</span> <span class='ocrx_word' id='word_1_245' title='bbox 627 2200 667 2233; x_wconf 89' lang='lat' dir='ltr'>ut</span> <span class='ocrx_word' id='word_1_246' title='bbox 686 2196 881 2233; x_wconf 84' lang='lat' dir='ltr'>audientes</span> 
     </span>
     <span class='ocr_line' id='line_1_44' title="bbox 99 2245 880 2294; baseline -0.005 -10"><span class='ocrx_word' id='word_1_247' title='bbox 99 2246 190 2284; x_wconf 90' lang='lat' dir='ltr'>inde</span> <span class='ocrx_word' id='word_1_248' title='bbox 209 2250 418 2294; x_wconf 83' lang='lat' dir='ltr'>stuperent.</span> <span class='ocrx_word' id='word_1_249' title='bbox 442 2246 547 2282; x_wconf 91' lang='lat' dir='ltr'>Unde</span> <span class='ocrx_word' id='word_1_250' title='bbox 565 2245 701 2281; x_wconf 90' lang='lat' dir='ltr'>dicitnr</span> <span class='ocrx_word' id='word_1_251' title='bbox 720 2256 727 2279; x_wconf 91' lang='lat'>:</span> <span class='ocrx_word' id='word_1_252' title='bbox 750 2245 880 2290; x_wconf 78' lang='lat' dir='ltr'>Stupe-</span> 
     </span>
     <span class='ocr_line' id='line_1_45' title="bbox 101 2291 880 2337; baseline -0.004 -7"><span class='ocrx_word' id='word_1_253' title='bbox 101 2295 190 2331; x_wconf 81' lang='lat' dir='ltr'>bant</span> <span class='ocrx_word' id='word_1_254' title='bbox 207 2298 341 2336; x_wconf 77' lang='lat' dir='ltr'>autem,</span> <span class='ocrx_word' id='word_1_255' title='bbox 365 2293 402 2330; x_wconf 91' lang='lat' dir='ltr'>id</span> <span class='ocrx_word' id='word_1_256' title='bbox 421 2296 492 2337; x_wconf 88' lang='lat' dir='ltr'>est,</span> <span class='ocrx_word' id='word_1_257' title='bbox 507 2292 615 2329; x_wconf 75' lang='lat' dir='ltr'>valde</span> <span class='ocrx_word' id='word_1_258' title='bbox 631 2291 880 2337; x_wconf 85' lang='lat' dir='ltr'>mirabantur,</span> 
     </span>
     <span class='ocr_line' id='line_1_46' title="bbox 99 2340 881 2387; baseline -0.003 -9"><span class='ocrx_word' id='word_1_259' title='bbox 99 2351 233 2386; x_wconf 84' lang='lat' dir='ltr'>omnes,</span> <span class='ocrx_word' id='word_1_260' title='bbox 255 2343 321 2387; x_wconf 81' lang='lat' dir='ltr'>qui</span> <span class='ocrx_word' id='word_1_261' title='bbox 340 2352 420 2377; x_wconf 80' lang='lat' dir='ltr'>enm</span> <span class='ocrx_word' id='word_1_262' title='bbox 440 2341 654 2385; x_wconf 76' lang='lat' dir='ltr'>audiebant,</span> <span class='ocrx_word' id='word_1_263' title='bbox 674 2350 783 2386; x_wconf 81' lang='lat' dir='ltr'>super</span> <span class='ocrx_word' id='word_1_264' title='bbox 803 2340 881 2385; x_wconf 79' lang='lat' dir='ltr'>eJ&#39;us</span> 
     </span>
     <span class='ocr_line' id='line_1_47' title="bbox 95 2388 880 2436; baseline -0.001 -11"><span class='ocrx_word' id='word_1_265' title='bbox 95 2389 313 2436; x_wconf 76' lang='lat' dir='ltr'>prudentia,</span> <span class='ocrx_word' id='word_1_266' title='bbox 359 2388 630 2434; x_wconf 85' lang='lat' dir='ltr'>interrogando</span> <span class='ocrx_word' id='word_1_267' title='bbox 677 2391 713 2423; x_wconf 88' lang='lat' dir='ltr'>et</span> <span class='ocrx_word' id='word_1_268' title='bbox 763 2397 880 2434; x_wconf 91' lang='lat' dir='ltr'>oppo-</span> 
     </span>
     <span class='ocr_line' id='line_1_48' title="bbox 97 2433 881 2482; baseline -0.004 -9"><span class='ocrx_word' id='word_1_269' title='bbox 97 2436 240 2481; x_wconf 88' lang='lat' dir='ltr'>nendo,</span> <span class='ocrx_word' id='word_1_270' title='bbox 261 2435 347 2472; x_wconf 82' lang='lat' dir='ltr'>etin</span> <span class='ocrx_word' id='word_1_271' title='bbox 365 2438 548 2482; x_wconf 80' lang='lat' dir='ltr'>responsis</span> <span class='ocrx_word' id='word_1_272' title='bbox 569 2434 768 2478; x_wconf 75' lang='lat' dir='ltr'>solvendo;</span> <span class='ocrx_word' id='word_1_273' title='bbox 791 2433 881 2481; x_wconf 88' lang='lat' dir='ltr'>quia</span> 
     </span>
     <span class='ocr_line' id='line_1_49' title="bbox 94 2482 880 2528; baseline -0.001 -8"><span class='ocrx_word' id='word_1_274' title='bbox 94 2483 191 2521; x_wconf 87' lang='lat' dir='ltr'>alias</span> <span class='ocrx_word' id='word_1_275' title='bbox 210 2483 422 2520; x_wconf 89' lang='lat' dir='ltr'>inauditum</span> <span class='ocrx_word' id='word_1_276' title='bbox 439 2484 571 2526; x_wconf 85' lang='lat' dir='ltr'>suerat,</span> <span class='ocrx_word' id='word_1_277' title='bbox 590 2482 690 2528; x_wconf 79' lang='lat' dir='ltr'>quod</span> <span class='ocrx_word' id='word_1_278' title='bbox 710 2492 804 2528; x_wconf 92' lang='lat' dir='ltr'>puer</span> <span class='ocrx_word' id='word_1_279' title='bbox 824 2486 880 2519; x_wconf 87' lang='lat' dir='ltr'>ta·</span> 
     </span>
     <span class='ocr_line' id='line_1_50' title="bbox 99 2530 877 2578; baseline -0.003 -10"><span class='ocrx_word' id='word_1_280' title='bbox 99 2531 145 2568; x_wconf 90' lang='lat' dir='ltr'>lis</span> <span class='ocrx_word' id='word_1_281' title='bbox 166 2531 287 2568; x_wconf 86' lang='lat' dir='ltr'>aetatis</span> <span class='ocrx_word' id='word_1_282' title='bbox 303 2535 380 2567; x_wconf 88' lang='lat' dir='ltr'>tam</span> <span class='ocrx_word' id='word_1_283' title='bbox 393 2530 583 2578; x_wconf 82' lang='lat' dir='ltr'>sapienter</span> <span class='ocrx_word' id='word_1_284' title='bbox 600 2530 746 2566; x_wconf 91' lang='lat' dir='ltr'>locutus</span> <span class='ocrx_word' id='word_1_285' title='bbox 766 2533 877 2566; x_wconf 86' lang='lat' dir='ltr'>esset.</span> 
     </span>
     <span class='ocr_line' id='line_1_51' title="bbox 98 2577 879 2627; baseline -0.004 -11"><span class='ocrx_word' id='word_1_286' title='bbox 98 2580 239 2627; x_wconf 85' lang='lat' dir='ltr'>Stupor</span> <span class='ocrx_word' id='word_1_287' title='bbox 258 2579 396 2625; x_wconf 85' lang='lat' dir='ltr'>quippe</span> <span class='ocrx_word' id='word_1_288' title='bbox 417 2582 474 2615; x_wconf 88' lang='lat' dir='ltr'>est</span> <span class='ocrx_word' id='word_1_289' title='bbox 493 2579 695 2615; x_wconf 86' lang='lat' dir='ltr'>vehemens</span> <span class='ocrx_word' id='word_1_290' title='bbox 714 2577 879 2614; x_wconf 88' lang='lat' dir='ltr'>admira-</span> 
     </span>
     <span class='ocr_line' id='line_1_52' title="bbox 98 2624 881 2669; baseline 0 -7"><span class='ocrx_word' id='word_1_291' title='bbox 98 2625 152 2663; x_wconf 88' lang='lat' dir='ltr'>tio</span> <span class='ocrx_word' id='word_1_292' title='bbox 175 2626 231 2664; x_wconf 88' lang='lat' dir='ltr'>rei</span> <span class='ocrx_word' id='word_1_293' title='bbox 249 2626 402 2663; x_wconf 92' lang='lat' dir='ltr'>omnino</span> <span class='ocrx_word' id='word_1_294' title='bbox 420 2626 665 2669; x_wconf 80' lang='lat' dir='ltr'>inconsuetae,</span> <span class='ocrx_word' id='word_1_295' title='bbox 682 2629 719 2661; x_wconf 88' lang='lat' dir='ltr'>et</span> <span class='ocrx_word' id='word_1_296' title='bbox 738 2624 790 2661; x_wconf 86' lang='lat' dir='ltr'>sic</span> <span class='ocrx_word' id='word_1_297' title='bbox 811 2625 881 2662; x_wconf 84' lang='lat' dir='ltr'>suit</span> 
     </span>
     <span class='ocr_line' id='line_1_53' title="bbox 100 2672 877 2719; baseline -0.001 -9"><span class='ocrx_word' id='word_1_298' title='bbox 100 2673 188 2711; x_wconf 85' lang='lat' dir='ltr'>hic:</span> <span class='ocrx_word' id='word_1_299' title='bbox 212 2674 357 2711; x_wconf 86' lang='lat' dir='ltr'>audivit</span> <span class='ocrx_word' id='word_1_300' title='bbox 380 2673 482 2711; x_wconf 86' lang='lat' dir='ltr'>enim</span> <span class='ocrx_word' id='word_1_301' title='bbox 506 2673 713 2718; x_wconf 88' lang='lat' dir='ltr'>humiliter,</span> <span class='ocrx_word' id='word_1_302' title='bbox 740 2672 877 2719; x_wconf 85' lang='lat' dir='ltr'>quaesi-</span> 
     </span>
     <span class='ocr_line' id='line_1_54' title="bbox 98 2720 877 2774; baseline -0.001 -16"><span class='ocrx_word' id='word_1_303' title='bbox 98 2720 154 2758; x_wconf 79' lang='lat' dir='ltr'>vit</span> <span class='ocrx_word' id='word_1_304' title='bbox 171 2722 393 2769; x_wconf 86' lang='lat' dir='ltr'>prudenter,</span> <span class='ocrx_word' id='word_1_305' title='bbox 409 2725 446 2758; x_wconf 88' lang='lat' dir='ltr'>et</span> <span class='ocrx_word' id='word_1_306' title='bbox 463 2720 659 2768; x_wconf 87' lang='lat' dir='ltr'>respondit</span> <span class='ocrx_word' id='word_1_307' title='bbox 675 2720 877 2774; x_wconf 85' lang='lat' dir='ltr'>sapienter,</span> 
     </span>
     <span class='ocr_line' id='line_1_55' title="bbox 99 2770 878 2816; baseline 0 -10"><span class='ocrx_word' id='word_1_308' title='bbox 99 2779 186 2806; x_wconf 88' lang='lat' dir='ltr'>cum</span> <span class='ocrx_word' id='word_1_309' title='bbox 212 2772 342 2807; x_wconf 87' lang='lat' dir='ltr'>tamen</span> <span class='ocrx_word' id='word_1_310' title='bbox 362 2773 462 2806; x_wconf 88' lang='lat' dir='ltr'>esset</span> <span class='ocrx_word' id='word_1_311' title='bbox 481 2779 588 2816; x_wconf 89' lang='lat' dir='ltr'>puer.</span> <span class='ocrx_word' id='word_1_312' title='bbox 612 2770 695 2816; x_wconf 91' lang='lat' dir='ltr'>lpse</span> <span class='ocrx_word' id='word_1_313' title='bbox 713 2772 878 2806; x_wconf 88' lang='lat' dir='ltr'>1nterr0-</span> 
     </span>
     <span class='ocr_line' id='line_1_56' title="bbox 96 2816 881 2866; baseline 0.001 -12"><span class='ocrx_word' id='word_1_314' title='bbox 96 2816 226 2864; x_wconf 85' lang='lat' dir='ltr'>gabat,</span> <span class='ocrx_word' id='word_1_315' title='bbox 246 2817 327 2866; x_wconf 84' lang='lat' dir='ltr'>ipse</span> <span class='ocrx_word' id='word_1_316' title='bbox 347 2817 614 2866; x_wconf 87' lang='lat' dir='ltr'>respondebat,</span> <span class='ocrx_word' id='word_1_317' title='bbox 635 2816 717 2865; x_wconf 85' lang='lat' dir='ltr'>ipse</span> <span class='ocrx_word' id='word_1_318' title='bbox 735 2826 823 2855; x_wconf 87' lang='lat' dir='ltr'>suas</span> <span class='ocrx_word' id='word_1_319' title='bbox 841 2819 881 2855; x_wconf 86' lang='lat' dir='ltr'>et</span> 
     </span>
    </p>
   </div>
   <div class='ocr_carea' id='block_1_5' title="bbox 951 251 1748 2862">
    <p class='ocr_par' dir='ltr' id='par_1_5' title="bbox 957 251 1748 1474">
     <span class='ocr_line' id='line_1_57' title="bbox 966 251 1745 306; baseline 0.009 -19"><span class='ocrx_word' id='word_1_320' title='bbox 966 251 1117 288; x_wconf 90' lang='lat' dir='ltr'>illorum</span> <span class='ocrx_word' id='word_1_321' title='bbox 1138 254 1366 306; x_wconf 68' lang='lat' dir='ltr'>quzrstiones</span> <span class='ocrx_word' id='word_1_322' title='bbox 1392 256 1574 301; x_wconf 86' lang='lat' dir='ltr'>solvebat,</span> <span class='ocrx_word' id='word_1_323' title='bbox 1599 265 1745 294; x_wconf 83' lang='lat' dir='ltr'>morem</span> 
     </span>
     <span class='ocr_line' id='line_1_58' title="bbox 965 301 1747 352; baseline 0.012 -19"><span class='ocrx_word' id='word_1_324' title='bbox 965 309 1082 352; x_wconf 78' lang='lat' dir='ltr'>agens</span> <span class='ocrx_word' id='word_1_325' title='bbox 1109 301 1322 344; x_wconf 73' lang='lat' dir='ltr'>peritissimi</span> <span class='ocrx_word' id='word_1_326' title='bbox 1347 303 1529 348; x_wconf 74' lang='lat' dir='ltr'>magistri,</span> <span class='ocrx_word' id='word_1_327' title='bbox 1557 303 1621 350; x_wconf 85' lang='lat' dir='ltr'>qui</span> <span class='ocrx_word' id='word_1_328' title='bbox 1646 314 1747 342; x_wconf 85' lang='lat' dir='ltr'>nune</span> 
     </span>
     <span class='ocr_line' id='line_1_59' title="bbox 965 348 1746 396; baseline 0.01 -15"><span class='ocrx_word' id='word_1_329' title='bbox 965 348 1250 392; x_wconf 83' lang='lat' dir='ltr'>interrogando,</span> <span class='ocrx_word' id='word_1_330' title='bbox 1271 360 1367 385; x_wconf 86' lang='lat' dir='ltr'>nunc</span> <span class='ocrx_word' id='word_1_331' title='bbox 1399 351 1660 396; x_wconf 84' lang='lat' dir='ltr'>respondendo</span> <span class='ocrx_word' id='word_1_332' title='bbox 1693 350 1746 388; x_wconf 89' lang='lat' dir='ltr'>di-</span> 
     </span>
     <span class='ocr_line' id='line_1_60' title="bbox 965 393 1745 441; baseline 0.01 -13"><span class='ocrx_word' id='word_1_333' title='bbox 965 393 1129 439; x_wconf 88' lang='lat' dir='ltr'>scipulos</span> <span class='ocrx_word' id='word_1_334' title='bbox 1165 394 1329 430; x_wconf 87' lang='lat' dir='ltr'>instruit.</span> <span class='ocrx_word' id='word_1_335' title='bbox 1373 398 1490 441; x_wconf 81' lang='lat' dir='ltr'>Unde,</span> <span class='ocrx_word' id='word_1_336' title='bbox 1538 399 1745 436; x_wconf 85' lang='lat' dir='ltr'>secundum</span> 
     </span>
     <span class='ocr_line' id='line_1_61' title="bbox 964 441 1745 491; baseline 0.01 -15"><span class='ocrx_word' id='word_1_337' title='bbox 964 442 1112 482; x_wconf 77' lang='lat' dir='ltr'>Bedam,</span> <span class='ocrx_word' id='word_1_338' title='bbox 1136 441 1183 477; x_wconf 87' lang='lat' dir='ltr'>ad</span> <span class='ocrx_word' id='word_1_339' title='bbox 1208 443 1485 480; x_wconf 86' lang='lat' dir='ltr'>ostendendum</span> <span class='ocrx_word' id='word_1_340' title='bbox 1510 447 1608 491; x_wconf 81' lang='lat' dir='ltr'>quod</span> <span class='ocrx_word' id='word_1_341' title='bbox 1633 448 1745 483; x_wconf 90' lang='lat' dir='ltr'>homo</span> 
     </span>
     <span class='ocr_line' id='line_1_62' title="bbox 964 489 1746 536; baseline 0.009 -12"><span class='ocrx_word' id='word_1_342' title='bbox 964 492 1059 532; x_wconf 89' lang='lat' dir='ltr'>erat,</span> <span class='ocrx_word' id='word_1_343' title='bbox 1099 489 1271 526; x_wconf 87' lang='lat' dir='ltr'>homines</span> <span class='ocrx_word' id='word_1_344' title='bbox 1309 490 1508 536; x_wconf 79' lang='lat' dir='ltr'>magistros</span> <span class='ocrx_word' id='word_1_345' title='bbox 1555 493 1746 530; x_wconf 80' lang='lat' dir='ltr'>humiliter</span> 
     </span>
     <span class='ocr_line' id='line_1_63' title="bbox 963 536 1748 587; baseline 0.008 -15"><span class='ocrx_word' id='word_1_346' title='bbox 963 536 1161 580; x_wconf 88' lang='lat' dir='ltr'>audiebat;</span> <span class='ocrx_word' id='word_1_347' title='bbox 1204 540 1240 573; x_wconf 91' lang='lat' dir='ltr'>et</span> <span class='ocrx_word' id='word_1_348' title='bbox 1289 537 1336 573; x_wconf 88' lang='lat' dir='ltr'>ad</span> <span class='ocrx_word' id='word_1_349' title='bbox 1379 539 1614 584; x_wconf 83' lang='lat' dir='ltr'>probandum</span> <span class='ocrx_word' id='word_1_350' title='bbox 1659 541 1748 587; x_wconf 82' lang='lat' dir='ltr'>quia</span> 
     </span>
     <span class='ocr_line' id='line_1_64' title="bbox 964 584 1746 630; baseline 0.006 -11"><span class='ocrx_word' id='word_1_351' title='bbox 964 584 1062 620; x_wconf 90' lang='lat' dir='ltr'>Deus</span> <span class='ocrx_word' id='word_1_352' title='bbox 1084 588 1178 629; x_wconf 90' lang='lat' dir='ltr'>erat,</span> <span class='ocrx_word' id='word_1_353' title='bbox 1202 584 1343 621; x_wconf 88' lang='lat' dir='ltr'>eisdem</span> <span class='ocrx_word' id='word_1_354' title='bbox 1366 585 1605 630; x_wconf 75' lang='lat' dir='ltr'>loquentibus</span> <span class='ocrx_word' id='word_1_355' title='bbox 1626 588 1746 624; x_wconf 88' lang='lat' dir='ltr'>subli-</span> 
     </span>
     <span class='ocr_line' id='line_1_65' title="bbox 962 630 1747 679; baseline 0.006 -13"><span class='ocrx_word' id='word_1_356' title='bbox 962 630 1074 667; x_wconf 90' lang='lat' dir='ltr'>miter</span> <span class='ocrx_word' id='word_1_357' title='bbox 1098 632 1362 678; x_wconf 87' lang='lat' dir='ltr'>respondebat.</span> <span class='ocrx_word' id='word_1_358' title='bbox 1391 633 1597 679; x_wconf 80' lang='lat' dir='ltr'>Stupebant</span> <span class='ocrx_word' id='word_1_359' title='bbox 1619 638 1747 671; x_wconf 86' lang='lat' dir='ltr'>autem</span> 
     </span>
     <span class='ocr_line' id='line_1_66' title="bbox 961 678 1747 725; baseline 0.005 -11"><span class='ocrx_word' id='word_1_360' title='bbox 961 678 1133 715; x_wconf 87' lang='lat' dir='ltr'>videntes</span> <span class='ocrx_word' id='word_1_361' title='bbox 1154 680 1235 725; x_wconf 85' lang='lat' dir='ltr'>ejus</span> <span class='ocrx_word' id='word_1_362' title='bbox 1254 679 1467 723; x_wconf 72' lang='lat' dir='ltr'>infantiam,</span> <span class='ocrx_word' id='word_1_363' title='bbox 1489 684 1523 716; x_wconf 91' lang='lat' dir='ltr'>et</span> <span class='ocrx_word' id='word_1_364' title='bbox 1547 685 1673 718; x_wconf 87' lang='lat' dir='ltr'>tamen</span> <span class='ocrx_word' id='word_1_365' title='bbox 1695 681 1747 718; x_wconf 86' lang='lat' dir='ltr'>sie</span> 
     </span>
     <span class='ocr_line' id='line_1_67' title="bbox 962 726 1746 773; baseline 0.005 -12"><span class='ocrx_word' id='word_1_366' title='bbox 962 726 1138 762; x_wconf 88' lang='lat' dir='ltr'>sublimia</span> <span class='ocrx_word' id='word_1_367' title='bbox 1175 728 1413 773; x_wconf 80' lang='lat' dir='ltr'>loquentem3</span> <span class='ocrx_word' id='word_1_368' title='bbox 1450 727 1622 764; x_wconf 80' lang='lat' dir='ltr'>videntes</span> <span class='ocrx_word' id='word_1_369' title='bbox 1661 739 1746 765; x_wconf 88' lang='lat' dir='ltr'>eum</span> 
     </span>
     <span class='ocr_line' id='line_1_68' title="bbox 961 775 1746 821; baseline 0.005 -13"><span class='ocrx_word' id='word_1_370' title='bbox 961 783 1119 820; x_wconf 87' lang='lat' dir='ltr'>corpore</span> <span class='ocrx_word' id='word_1_371' title='bbox 1140 778 1177 810; x_wconf 91' lang='lat' dir='ltr'>et</span> <span class='ocrx_word' id='word_1_372' title='bbox 1197 779 1319 811; x_wconf 72' lang='lat' dir='ltr'>aetatce</span> <span class='ocrx_word' id='word_1_373' title='bbox 1345 785 1515 821; x_wconf 87' lang='lat' dir='ltr'>parvum,</span> <span class='ocrx_word' id='word_1_374' title='bbox 1539 776 1605 811; x_wconf 88' lang='lat' dir='ltr'>sed</span> <span class='ocrx_word' id='word_1_375' title='bbox 1630 775 1746 812; x_wconf 87' lang='lat' dir='ltr'>inter-</span> 
     </span>
     <span class='ocr_line' id='line_1_69' title="bbox 960 821 1745 870; baseline 0.004 -14"><span class='ocrx_word' id='word_1_376' title='bbox 960 821 1224 867; x_wconf 82' lang='lat' dir='ltr'>rogationibus</span> <span class='ocrx_word' id='word_1_377' title='bbox 1251 826 1288 859; x_wconf 88' lang='lat' dir='ltr'>et</span> <span class='ocrx_word' id='word_1_378' title='bbox 1326 823 1518 869; x_wconf 86' lang='lat' dir='ltr'>responsis</span> <span class='ocrx_word' id='word_1_379' title='bbox 1545 833 1745 870; x_wconf 84' lang='lat' dir='ltr'>magnum;</span> 
     </span>
     <span class='ocr_line' id='line_1_70' title="bbox 961 868 1745 916; baseline 0.004 -12"><span class='ocrx_word' id='word_1_380' title='bbox 961 868 1152 905; x_wconf 91' lang='lat' dir='ltr'>hominem</span> <span class='ocrx_word' id='word_1_381' title='bbox 1169 874 1205 906; x_wconf 89' lang='lat' dir='ltr'>et</span> <span class='ocrx_word' id='word_1_382' title='bbox 1220 880 1295 906; x_wconf 95' lang='lat' dir='ltr'>non</span> <span class='ocrx_word' id='word_1_383' title='bbox 1312 871 1429 906; x_wconf 92' lang='lat' dir='ltr'>Deum</span> <span class='ocrx_word' id='word_1_384' title='bbox 1447 869 1745 916; x_wconf 86' lang='lat' dir='ltr'>considerantes,</span> 
     </span>
     <span class='ocr_line' id='line_1_71' title="bbox 959 915 1747 963; baseline 0.005 -12"><span class='ocrx_word' id='word_1_385' title='bbox 959 920 996 951; x_wconf 89' lang='lat' dir='ltr'>et</span> <span class='ocrx_word' id='word_1_386' title='bbox 1021 915 1120 952; x_wconf 88' lang='lat' dir='ltr'>inter</span> <span class='ocrx_word' id='word_1_387' title='bbox 1139 917 1215 953; x_wconf 87' lang='lat' dir='ltr'>alta</span> <span class='ocrx_word' id='word_1_388' title='bbox 1238 928 1321 963; x_wconf 80' lang='lat' dir='ltr'>quae</span> <span class='ocrx_word' id='word_1_389' title='bbox 1342 918 1516 962; x_wconf 88' lang='lat' dir='ltr'>audiunt,</span> <span class='ocrx_word' id='word_1_390' title='bbox 1540 922 1575 954; x_wconf 90' lang='lat' dir='ltr'>et</span> <span class='ocrx_word' id='word_1_391' title='bbox 1593 918 1747 955; x_wconf 84' lang='lat' dir='ltr'>infirma</span> 
     </span>
     <span class='ocr_line' id='line_1_72' title="bbox 960 964 1746 1009; baseline 0.006 -11"><span class='ocrx_word' id='word_1_392' title='bbox 960 974 1042 1009; x_wconf 59' lang='lat' dir='ltr'>quae</span> <span class='ocrx_word' id='word_1_393' title='bbox 1059 964 1187 1000; x_wconf 87' lang='lat' dir='ltr'>vident</span> <span class='ocrx_word' id='word_1_394' title='bbox 1202 965 1319 1001; x_wconf 89' lang='lat' dir='ltr'>dubia</span> <span class='ocrx_word' id='word_1_395' title='bbox 1328 965 1580 1002; x_wconf 88' lang='lat' dir='ltr'>admiratione</span> <span class='ocrx_word' id='word_1_396' title='bbox 1591 967 1746 1003; x_wconf 88' lang='lat' dir='ltr'>turban-</span> 
     </span>
     <span class='ocr_line' id='line_1_73' title="bbox 959 1012 1747 1050; baseline 0.005 -4"><span class='ocrx_word' id='word_1_397' title='bbox 959 1014 1034 1046; x_wconf 88' lang='lat' dir='ltr'>tur.</span> <span class='ocrx_word' id='word_1_398' title='bbox 1064 1012 1138 1047; x_wconf 87' lang='lat' dir='ltr'>Nos</span> <span class='ocrx_word' id='word_1_399' title='bbox 1162 1017 1290 1048; x_wconf 89' lang='lat' dir='ltr'>autem</span> <span class='ocrx_word' id='word_1_400' title='bbox 1316 1023 1390 1049; x_wconf 91' lang='lat' dir='ltr'>non</span> <span class='ocrx_word' id='word_1_401' title='bbox 1414 1024 1499 1049; x_wconf 91' lang='lat' dir='ltr'>cum</span> <span class='ocrx_word' id='word_1_402' title='bbox 1535 1013 1747 1050; x_wconf 86' lang='lat' dir='ltr'>senioribus</span> 
     </span>
     <span class='ocr_line' id='line_1_74' title="bbox 957 1059 1745 1112; baseline 0.005 -18"><span class='ocrx_word' id='word_1_403' title='bbox 957 1059 1191 1112; x_wconf 79' lang='lat' dir='ltr'>Judaeorum,</span> <span class='ocrx_word' id='word_1_404' title='bbox 1225 1070 1337 1106; x_wconf 88' lang='lat' dir='ltr'>super</span> <span class='ocrx_word' id='word_1_405' title='bbox 1372 1060 1573 1107; x_wconf 87' lang='lat' dir='ltr'>prudentia</span> <span class='ocrx_word' id='word_1_406' title='bbox 1612 1064 1648 1098; x_wconf 89' lang='lat' dir='ltr'>et</span> <span class='ocrx_word' id='word_1_407' title='bbox 1686 1070 1745 1098; x_wconf 88' lang='lat' dir='ltr'>re-</span> 
     </span>
     <span class='ocr_line' id='line_1_75' title="bbox 959 1107 1745 1154; baseline 0.005 -13"><span class='ocrx_word' id='word_1_408' title='bbox 959 1116 1107 1152; x_wconf 86' lang='lat' dir='ltr'>sponsis</span> <span class='ocrx_word' id='word_1_409' title='bbox 1128 1108 1209 1153; x_wconf 76' lang='lat' dir='ltr'>ejiis</span> <span class='ocrx_word' id='word_1_410' title='bbox 1232 1112 1464 1154; x_wconf 82' lang='lat' dir='ltr'>stupeamus,</span> <span class='ocrx_word' id='word_1_411' title='bbox 1486 1119 1608 1154; x_wconf 83' lang='lat' dir='ltr'>neque</span> <span class='ocrx_word' id='word_1_412' title='bbox 1630 1107 1745 1145; x_wconf 91' lang='lat' dir='ltr'>mire-</span> 
     </span>
     <span class='ocr_line' id='line_1_76' title="bbox 959 1154 1748 1200; baseline 0.006 -12"><span class='ocrx_word' id='word_1_413' title='bbox 959 1163 1063 1197; x_wconf 78' lang='lat' dir='ltr'>mur3</span> <span class='ocrx_word' id='word_1_414' title='bbox 1089 1156 1153 1190; x_wconf 89' lang='lat' dir='ltr'>sed</span> <span class='ocrx_word' id='word_1_415' title='bbox 1174 1154 1295 1200; x_wconf 83' lang='lat' dir='ltr'>ipsum</span> <span class='ocrx_word' id='word_1_416' title='bbox 1316 1166 1445 1191; x_wconf 73' lang='lat' dir='ltr'>verum</span> <span class='ocrx_word' id='word_1_417' title='bbox 1467 1156 1583 1191; x_wconf 82' lang='lat' dir='ltr'>Deum</span> <span class='ocrx_word' id='word_1_418' title='bbox 1601 1165 1748 1193; x_wconf 86' lang='lat' dir='ltr'>verum-</span> 
     </span>
     <span class='ocr_line' id='line_1_77' title="bbox 958 1201 1745 1249; baseline 0.005 -13"><span class='ocrx_word' id='word_1_419' title='bbox 958 1210 1030 1246; x_wconf 86' lang='lat' dir='ltr'>que</span> <span class='ocrx_word' id='word_1_420' title='bbox 1058 1201 1250 1237; x_wconf 87' lang='lat' dir='ltr'>hominem</span> <span class='ocrx_word' id='word_1_421' title='bbox 1283 1213 1366 1238; x_wconf 64' lang='lat' dir='ltr'>es&lt;e</span> <span class='ocrx_word' id='word_1_422' title='bbox 1390 1202 1604 1248; x_wconf 81' lang='lat' dir='ltr'>credamus,</span> <span class='ocrx_word' id='word_1_423' title='bbox 1627 1214 1650 1239; x_wconf 89' lang='lat' dir='ltr'>a</span> <span class='ocrx_word' id='word_1_424' title='bbox 1670 1213 1745 1249; x_wconf 87' lang='lat' dir='ltr'>quo</span> 
     </span>
     <span class='ocr_line' id='line_1_78' title="bbox 958 1249 1748 1297; baseline 0.005 -14"><span class='ocrx_word' id='word_1_425' title='bbox 958 1252 1014 1284; x_wconf 88' lang='lat' dir='ltr'>est</span> <span class='ocrx_word' id='word_1_426' title='bbox 1037 1249 1159 1285; x_wconf 89' lang='lat' dir='ltr'>omnis</span> <span class='ocrx_word' id='word_1_427' title='bbox 1190 1249 1388 1295; x_wconf 86' lang='lat' dir='ltr'>sapientia,</span> <span class='ocrx_word' id='word_1_428' title='bbox 1412 1254 1446 1286; x_wconf 91' lang='lat' dir='ltr'>et</span> <span class='ocrx_word' id='word_1_429' title='bbox 1473 1261 1555 1286; x_wconf 88' lang='lat' dir='ltr'>cum</span> <span class='ocrx_word' id='word_1_430' title='bbox 1580 1261 1655 1297; x_wconf 84' lang='lat' dir='ltr'>quo</span> <span class='ocrx_word' id='word_1_431' title='bbox 1677 1250 1748 1287; x_wconf 84' lang='lat' dir='ltr'>suit</span> 
     </span>
     <span class='ocr_line' id='line_1_79' title="bbox 958 1298 1746 1341; baseline 0.005 -11"><span class='ocrx_word' id='word_1_432' title='bbox 958 1305 1108 1341; x_wconf 86' lang='lat' dir='ltr'>semper</span> <span class='ocrx_word' id='word_1_433' title='bbox 1137 1299 1170 1332; x_wconf 86' lang='lat' dir='ltr'>et</span> <span class='ocrx_word' id='word_1_434' title='bbox 1204 1301 1260 1332; x_wconf 89' lang='lat' dir='ltr'>est</span> <span class='ocrx_word' id='word_1_435' title='bbox 1299 1301 1385 1333; x_wconf 86' lang='lat' dir='ltr'>ante</span> <span class='ocrx_word' id='word_1_436' title='bbox 1423 1309 1557 1341; x_wconf 64' lang='lat' dir='ltr'>aevum,</span> <span class='ocrx_word' id='word_1_437' title='bbox 1585 1298 1746 1335; x_wconf 80' lang='lat' dir='ltr'>seientes</span> 
     </span>
     <span class='ocr_line' id='line_1_80' title="bbox 959 1343 1744 1390; baseline 0.004 -12"><span class='ocrx_word' id='word_1_438' title='bbox 959 1343 1165 1379; x_wconf 86' lang='lat' dir='ltr'>secundum</span> <span class='ocrx_word' id='word_1_439' title='bbox 1192 1344 1433 1390; x_wconf 81' lang='lat' dir='ltr'>Prophetiam</span> <span class='ocrx_word' id='word_1_440' title='bbox 1456 1346 1556 1390; x_wconf 78' lang='lat' dir='ltr'>quod</span> <span class='ocrx_word' id='word_1_441' title='bbox 1578 1345 1629 1381; x_wconf 88' lang='lat' dir='ltr'>sic</span> <span class='ocrx_word' id='word_1_442' title='bbox 1654 1346 1744 1381; x_wconf 86' lang='lat' dir='ltr'>Par-</span> 
     </span>
     <span class='ocr_line' id='line_1_81' title="bbox 959 1390 1744 1439; baseline 0.006 -15"><span class='ocrx_word' id='word_1_443' title='bbox 959 1390 1067 1426; x_wconf 78' lang='lat' dir='ltr'>vulus</span> <span class='ocrx_word' id='word_1_444' title='bbox 1089 1395 1198 1427; x_wconf 86' lang='lat' dir='ltr'>natus</span> <span class='ocrx_word' id='word_1_445' title='bbox 1217 1396 1273 1428; x_wconf 86' lang='lat' dir='ltr'>est</span> <span class='ocrx_word' id='word_1_446' title='bbox 1295 1392 1417 1436; x_wconf 86' lang='lat' dir='ltr'>nobis,</span> <span class='ocrx_word' id='word_1_447' title='bbox 1430 1393 1530 1439; x_wconf 85' lang='lat' dir='ltr'>quod</span> <span class='ocrx_word' id='word_1_448' title='bbox 1547 1395 1744 1439; x_wconf 84' lang='lat' dir='ltr'>permanet</span> 
     </span>
     <span class='ocr_line' id='line_1_82' title="bbox 958 1438 1197 1474; baseline 0.008 -2"><span class='ocrx_word' id='word_1_449' title='bbox 958 1438 1059 1473; x_wconf 90' lang='lat' dir='ltr'>Deus</span> <span class='ocrx_word' id='word_1_450' title='bbox 1076 1438 1197 1474; x_wconf 83' lang='lat' dir='ltr'>sortis.</span> 
     </span>
    </p>

    <p class='ocr_par' dir='ltr' id='par_1_6' title="bbox 951 1486 1746 2862">
     <span class='ocr_line' id='line_1_83' title="bbox 1005 1486 1744 1531; baseline 0.007 -12"><span class='ocrx_word' id='word_1_451' title='bbox 1005 1500 1025 1531; x_wconf 84' lang='lat'><strong>9</strong></span> <span class='ocrx_word' id='word_1_452' title='bbox 1050 1486 1169 1521; x_wconf 52' lang='lat' dir='ltr'>Mam).</span> <span class='ocrx_word' id='word_1_453' title='bbox 1196 1496 1420 1522; x_wconf 63' lang='lat' dir='ltr'>ixrnnnoon</span> <span class='ocrx_word' id='word_1_454' title='bbox 1447 1487 1574 1523; x_wconf 73' lang='lat' dir='ltr'>thmt</span> <span class='ocrx_word' id='word_1_455' title='bbox 1606 1498 1672 1524; x_wconf 72' lang='lat' dir='ltr'>cen</span> <span class='ocrx_word' id='word_1_456' title='bbox 1706 1498 1744 1524; x_wconf 75' lang='grc' dir='ltr'>ΙΝ</span> 
     </span>
     <span class='ocr_line' id='line_1_84' title="bbox 955 1536 1745 1580; baseline 0.006 -13"><span class='ocrx_word' id='word_1_457' title='bbox 955 1543 1094 1567; x_wconf 67' lang='lat' dir='ltr'>‘renem</span> <span class='ocrx_word' id='word_1_458' title='bbox 1133 1544 1368 1569; x_wconf 70' lang='lat' dir='ltr'>REMANSERIT.</span> <span class='ocrx_word' id='word_1_459' title='bbox 1407 1554 1451 1560; x_wconf 94' lang='lat'>—-</span> <span class='ocrx_word' id='word_1_460' title='bbox 1487 1536 1534 1570; x_wconf 78' lang='lat' dir='ltr'>Ec</span> <span class='ocrx_word' id='word_1_461' title='bbox 1566 1538 1745 1580; x_wconf 82' lang='lat' dir='ltr'>parentes</span> 
     </span>
     <span class='ocr_line' id='line_1_85' title="bbox 956 1579 1746 1628; baseline 0.006 -14"><span class='ocrx_word' id='word_1_462' title='bbox 956 1579 1054 1624; x_wconf 76' lang='lat' dir='ltr'>eJus,</span> <span class='ocrx_word' id='word_1_463' title='bbox 1076 1580 1239 1615; x_wconf 78' lang='lat' dir='ltr'>videntes</span> <span class='ocrx_word' id='word_1_464' title='bbox 1259 1591 1346 1617; x_wconf 88' lang='lat' dir='ltr'>eum</span> <span class='ocrx_word' id='word_1_465' title='bbox 1366 1580 1406 1616; x_wconf 86' lang='lat' dir='ltr'>in</span> <span class='ocrx_word' id='word_1_466' title='bbox 1432 1581 1588 1628; x_wconf 89' lang='lat' dir='ltr'>templo,</span> <span class='ocrx_word' id='word_1_467' title='bbox 1611 1581 1650 1617; x_wconf 92' lang='lat' dir='ltr'>in</span> <span class='ocrx_word' id='word_1_468' title='bbox 1670 1592 1746 1619; x_wconf 91' lang='lat' dir='ltr'>me-</span> 
     </span>
     <span class='ocr_line' id='line_1_86' title="bbox 956 1626 1744 1673; baseline 0.005 -11"><span class='ocrx_word' id='word_1_469' title='bbox 956 1627 1018 1663; x_wconf 89' lang='lat' dir='ltr'>dio</span> <span class='ocrx_word' id='word_1_470' title='bbox 1067 1626 1264 1664; x_wconf 87' lang='lat' dir='ltr'>doctorum</span> <span class='ocrx_word' id='word_1_471' title='bbox 1309 1628 1519 1673; x_wconf 87' lang='lat' dir='ltr'>sedentem,</span> <span class='ocrx_word' id='word_1_472' title='bbox 1565 1629 1744 1666; x_wconf 80' lang='lat' dir='ltr'>admirati</span> 
     </span>
     <span class='ocr_line' id='line_1_87' title="bbox 954 1674 1742 1723; baseline 0.006 -14"><span class='ocrx_word' id='word_1_473' title='bbox 954 1677 1041 1710; x_wconf 75' lang='lat' dir='ltr'>sunt</span> <span class='ocrx_word' id='word_1_474' title='bbox 1065 1674 1187 1716; x_wconf 85' lang='lat' dir='ltr'>valde,</span> <span class='ocrx_word' id='word_1_475' title='bbox 1218 1679 1374 1722; x_wconf 88' lang='lat' dir='ltr'>propter</span> <span class='ocrx_word' id='word_1_476' title='bbox 1408 1675 1464 1712; x_wconf 88' lang='lat' dir='ltr'>rei</span> <span class='ocrx_word' id='word_1_477' title='bbox 1503 1676 1742 1723; x_wconf 81' lang='lat' dir='ltr'>inexperien-</span> 
     </span>
     <span class='ocr_line' id='line_1_88' title="bbox 955 1721 1743 1769; baseline 0.005 -11"><span class='ocrx_word' id='word_1_478' title='bbox 955 1721 1066 1766; x_wconf 81' lang='lat' dir='ltr'>tiam3</span> <span class='ocrx_word' id='word_1_479' title='bbox 1090 1722 1181 1768; x_wconf 87' lang='lat' dir='ltr'>quia</span> <span class='ocrx_word' id='word_1_480' title='bbox 1201 1733 1408 1769; x_wconf 87' lang='lat' dir='ltr'>numquam</span> <span class='ocrx_word' id='word_1_481' title='bbox 1427 1724 1567 1760; x_wconf 77' lang='lat' dir='ltr'>fecerat</span> <span class='ocrx_word' id='word_1_482' title='bbox 1587 1735 1667 1761; x_wconf 90' lang='lat' dir='ltr'>rem</span> <span class='ocrx_word' id='word_1_483' title='bbox 1685 1728 1743 1762; x_wconf 89' lang='lat' dir='ltr'>ta-</span> 
     </span>
     <span class='ocr_line' id='line_1_89' title="bbox 955 1769 1741 1818; baseline 0.006 -14"><span class='ocrx_word' id='word_1_484' title='bbox 955 1769 1029 1805; x_wconf 87' lang='lat' dir='ltr'>lem</span> <span class='ocrx_word' id='word_1_485' title='bbox 1055 1770 1112 1805; x_wconf 90' lang='lat' dir='ltr'>vel</span> <span class='ocrx_word' id='word_1_486' title='bbox 1139 1769 1314 1806; x_wconf 89' lang='lat' dir='ltr'>similem.</span> <span class='ocrx_word' id='word_1_487' title='bbox 1347 1773 1466 1807; x_wconf 82' lang='lat' dir='ltr'>Mater</span> <span class='ocrx_word' id='word_1_488' title='bbox 1489 1776 1615 1808; x_wconf 87' lang='lat' dir='ltr'>autem</span> <span class='ocrx_word' id='word_1_489' title='bbox 1647 1772 1741 1818; x_wconf 89' lang='lat' dir='ltr'>ejus,</span> 
     </span>
     <span class='ocr_line' id='line_1_90' title="bbox 956 1816 1742 1864; baseline 0.005 -12"><span class='ocrx_word' id='word_1_490' title='bbox 956 1816 1063 1863; x_wconf 88' lang='lat' dir='ltr'>quasi</span> <span class='ocrx_word' id='word_1_491' title='bbox 1091 1817 1335 1863; x_wconf 87' lang='lat' dir='ltr'>reviviscens,</span> <span class='ocrx_word' id='word_1_492' title='bbox 1359 1822 1395 1855; x_wconf 89' lang='lat' dir='ltr'>et</span> <span class='ocrx_word' id='word_1_493' title='bbox 1420 1819 1642 1864; x_wconf 77' lang='lat' dir='ltr'>exhilarata,</span> <span class='ocrx_word' id='word_1_494' title='bbox 1665 1821 1742 1857; x_wconf 93' lang='lat' dir='ltr'>Deo</span> 
     </span>
     <span class='ocr_line' id='line_1_91' title="bbox 956 1864 1740 1913; baseline 0.005 -13"><span class='ocrx_word' id='word_1_495' title='bbox 956 1864 1098 1911; x_wconf 82' lang='lat' dir='ltr'>gratias</span> <span class='ocrx_word' id='word_1_496' title='bbox 1119 1865 1196 1911; x_wconf 84' lang='lat' dir='ltr'>egit</span> <span class='ocrx_word' id='word_1_497' title='bbox 1212 1865 1430 1903; x_wconf 88' lang='lat' dir='ltr'>immensas.</span> <span class='ocrx_word' id='word_1_498' title='bbox 1448 1868 1599 1913; x_wconf 84' lang='lat' dir='ltr'>Atpuer</span> <span class='ocrx_word' id='word_1_499' title='bbox 1615 1869 1634 1904; x_wconf 89' lang='lat' dir='ltr'>J</span> <span class='ocrx_word' id='word_1_500' title='bbox 1638 1877 1740 1913; x_wconf 87' lang='lat' dir='ltr'>esus,</span> 
     </span>
     <span class='ocr_line' id='line_1_92' title="bbox 955 1912 1742 1961; baseline 0.006 -14"><span class='ocrx_word' id='word_1_501' title='bbox 955 1912 1088 1949; x_wconf 84' lang='lat' dir='ltr'>videns</span> <span class='ocrx_word' id='word_1_502' title='bbox 1110 1913 1281 1957; x_wconf 81' lang='lat' dir='ltr'>Matrem,</span> <span class='ocrx_word' id='word_1_503' title='bbox 1301 1913 1403 1950; x_wconf 78' lang='lat' dir='ltr'>venit</span> <span class='ocrx_word' id='word_1_504' title='bbox 1423 1914 1471 1950; x_wconf 86' lang='lat' dir='ltr'>ad</span> <span class='ocrx_word' id='word_1_505' title='bbox 1498 1925 1603 1958; x_wconf 68' lang='lat' dir='ltr'>eam,</span> <span class='ocrx_word' id='word_1_506' title='bbox 1627 1924 1742 1961; x_wconf 89' lang='lat' dir='ltr'>quem</span> 
     </span>
     <span class='ocr_line' id='line_1_93' title="bbox 954 1958 1736 2008; baseline 0.005 -13"><span class='ocrx_word' id='word_1_507' title='bbox 954 1958 1038 2006; x_wconf 89' lang='lat' dir='ltr'>ipsa</span> <span class='ocrx_word' id='word_1_508' title='bbox 1064 1960 1272 2007; x_wconf 83' lang='lat' dir='ltr'>suscipiens</span> <span class='ocrx_word' id='word_1_509' title='bbox 1297 1965 1331 1997; x_wconf 81' lang='lat' dir='ltr'>et</span> <span class='ocrx_word' id='word_1_510' title='bbox 1357 1961 1518 1998; x_wconf 88' lang='lat' dir='ltr'>dulciter</span> <span class='ocrx_word' id='word_1_511' title='bbox 1545 1963 1736 2008; x_wconf 88' lang='lat' dir='ltr'>osculans,</span> 
     </span>
     <span class='ocr_line' id='line_1_94' title="bbox 955 2007 1741 2056; baseline 0.005 -14"><span class='ocrx_word' id='word_1_512' title='bbox 955 2017 999 2043; x_wconf 89' lang='lat' dir='ltr'>ac</span> <span class='ocrx_word' id='word_1_513' title='bbox 1026 2007 1163 2044; x_wconf 90' lang='lat' dir='ltr'>deinde</span> <span class='ocrx_word' id='word_1_514' title='bbox 1193 2008 1398 2054; x_wconf 87' lang='lat' dir='ltr'>respiciens</span> <span class='ocrx_word' id='word_1_515' title='bbox 1431 2008 1469 2044; x_wconf 89' lang='lat' dir='ltr'>in</span> <span class='ocrx_word' id='word_1_516' title='bbox 1500 2008 1633 2045; x_wconf 82' lang='lat' dir='ltr'>faciem</span> <span class='ocrx_word' id='word_1_517' title='bbox 1659 2010 1741 2056; x_wconf 75' lang='lat' dir='ltr'>eJus</span> 
     </span>
     <span class='ocr_line' id='line_1_95' title="bbox 955 2054 1739 2102; baseline 0.004 -12"><span class='ocrx_word' id='word_1_518' title='bbox 955 2054 1146 2099; x_wconf 83' lang='lat' dir='ltr'>decoram,</span> <span class='ocrx_word' id='word_1_519' title='bbox 1173 2056 1273 2091; x_wconf 64' lang='lat' dir='ltr'>disc-it</span> <span class='ocrx_word' id='word_1_520' title='bbox 1295 2059 1411 2092; x_wconf 75' lang='lat' dir='ltr'>mater</span> <span class='ocrx_word' id='word_1_521' title='bbox 1432 2057 1510 2102; x_wconf 80' lang='lat' dir='ltr'>ejus</span> <span class='ocrx_word' id='word_1_522' title='bbox 1529 2057 1579 2092; x_wconf 81' lang='lat' dir='ltr'>ad</span> <span class='ocrx_word' id='word_1_523' title='bbox 1601 2057 1708 2093; x_wconf 79' lang='lat' dir='ltr'>illum</span> <span class='ocrx_word' id='word_1_524' title='bbox 1728 2069 1739 2093; x_wconf 88' lang='lat'>:</span> 
     </span>
     <span class='ocr_line' id='line_1_96' title="bbox 954 2103 1740 2148; baseline 0.004 -10"><span class='ocrx_word' id='word_1_525' title='bbox 954 2103 1042 2143; x_wconf 75' lang='lat' dir='ltr'>Fili,</span> <span class='ocrx_word' id='word_1_526' title='bbox 1065 2103 1158 2148; x_wconf 81' lang='lat' dir='ltr'>quid</span> <span class='ocrx_word' id='word_1_527' title='bbox 1181 2105 1305 2146; x_wconf 79' lang='lat' dir='ltr'>fecisti</span> <span class='ocrx_word' id='word_1_528' title='bbox 1325 2104 1428 2139; x_wconf 72' lang='lat' dir='ltr'>nobis</span> <span class='ocrx_word' id='word_1_529' title='bbox 1448 2106 1528 2139; x_wconf 78' lang='lat' dir='ltr'>sic?</span> <span class='ocrx_word' id='word_1_530' title='bbox 1546 2104 1659 2148; x_wconf 87' lang='lat' dir='ltr'>Quasi</span> <span class='ocrx_word' id='word_1_531' title='bbox 1679 2103 1740 2141; x_wconf 88' lang='lat' dir='ltr'>di-</span> 
     </span>
     <span class='ocr_line' id='line_1_97' title="bbox 955 2150 1741 2198; baseline 0.004 -13"><span class='ocrx_word' id='word_1_532' title='bbox 955 2153 1078 2186; x_wconf 85' lang='lat' dir='ltr'>ceret:</span> <span class='ocrx_word' id='word_1_533' title='bbox 1102 2150 1428 2188; x_wconf 76' lang='lat' dir='ltr'>Desiileratissime</span> <span class='ocrx_word' id='word_1_534' title='bbox 1446 2151 1527 2195; x_wconf 90' lang='lat' dir='ltr'>Fili,</span> <span class='ocrx_word' id='word_1_535' title='bbox 1539 2161 1656 2198; x_wconf 87' lang='lat' dir='ltr'>quare</span> <span class='ocrx_word' id='word_1_536' title='bbox 1669 2152 1741 2189; x_wconf 88' lang='lat' dir='ltr'>hoc</span> 
     </span>
     <span class='ocr_line' id='line_1_98' title="bbox 954 2197 1742 2246; baseline 0.004 -14"><span class='ocrx_word' id='word_1_537' title='bbox 954 2197 1089 2240; x_wconf 83' lang='lat' dir='ltr'>fecisti,</span> <span class='ocrx_word' id='word_1_538' title='bbox 1111 2201 1164 2242; x_wconf 93' lang='lat' dir='ltr'>ut,</span> <span class='ocrx_word' id='word_1_539' title='bbox 1187 2198 1297 2235; x_wconf 89' lang='lat' dir='ltr'>nobis</span> <span class='ocrx_word' id='word_1_540' title='bbox 1326 2198 1590 2246; x_wconf 83' lang='lat' dir='ltr'>ignorantibus</span> <span class='ocrx_word' id='word_1_541' title='bbox 1617 2202 1654 2235; x_wconf 89' lang='lat' dir='ltr'>et</span> <span class='ocrx_word' id='word_1_542' title='bbox 1679 2209 1742 2236; x_wconf 89' lang='lat' dir='ltr'>ne-</span> 
     </span>
     <span class='ocr_line' id='line_1_99' title="bbox 954 2244 1740 2292; baseline 0.005 -12"><span class='ocrx_word' id='word_1_543' title='bbox 954 2244 1174 2290; x_wconf 89' lang='lat' dir='ltr'>scientibus,</span> <span class='ocrx_word' id='word_1_544' title='bbox 1199 2245 1259 2282; x_wconf 86' lang='lat' dir='ltr'>hie</span> <span class='ocrx_word' id='word_1_545' title='bbox 1277 2246 1521 2283; x_wconf 79' lang='lat' dir='ltr'>remaneres?</span> <span class='ocrx_word' id='word_1_546' title='bbox 1555 2245 1640 2292; x_wconf 87' lang='lat' dir='ltr'>Qui,</span> <span class='ocrx_word' id='word_1_547' title='bbox 1662 2249 1740 2284; x_wconf 88' lang='lat' dir='ltr'>tam</span> 
     </span>
     <span class='ocr_line' id='line_1_100' title="bbox 954 2292 1741 2342; baseline 0.004 -14"><span class='ocrx_word' id='word_1_548' title='bbox 954 2292 1115 2338; x_wconf 63' lang='lat' dir='ltr'>dilectae,</span> <span class='ocrx_word' id='word_1_549' title='bbox 1134 2297 1171 2330; x_wconf 88' lang='lat' dir='ltr'>et</span> <span class='ocrx_word' id='word_1_550' title='bbox 1187 2296 1264 2330; x_wconf 91' lang='lat' dir='ltr'>tam</span> <span class='ocrx_word' id='word_1_551' title='bbox 1278 2293 1451 2342; x_wconf 85' lang='lat' dir='ltr'>diligenti</span> <span class='ocrx_word' id='word_1_552' title='bbox 1469 2294 1579 2331; x_wconf 91' lang='lat' dir='ltr'>Matri</span> <span class='ocrx_word' id='word_1_553' title='bbox 1597 2297 1741 2331; x_wconf 89' lang='lat' dir='ltr'>tantam</span> 
     </span>
     <span class='ocr_line' id='line_1_101' title="bbox 955 2340 1740 2389; baseline 0.003 -13"><span class='ocrx_word' id='word_1_554' title='bbox 955 2340 1153 2377; x_wconf 86' lang='lat' dir='ltr'>materiam</span> <span class='ocrx_word' id='word_1_555' title='bbox 1191 2341 1333 2378; x_wconf 88' lang='lat' dir='ltr'>doloris</span> <span class='ocrx_word' id='word_1_556' title='bbox 1371 2341 1513 2378; x_wconf 82' lang='lat' dir='ltr'>inferre</span> <span class='ocrx_word' id='word_1_557' title='bbox 1558 2341 1740 2389; x_wconf 80' lang='lat' dir='ltr'>potuisti?</span> 
     </span>
     <span class='ocr_line' id='line_1_102' title="bbox 956 2388 1741 2434; baseline 0.003 -10"><span class='ocrx_word' id='word_1_558' title='bbox 956 2389 1060 2433; x_wconf 87' lang='lat' dir='ltr'>Peto,</span> <span class='ocrx_word' id='word_1_559' title='bbox 1082 2388 1164 2433; x_wconf 88' lang='lat' dir='ltr'>Fili,</span> <span class='ocrx_word' id='word_1_560' title='bbox 1179 2389 1251 2425; x_wconf 85' lang='lat' dir='ltr'>hoc</span> <span class='ocrx_word' id='word_1_561' title='bbox 1271 2389 1363 2425; x_wconf 84' lang='lat' dir='ltr'>milii</span> <span class='ocrx_word' id='word_1_562' title='bbox 1386 2388 1559 2434; x_wconf 87' lang='lat' dir='ltr'>indicari,</span> <span class='ocrx_word' id='word_1_563' title='bbox 1573 2393 1611 2426; x_wconf 87' lang='lat' dir='ltr'>ut</span> <span class='ocrx_word' id='word_1_564' title='bbox 1633 2389 1741 2426; x_wconf 91' lang='lat' dir='ltr'>dolor</span> 
     </span>
     <span class='ocr_line' id='line_1_103' title="bbox 955 2435 1742 2484; baseline 0 -12"><span class='ocrx_word' id='word_1_565' title='bbox 955 2446 1075 2481; x_wconf 77' lang='lat' dir='ltr'>meuS,</span> <span class='ocrx_word' id='word_1_566' title='bbox 1094 2447 1136 2473; x_wconf 83' lang='lat' dir='ltr'>ex</span> <span class='ocrx_word' id='word_1_567' title='bbox 1155 2437 1226 2473; x_wconf 85' lang='lat' dir='ltr'>hac</span> <span class='ocrx_word' id='word_1_568' title='bbox 1247 2447 1288 2473; x_wconf 93' lang='lat' dir='ltr'>re</span> <span class='ocrx_word' id='word_1_569' title='bbox 1302 2441 1519 2484; x_wconf 87' lang='lat' dir='ltr'>conceptus,</span> <span class='ocrx_word' id='word_1_570' title='bbox 1533 2437 1657 2473; x_wconf 82' lang='lat' dir='ltr'>valeat</span> <span class='ocrx_word' id='word_1_571' title='bbox 1675 2435 1742 2473; x_wconf 89' lang='lat' dir='ltr'>mi-</span> 
     </span>
     <span class='ocr_line' id='line_1_104' title="bbox 953 2482 1739 2531; baseline 0 -12"><span class='ocrx_word' id='word_1_572' title='bbox 953 2482 1080 2530; x_wconf 85' lang='lat' dir='ltr'>tigari.</span> <span class='ocrx_word' id='word_1_573' title='bbox 1118 2484 1237 2527; x_wconf 88' lang='lat' dir='ltr'>Quem</span> <span class='ocrx_word' id='word_1_574' title='bbox 1274 2484 1387 2531; x_wconf 82' lang='lat' dir='ltr'>Virgo</span> <span class='ocrx_word' id='word_1_575' title='bbox 1419 2489 1540 2521; x_wconf 85' lang='lat' dir='ltr'>mater</span> <span class='ocrx_word' id='word_1_576' title='bbox 1570 2495 1639 2531; x_wconf 88' lang='lat' dir='ltr'>per</span> <span class='ocrx_word' id='word_1_577' title='bbox 1671 2482 1739 2519; x_wconf 87' lang='lat' dir='ltr'>tri-</span> 
     </span>
     <span class='ocr_line' id='line_1_105' title="bbox 953 2530 1741 2584; baseline 0 -17"><span class='ocrx_word' id='word_1_578' title='bbox 953 2530 1073 2584; x_wconf 73' lang='lat' dir='ltr'>duum</span> <span class='ocrx_word' id='word_1_579' title='bbox 1105 2531 1214 2568; x_wconf 80' lang='lat' dir='ltr'>anxio</span> <span class='ocrx_word' id='word_1_580' title='bbox 1248 2533 1379 2569; x_wconf 87' lang='lat' dir='ltr'>dolore</span> <span class='ocrx_word' id='word_1_581' title='bbox 1414 2531 1631 2579; x_wconf 75' lang='lat' dir='ltr'>quaesierat,</span> <span class='ocrx_word' id='word_1_582' title='bbox 1655 2534 1741 2577; x_wconf 89' lang='lat' dir='ltr'>post</span> 
     </span>
     <span class='ocr_line' id='line_1_106' title="bbox 954 2578 1740 2624; baseline 0 -10"><span class='ocrx_word' id='word_1_583' title='bbox 954 2578 1214 2616; x_wconf 77' lang='lat' dir='ltr'>inventionem</span> <span class='ocrx_word' id='word_1_584' title='bbox 1242 2579 1341 2616; x_wconf 90' lang='lat' dir='ltr'>inter</span> <span class='ocrx_word' id='word_1_585' title='bbox 1366 2589 1568 2616; x_wconf 83' lang='lat' dir='ltr'>moerorem</span> <span class='ocrx_word' id='word_1_586' title='bbox 1589 2582 1625 2615; x_wconf 88' lang='lat' dir='ltr'>et</span> <span class='ocrx_word' id='word_1_587' title='bbox 1645 2588 1740 2624; x_wconf 89' lang='lat' dir='ltr'>gau-</span> 
     </span>
     <span class='ocr_line' id='line_1_107' title="bbox 953 2625 1740 2674; baseline 0 -12"><span class='ocrx_word' id='word_1_588' title='bbox 953 2625 1057 2663; x_wconf 89' lang='lat' dir='ltr'>dium</span> <span class='ocrx_word' id='word_1_589' title='bbox 1078 2627 1214 2674; x_wconf 91' lang='lat' dir='ltr'>posita,</span> <span class='ocrx_word' id='word_1_590' title='bbox 1234 2627 1297 2674; x_wconf 88' lang='lat' dir='ltr'>pia</span> <span class='ocrx_word' id='word_1_591' title='bbox 1317 2626 1551 2664; x_wconf 85' lang='lat' dir='ltr'>correctione</span> <span class='ocrx_word' id='word_1_592' title='bbox 1572 2625 1740 2673; x_wconf 88' lang='lat' dir='ltr'>increpa-</span> 
     </span>
     <span class='ocr_line' id='line_1_108' title="bbox 951 2671 1739 2722; baseline 0 -13"><span class='ocrx_word' id='word_1_593' title='bbox 951 2673 1018 2710; x_wconf 90' lang='lat' dir='ltr'>vit.</span> <span class='ocrx_word' id='word_1_594' title='bbox 1040 2675 1181 2722; x_wconf 86' lang='lat' dir='ltr'>Joseph</span> <span class='ocrx_word' id='word_1_595' title='bbox 1197 2679 1339 2719; x_wconf 90' lang='lat' dir='ltr'>autem,</span> <span class='ocrx_word' id='word_1_596' title='bbox 1361 2675 1445 2710; x_wconf 87' lang='lat' dir='ltr'>licet</span> <span class='ocrx_word' id='word_1_597' title='bbox 1463 2677 1571 2720; x_wconf 87' lang='lat' dir='ltr'>pater</span> <span class='ocrx_word' id='word_1_598' title='bbox 1587 2674 1668 2720; x_wconf 81' lang='lat' dir='ltr'>ejus</span> <span class='ocrx_word' id='word_1_599' title='bbox 1684 2671 1739 2710; x_wconf 82' lang='lat' dir='ltr'>di—</span> 
     </span>
     <span class='ocr_line' id='line_1_109' title="bbox 952 2721 1738 2767; baseline -0.001 -8"><span class='ocrx_word' id='word_1_600' title='bbox 952 2726 1117 2766; x_wconf 76' lang='lat' dir='ltr'>cei-etur,</span> <span class='ocrx_word' id='word_1_601' title='bbox 1135 2733 1210 2759; x_wconf 94' lang='lat' dir='ltr'>non</span> <span class='ocrx_word' id='word_1_602' title='bbox 1231 2722 1424 2758; x_wconf 83' lang='lat' dir='ltr'>fuitausus</span> <span class='ocrx_word' id='word_1_603' title='bbox 1442 2721 1545 2757; x_wconf 89' lang='lat' dir='ltr'>illum</span> <span class='ocrx_word' id='word_1_604' title='bbox 1563 2729 1738 2767; x_wconf 83' lang='lat' dir='ltr'>arguere,</span> 
     </span>
     <span class='ocr_line' id='line_1_110' title="bbox 952 2767 1736 2816; baseline -0.003 -10"><span class='ocrx_word' id='word_1_605' title='bbox 952 2769 1134 2816; x_wconf 85' lang='lat' dir='ltr'>quoniam</span> <span class='ocrx_word' id='word_1_606' title='bbox 1154 2770 1314 2807; x_wconf 86' lang='lat' dir='ltr'>firmiter</span> <span class='ocrx_word' id='word_1_607' title='bbox 1332 2769 1504 2806; x_wconf 85' lang='lat' dir='ltr'>crederet</span> <span class='ocrx_word' id='word_1_608' title='bbox 1523 2768 1648 2816; x_wconf 91' lang='lat' dir='ltr'>ipsum</span> <span class='ocrx_word' id='word_1_609' title='bbox 1669 2767 1736 2805; x_wconf 85' lang='lat' dir='ltr'>Dei</span> 
     </span>
     <span class='ocr_line' id='line_1_111' title="bbox 953 2815 1736 2862; baseline 0.003 -9"><span class='ocrx_word' id='word_1_610' title='bbox 953 2816 1089 2855; x_wconf 88' lang='lat' dir='ltr'>Filium</span> <span class='ocrx_word' id='word_1_611' title='bbox 1123 2828 1225 2862; x_wconf 83' lang='lat' dir='ltr'>esse3</span> <span class='ocrx_word' id='word_1_612' title='bbox 1260 2818 1327 2855; x_wconf 88' lang='lat' dir='ltr'>sed</span> <span class='ocrx_word' id='word_1_613' title='bbox 1347 2818 1480 2862; x_wconf 83' lang='lat' dir='ltr'>Mater,</span> <span class='ocrx_word' id='word_1_614' title='bbox 1500 2826 1544 2854; x_wconf 85' lang='lat' dir='ltr'>ex</span> <span class='ocrx_word' id='word_1_615' title='bbox 1573 2815 1736 2855; x_wconf 76' lang='lat' dir='ltr'>maxima</span> 
     </span>
    </p>
   </div>
  </div>
 </body>
</html>
