1876 3126
111 156 173 191 298

110 226 212 263 aliud
234 228 290 261 est
310 235 433 261 sermo
455 226 606 270 multus,
627 226 729 264 aliud
749 228 890 265 diutur-

105 283 178 309 nus
195 272 365 308 affectus.
388 273 481 308 Nam
495 273 715 320 plerumque
733 275 804 312 hoc
824 286 888 312 ne-

110 319 252 366 gotium
284 319 366 364 plus
387 321 588 366 gemitibus
615 321 752 367 agitur,
778 333 889 368 quam

112 366 350 402 sermonibus
369 378 376 410 ;
412 367 495 412 plus
516 367 679 414 fletibus,
702 380 811 416 quam
833 370 889 407 af-

110 413 202 449 fatu.
226 414 310 448 Haec
334 416 461 450 tamen
479 413 723 461 intengenda
739 421 823 453 sunt
843 418 890 454 de

111 459 348 509 orationibus
384 461 538 506 privatis
576 466 613 499 et
653 464 888 510 voluntariis,

111 507 198 552 quia
225 506 415 543 orationes
435 508 571 546 debitae
595 513 632 546 et
651 512 809 556 publica>¹
830 512 891 547 de-

109 553 200 590 bent
221 564 302 590 esse
322 553 360 590 in
378 555 515 600 verbis,
534 560 573 592 ut
589 557 733 603 possint
749 558 889 604 percipi

111 601 158 637 ab
180 600 277 637 aliis.

157 650 177 683 5
199 649 251 683 DE
276 659 415 684 JEJUNtO
434 661 474 685 ET
495 662 662 691 QUOMODO
683 663 889 688 CHRISTIANE

108 706 334 731 JEchAth'ii
365 708 438 731 EST.
460 717 503 724 -—
524 698 666 734 Deinde
696 699 803 734 docet
830 700 888 735 su-

108 751 198 787 gere
224 742 452 788 hypocrisim
484 743 520 780 in
537 745 697 791 jejunio,
726 745 853 781 dicens
877 758 885 782 z

110 789 196 826 Cum
227 793 347 825 autem
385 791 576 837 jejunatis,
605 792 705 837 quod
739 792 888 837 expedit

107 845 176 882 pro
194 838 375 882 tempore,
389 839 500 873 nolite
514 840 595 882 fieri
615 841 709 873 sicut
722 840 888 884 hypocri-

107 886 153 918 tae
172 885 306 918 tristes.
331 885 408 919 Non
432 884 552 920 solum
573 884 746 930 prohibet
779 886 884 930 fieri;

107 929 174 966 sed
192 930 298 974 velle,
321 940 405 965 cum
426 931 527 975 dicit,
544 931 678 967 nolite:
701 932 739 967 in
759 933 888 968 volun-

105 979 183 1012 tate
218 981 271 1011 est
307 976 406 1011 enini
430 977 551 1022 prima
582 978 686 1014 radix
716 979 887 1016 merendi

107 1023 163 1058 vel
200 1023 430 1058 dei‘nerendi.
461 1026 564 1067 Item,
597 1025 679 1061 fieri
698 1026 885 1072 prohibet,

106 1079 182 1105 non
204 1079 300 1112 esse,
327 1070 426 1114 quia,
450 1071 655 1107 secundum
678 1073 886 1117 chrysosto-

107 1126 218 1159 mum,
241 1116 364 1152 sciens
386 1117 565 1153 Dominus
593 1119 691 1163 quod
713 1131 788 1155 non
810 1124 888 1166 pot-

107 1166 164 1199 est
184 1174 266 1199 esse
278 1163 409 1199 hilaris
423 1164 483 1210 qui
502 1165 663 1210 ⁷iejunat‚
680 1177 754 1202 non
773 1167 883 1204 dixit:

106 1209 229 1246 Nolite
249 1221 331 1246 esse
352 1210 492 1256 tristes,
525 1213 590 1248 sed
609 1224 616 1248 :
646 1213 766 1249 Nolite
788 1214 885 1251 fieri.

106 1256 218 1292 Aliud
249 1261 305 1293 est
325 1257 424 1293 enim
456 1269 551 1303 esse,
575 1259 678 1296 aliud
700 1261 796 1297 fieri.
819 1264 887 1297 As-

105 1302 253 1340 siduum
278 1304 429 1350 quidem
453 1305 641 1352 jejunium
666 1309 889 1345 naturaliter

106 1350 195 1387 facit
218 1362 300 1388 esse
313 1351 460 1388 tristem
478 1365 485 1397 ;
509 1353 573 1399 qui
590 1358 715 1391 autem
734 1366 802 1401 per
820 1357 888 1403 hy-

105 1399 284 1445 pocrisim
308 1399 490 1445 pallentes
525 1405 722 1447 apparent,
762 1403 888 1440 tristes

107 1455 185 1481 non
213 1450 311 1490 sunt,
340 1447 405 1482 sed
433 1447 540 1488 fiunt,
571 1448 666 1484 sieut
686 1450 889 1495 hypocritae

107 1492 235 1529 tristes
254 1493 294 1528 iu
326 1494 561 1539 apparentia,
579 1499 622 1531 ut
647 1496 729 1542 ipsa
763 1498 888 1534 vultus

106 1539 261 1576 tristitia
279 1540 326 1576 sit
351 1542 551 1578 ostentatio
577 1543 710 1589 ‚jejunii
738 1544 832 1581 falsa
852 1549 890 1581 et

107 1597 215 1622 vana.
249 1590 506 1624 Eoetermz‘nant
551 1592 659 1634 enim,
699 1593 735 1626 et
778 1592 886 1637 quasi

107 1637 210 1669 extra
248 1634 418 1680 proprios
458 1636 636 1672 terminos
667 1642 812 1682 ponunt
850 1643 887 1675 et

106 1679 311 1725 adducunt,
333 1683 447 1724 facies
470 1693 570 1727 suas,
601 1694 644 1719 ac
671 1684 887 1722 deformant

105 1737 264 1773 corpora
283 1739 350 1764 sua
367 1728 497 1765 habitu
520 1730 672 1766 sordido
706 1734 743 1767 et
774 1743 885 1778 squa-

106 1773 182 1810 lido
204 1775 422 1820 deturpant,
447 1780 485 1811 ut
504 1781 708 1822 appareant
728 1780 885 1816 homini·-

105 1820 171 1857 bus
201 1822 425 1867 jejunantes,
472 1833 515 1859 ac
551 1835 699 1870 semper
731 1825 885 1863 videan-

104 1871 166 1904 tur
187 1869 326 1912 tristes,
351 1873 385 1904 et
411 1870 515 1916 quasi
537 1871 583 1906 de
609 1873 774 1917 peccatis
793 1874 885 1910 alio-

105 1925 190 1951 rum
208 1916 378 1961 lugentes
396 1928 404 1960 ;
427 1918 632 1953 ostendunt
646 1919 745 1955 enim
759 1930 886 1965 quam-

105 1962 193 1998 dam
217 1962 323 1998 faciei
337 1963 527 2000 tristitiam
548 1968 584 2000 et
611 1970 715 2002 extra
733 1968 885 2004 solitum

104 2009 263 2046 aliorum
301 2011 454 2046 modum
491 2011 529 2047 in
561 2013 664 2048 vultu
703 2017 740 2049 et
782 2019 885 2051 veste

104 2058 319 2102 squalorem
339 2058 611 2103 demonstrant,
634 2064 675 2096 ut
699 2061 884 2106 poeniten-

103 2103 167 2139 tiae
183 2104 551 2154 rigorem-simulent,
573 2110 610 2142 et
624 2107 789 2153 religiosi
808 2119 885 2154 prae

105 2152 252 2187 caeteris
272 2157 490 2197 appareant,
513 2156 549 2189 et
582 2153 668 2190 inde
688 2155 818 2192 laudes
837 2158 884 2193 ab

102 2197 318 2234 hominibus
340 2199 532 2244 recipiant.
555 2200 582 2236 O
605 2201 754 2238 insania
782 2203 884 2239 vani-

104 2244 207 2288 tatis,
229 2245 363 2280 nolunt
377 2256 472 2289 esse,
495 2248 593 2291 quod
612 2251 737 2285 tamen
754 2251 884 2287 volunt

104 2292 306 2338 apparere!
332 2293 373 2327 Et
390 2296 543 2338 propter
570 2295 640 2329 hoc
660 2306 743 2331 cum
763 2308 884 2334 asser-

103 2338 205 2375 tione
238 2338 490 2376 comminatur
529 2340 582 2376 eis
620 2352 770 2386 poenam
809 2356 883 2381 non

104 2386 304 2429 modicam,
326 2386 455 2422 dicens
475 2398 483 2422 z
503 2387 633 2429 Amen,
658 2388 695 2424 id
716 2394 772 2425 est
795 2402 882 2428 vere

103 2432 187 2469 dico
209 2433 328 2477 vobis,
352 2435 441 2478 quia
459 2439 669 2480 receperunt
686 2439 882 2475 mercedem

101 2491 219 2523 suam,
230 2479 371 2516 scilicet
382 2480 534 2517 laudem
546 2481 756 2527 hominum,
769 2494 882 2529 quam

103 2528 336 2573 quaerehant,
354 2531 393 2564 et
410 2527 450 2563 in
470 2528 593 2565 futuro
613 2529 796 2575 recipient
814 2543 882 2578 pro

103 2574 344 2611 simulatione
363 2575 659 2620 damnationem,
676 2587 788 2622 quam
808 2589 882 2615 non

99 2621 298 2658 timebant.
335 2624 379 2658 Et
409 2622 602 2668 signanter
622 2624 712 2660 dicit
730 2635 882 2671 recepe-

99 2673 202 2714 runt,
232 2680 308 2705 non
331 2669 530 2716 recipiunt,
565 2671 653 2717 quia
684 2671 769 2707 talis
800 2672 882 2708 laus

101 2716 196 2752 adeo
222 2716 346 2753 brevis
377 2720 444 2762 est,
475 2718 574 2763 quod
600 2718 705 2765 quasi
724 2718 816 2754 nihil
836 2719 882 2755 de

103 2763 283 2809 praesenti
321 2765 448 2802 habet.
470 2765 576 2801 Unde
601 2765 640 2801 in
663 2766 734 2803 Job
755 2777 763 2802 :
784 2767 884 2802 Laus

929 233 932 291 l

577 157 721 192 PRIMAE
757 158 913 194 PARTIS
957 159 1093 194 CAPUT
1131 158 1279 192 XXXVI

962 230 1156 274 impiorum
1194 229 1324 270 brevis,
1343 230 1397 263 ἐἰ
1419 227 1594 272 gaudium
1632 229 1742 275 hypo-

930 312 931 318 ,
962 278 1061 312 eritae
1093 277 1211 311 instar
1232 276 1375 321 puncti.
1394 275 1474 310 Non
1495 285 1584 321 ergo
1609 275 1740 321 prohi-

962 324 1025 360 bet
1062 322 1242 359 Dominus
1282 321 1473 358 tristitiam
1509 321 1742 368 poenitentiae

929 395 931 401 ,
962 381 1029 415 pro
1049 370 1224 416 peccatis,
1240 370 1306 406 sed
1322 369 1514 405 tristitiam
1532 369 1658 406 fictam
1671 380 1740 416 pro

962 417 1135 453 laudibus
1165 417 1456 463 consequendis;
1478 424 1546 452 n'ec
1567 416 1741 462 prohibet

962 463 1079 499 videri
1103 464 1332 509 jejunantes,
1354 465 1420 500 sed
1445 467 1516 500 hoc
1533 474 1611 500 non
1630 473 1741 510 appe-

962 512 1042 546 tere
1063 514 1216 556 propter
1235 511 1431 547 hominum
1466 511 1626 556 favores,
1652 511 1742 556 quia

963 567 1041 592 non
1076 556 1195 592 virtus
1220 561 1381 601 vetatur,
1419 558 1483 594 sed
1522 568 1627 594 mens
1652 558 1741 594 ficta

962 604 1197 648 reprobatur.
1227 604 1330 639 Unde
1346 605 1636 649 Ghrysostomus:
1657 619 1676 638 «
1697 604 1735 642 Si

963 660 1065 696 ergo,
1086 650 1146 695 qui
1166 651 1312 696 Jejnnat
1338 654 1374 686 et
1406 650 1551 686 tristem
1570 662 1610 687 se
1638 650 1740 697 facit,

962 697 1156 742 hypocrita
1177 700 1246 740 est,
1270 700 1408 743 quanto
1436 697 1556 742 magis
1576 696 1742 744 iniquior

962 747 1018 779 est
1039 743 1100 789 qui
1132 754 1207 780 non
1229 745 1386 791 J'ejunat,
1423 745 1489 780 sed
1509 743 1741 790 argumentis

962 789 1189 835 quibusdam
1220 791 1260 826 in
1287 791 1382 827 facie
1402 801 1470 828 sua
1488 790 1609 837 pingit
1626 801 1741 828 vena-

962 837 1035 873 lem
1047 838 1243 883 pallorem‚
1262 838 1514 884 quasiJ'ejunii
1535 837 1709 884 signum?
1720 851 1740 871 »

962 884 1104 920 Deinde
1139 885 1264 920 subdit
1288 885 1442 921 modum
1466 884 1665 931 jejunandi
1681 885 1744 921 de-

962 930 1105 967 bitum:
1131 934 1182 967 Τιι
1203 935 1336 975 autem,
1372 942 1450 967 eum
1476 932 1641 977 jejunas,
1663 942 1740 968 non

962 977 1104 1014 scilicet
1124 978 1283 1014 imiteris
1306 977 1522 1024 hypocritas
1539 990 1546 1022 ;
1567 979 1633 1015 sed
1648 989 1742 1023 unqe

963 1028 1071 1070 eaput
1086 1028 1199 1070 tuum,
1214 1029 1246 1061 et
1265 1027 1398 1069 faciem
1416 1028 1516 1062 tuam
1534 1027 1633 1062 lava.
1651 1025 1745 1069 Quia

962 1071 1161 1108 ridiculum
1187 1076 1286 1109 esset
1310 1075 1421 1119 caput
1443 1073 1541 1117 oleo,
1567 1074 1616 1109 ad
1641 1073 1741 1109 litte-

963 1129 1056 1163 ram,
1080 1130 1235 1165 ungere,
1263 1119 1362 1164 ideo,
1390 1120 1596 1156 secundum
1615 1121 1744 1156 Hiero-

962 1174 1123 1211 nymum,
1146 1166 1327 1212 accipitur
1351 1166 1607 1212 metaphorice
1628 1178 1650 1203 a
1670 1168 1744 1203 Pa-

962 1213 1134 1258 laestinis,
1158 1213 1222 1259 qui
1242 1213 1279 1249 in
1301 1213 1406 1249 sestis
1421 1214 1591 1250 solebant
1603 1214 1674 1250 hoc
1693 1214 1745 1251 fa-

963 1271 1060 1304 cere,
1087 1264 1127 1296 ut
1145 1261 1294 1306 quando
1309 1261 1660 1307 jejunamuS,laetos
1675 1270 1745 1298 nos
1783 1301 1786 1303 Α

963 1311 1000 1344 et
1038 1307 1191 1344 festivos
1227 1319 1308 1344 esse
1347 1311 1600 1344 monstremus
1617 1320 1629 1354 3
1650 1317 1745 1353 unqe

964 1365 1053 1400 ergo
1068 1358 1176 1400 caput
1190 1359 1305 1399 tuum,
1328 1353 1365 1390 id
1381 1358 1438 1391 est
1455 1354 1614 1392 hilarem
1631 1359 1669 1392 te
1683 1366 1743 1392 ex-

964 1402 1065 1446 hibe,
1093 1406 1125 1437 et
1150 1404 1283 1446 faciem
1311 1405 1412 1438 tuam
1445 1403 1543 1446 lava,
1571 1402 1619 1438 ad
1643 1401 1743 1439 litte-

962 1460 1058 1492 ram,
1082 1460 1128 1485 ne
1148 1449 1320 1486 sordidus
1339 1459 1534 1495 appareas.
1556 1450 1637 1486 Duo
1655 1447 1745 1486 dicit

963 1502 1095 1532 contra
1115 1497 1206 1533 duo:
1225 1507 1321 1542 unge
1336 1497 1418 1532 oleo
1438 1496 1593 1541 laetitiae,
1614 1499 1744 1533 contra

962 1542 1154 1579 tristitiam
1189 1543 1500 1590 hypocritarum3
1534 1544 1617 1580 lava
1646 1553 1744 1589 aqua

962 1591 1170 1635 munditiae,
1217 1594 1349 1627 contra
1389 1589 1743 1627 exterminationem

962 1637 1155 1673 facierum.
1175 1639 1253 1680 Vel,
1282 1637 1487 1674 secundum
1507 1638 1600 1673 duas
1618 1639 1745 1683 partes

957 1684 1135 1731 ‚justitita-
1157 1685 1240 1721 lava
1261 1684 1393 1721 faciem
1411 1685 1612 1729 internam,
1633 1684 1672 1721 id
1687 1686 1745 1721 est

962 1731 1245 1775 conscientiam,
1275 1742 1297 1767 a
1322 1732 1418 1768 malo
1445 1742 1513 1778 per
1534 1731 1744 1768 consessio-

962 1789 1049 1814 nem
1090 1779 1283 1825 tergendo‚
1321 1782 1360 1815 ut
1399 1779 1539 1815 munda
1570 1778 1617 1814 sit
1652 1780 1741 1815 ante

962 1827 1103 1862 Deum:
1131 1826 1225 1861 sicut
1255 1825 1415 1862 enimin
1443 1829 1644 1871 conspeetu
1672 1825 1744 1862 ho-

961 1873 1104 1908 minum
1138 1872 1304 1917 gratiosa
1338 1876 1395 1909 est
1421 1872 1536 1908 facies
1570 1872 1743 1918 pulchra,

960 1919 1192 1956 sieinoculis
1202 1919 1269 1956 Dei
1289 1919 1455 1966 pretiosa
1475 1923 1532 1956 est
1550 1918 1744 1956 conscien-

960 1966 1013 2003 tia
1048 1967 1214 2011 munda;
1246 1970 1282 2003 et
1309 1978 1408 2012 unge
1434 1970 1558 2013 caput,
1597 1965 1636 2002 id
1670 1969 1742 2013 est,

960 2017 1126 2050 mentem
1152 2025 1217 2050 seu
1228 2013 1426 2059 rationem,
1449 2024 1534 2060 quae
1554 2013 1594 2050 in
1613 2013 1743 2051 anima

959 2061 1194 2107 praaeminet,
1224 2072 1268 2098 ac
1292 2060 1539 2107 cogitationes
1564 2063 1602 2097 et
1621 2063 1747 2098 cetera

959 2108 1123 2145 hominis
1137 2108 1233 2155 regit
1244 2108 1283 2144 in
1295 2109 1406 2154 bono,
1423 2118 1490 2155 per
1507 2107 1745 2144 devotionem

959 2156 1173 2203 gaudendo,
1198 2159 1237 2192 ut
1257 2155 1295 2191 in
1312 2155 1456 2202 Jejunio
1485 2153 1645 2191 hilarem
1665 2153 1745 2191 ani-

960 2214 1062 2239 mum
1081 2203 1257 2239 exhibeas
1277 2204 1366 2239 Deo.
1402 2200 1617 2254 Spiritualis
1639 2201 1740 2238 enim

958 2250 1129 2286 hilaritas
1148 2250 1188 2286 in
1208 2248 1365 2297 jeJunio,
1387 2249 1484 2286 sieut
1503 2259 1543 2285 m
1574 2249 1738 2285 eleemo-

923 2324 924 2329 ,
958 2308 1052 2344 syna
1075 2300 1129 2333 est
1162 2296 1389 2338 necessaria,
1414 2296 1503 2342 quia
1528 2295 1623 2332 sicut
1646 2298 1741 2332 Deus

922 2363 923 2368 =
959 2346 1112 2380 hilarem
1132 2345 1294 2380 datorem
1306 2345 1445 2388 diliqit,
1465 2342 1566 2379 sicet
1583 2343 1742 2380 hilarem

954 2392 1206 2438 jejunantem.
1231 2391 1299 2428 Ubi
1315 2392 1567 2435 Auqustinus:
1591 2404 1610 2423 «
1627 2390 1744 2426 Intel-

957 2439 1151 2485 ligendum
1171 2442 1240 2483 est,
1274 2439 1345 2474 hoc
1367 2440 1599 2485 praeceptum
1619 2437 1668 2474 ad
1683 2436 1740 2473 in-

958 2487 1136 2522 teriorem
1156 2485 1346 2522 hominem
1369 2484 1571 2532 pertinere.
1594 2485 1743 2530 Ungere

958 2544 1047 2579 ergo
1073 2539 1184 2579 caput
1209 2534 1256 2569 ad
1284 2532 1454 2569 laetitiam
1482 2531 1670 2584 pertinet-3
1693 2531 1745 2568 la-

957 2591 1045 2616 vare
1069 2584 1196 2617 autem
1227 2580 1376 2624 faciem,
1415 2580 1464 2616 ad
1499 2578 1737 2614 munditiam.

957 2629 1000 2662 Et
1026 2627 1110 2663 ideo
1150 2631 1261 2674 caput
1290 2630 1450 2673 ungunt,
1481 2625 1544 2672 qui
1567 2625 1741 2661 laetantur

958 2673 1116 2710 interius
1130 2678 1272 2720 mente,
1294 2677 1405 2720 atque
1424 2672 1584 2709 ratione.
1606 2672 1740 2724 Eat-hoc

957 2720 1069 2756 faciat
1099 2722 1162 2767 qui
1190 2732 1267 2757 non
1287 2722 1379 2757 soris
1401 2719 1536 2767 quaerit
1554 2719 1738 2763 laetltlam,

956 2770 996 2803 ut
1017 2767 1063 2803 de
1080 2768 1256 2805 laudibus
1276 2768 1471 2805 hominum
1489 2766 1662 2813 gaudeat.
1682 2765 1738 2802 Ita
