1897 3167
149 160 189 194 ‘IS
668 164 809 199 l’lthAE
847 167 1004 202 PARTIS
1041 168 1185 201 CAPUT
1225 168 1266 200 lv

148 234 304 266 vocatur
333 233 501 266 sanctum
531 232 588 267 vel
610 236 751 278 sancta,
777 246 925 272 concre-

149 278 275 314 mabat
292 277 329 312 in
346 277 410 312 illa
427 288 540 323 super
552 279 670 316 altare
686 280 829 319 incensi
848 283 927 329 thy-

149 324 301 368 miama,
324 327 360 359 et
381 327 469 360 tunc
488 328 569 361 erat
591 327 815 365 sacrificium
836 340 925 365 con-

149 374 396 423 summatumj
419 374 456 406 et
488 372 559 408 hoc
585 373 700 410 fiebat
720 376 821 411 omni
851 376 924 413 die.

149 419 199 470 In·
218 418 289 470 hoc
326 428 426 470 enim
459 422 540 455 erat
573 423 846 459 consummatio
872 434 927 459 sa-

149 464 295 508 cr1tic11,
325 475 413 510 qula
438 465 622 503 sacrificia
653 469 789 505 veteris
819 470 926 515 Legis

147 521 224 564 non
241 515 349 547 erant
367 516 533 558 accepta,
554 513 627 550 nisi
649 526 690 551 ex
710 516 784 552 fide
806 520 842 553 et
865 518 926 552 de-

147 561 298 594 votione
331 558 581 597 offerentium.
616 563 768 599 Devotio
800 567 924 599 autem

146 614 214 656 per
245 605 561 658 thurificationem
589 609 867 655 designabatur,
890 614 923 645 et

145 651 230 687 ideo
253 663 291 687 1n
309 653 380 688 hoc
401 653 624 691 sacrificium
644 658 926 693 consummaba—

146 701 220 734 tur.
259 700 302 752 In
335 699 438 736 illam
476 711 564 738 vero
601 706 746 749 partem
780 704 922 749 templi,

147 755 230 790 quae
267 746 460 783 d1cebatur
498 753 669 785 sanctum
693 754 922 793 sanctorum,

147 792 248 828 solus
271 803 438 830 summus
460 796 650 841 sacerdos,
675 797 790 833 semel
811 796 925 833 intra-

146 839 212 875 bat
229 850 313 876 cum
337 840 516 887 sanguine
542 842 634 878 hirci
658 847 694 879 et
714 843 831 888 vituli,
854 844 923 879 im-

147 885 277 938 molati
318 898 384 933 pro
412 892 563 934 peccato
608 890 737 937 populi
757 919 766 934 ,
803 894 843 926 ut
882 902 925 926 ex

145 932 209 968 1110
226 939 442 980 aspergeret
463 939 591 972 contra
609 937 922 983 propitiatorium.

146 980 252 1023 Quod
272 984 397 1033 autem
418 983 615 1019 Zacharias
629 984 823 1020 intraverit
841 995 924 1020 cum

148 1036 330 1072 sanguine
369 1029 445 1073 tali,
475 1041 552 1065 non
583 1030 718 1067 dicitur
742 1032 821 1076 hic3
860 1032 924 1067 sed

146 1073 267 1124 solum
285 1075 332 1110 ad
352 1076 567 1121 ponendum
592 1077 801 1123 incensum,
828 1079 924 1114 unde

146 1122 310 1164 Anqelas
324 1125 499 1168 apparuit
516 1125 574 1159 illi
592 1136 613 1159 a
634 1126 774 1160 deoetris
793 1127 924 1161 altaris

146 1169 298 1209 incensi,
322 1169 420 1213 quod
434 1169 547 1206 etiam
558 1175 710 1208 vocatur
723 1173 841 1208 altare
863 1183 925 1208 au-

145 1224 267 1249 reum.
281 1216 358 1250 Hoc
375 1220 499 1252 autem
520 1218 636 1253 altare
647 1229 723 1254 non
739 1219 807 1254 fuit
826 1218 925 1254 intra

147 1264 277 1313 sancta
297 1266 526 1307 sanctorum,
541 1265 654 1300 sedin
677 1264 800 1311 prima
819 1269 924 1311 parte

145 1308 289 1353 templi,
309 1309 355 1361 ad
377 1319 489 1354 quarn
507 1310 693 1357 simplices
711 1313 924 1348 sacerdotes

144 1358 322 1407 poterant
341 1357 500 1402 mgredi.
521 1359 592 1394 Sed
610 1358 806 1395 incensum
824 1360 925 1405 quod

145 1401 215 1437 soli
258 1412 403 1455 summo
441 1405 626 1441 sacerdoti
664 1405 807 1442 licitum
845 1410 925 1442 erat

146 1459 290 1501 ponere
312 1453 421 1502 ‘intra
454 1455 623 1488 sanctum
651 1457 866 1489 sanctorum
888 1453 925 1488 in

146 1496 206 1531 die
240 1496 475 1542 exp1ationis,
510 1499 578 1534 hoo
609 1510 686 1535 non
718 1501 927 1546 ponebatur

146 1542 194 1578 ad
218 1543 466 1588 offerendum,
495 1546 575 1590 sed,
603 1550 643 1582 ut
672 1547 809 1583 nebula
838 1547 924 1583 inde

147 1592 924 1642 consurgensoperiretoraculum,quando

147 1637 319 1689 Pontifex
350 1640 573 1684 aspergebat
605 1642 790 1687 sanguine
820 1641 924 1678 vituli

148 1686 184 1718 et
201 1684 295 1736 .h¹s⁰.¹
315 1689 448 1721 contra
467 1687 678 1732 oraculum3
702 1691 737 1724 ot
765 1699 834 1724 nec
857 1688 924 1724 ali-

147 1740 230 1776 qulS
256 1731 594 1783 historiographus,
622 1735 837 1772 describens
864 1747 924 1772 sa-

147 1777 356 1829 cerdotium
401 1780 619 1817 „Iudaeorum
643 1809 651 1826 ,
695 1783 925 1819 mentionem

146 1824 236 1860 facit
256 1825 301 1860 de
325 1836 472 1862 summo
492 1829 679 1864 Zachariae
701 1830 924 1866 sacerdotia.

193 1874 214 1906 5
237 1873 434 1908 ZACHARIAS
461 1886 544 1915 orm
580 1888 866 1913 mrnnpassrmun
886 1889 927 1912 ET

147 1920 367 1955 smNJricer‘?
403 1942 447 1946 —
488 1923 559 1958 Per
593 1924 825 1969 Zachariam,
866 1924 927 1970 qui

144 1966 292 2001 Domini
330 1978 462 2003 memor
498 1969 780 2016 interpretatur,
808 1973 928 2008 bonus

147 2013 323 2057 praelatus
351 2014 683 2069 significatur,.qui
713 2018 751 2053 in
773 2029 838 2054 suo
868 2029 937 2065 pe-*

146 2062 248 2095 ctore
259 2060 370 2097 debet
388 2062 452 2098 Dei
465 2073 684 2100 memoriam
702 2076 846 2111 gerere,
860 2077 927 2111 pro

146 2116 216 2142 sua
237 2110 273 2142 et
289 2118 442 2144 suorum
461 2111 693 2147 subditorum
710 2113 842 2148 salute.
863 2113 928 2148 Hic

147 2157 273 2189 autem
302 2156 484 2201 templum
513 2157 725 2203 ingreditur
750 2170 816 2205 per
843 2160 927 2195 dili-

147 2204 298 2246 gentem
325 2202 439 2238 divini
469 2204 588 2241 cultus
621 2206 925 2251 sollicitudinem,

147 2250 184 2299 et
205 2248 315 2284 offert
336 2249 546 2295 incensum,
566 2262 632 2298 per
650 2253 822 2289 devotam
841 2265 925 2290 ora-

146 2297 305 2339 tionem3
336 2301 371 2332 et
395 2298 552 2344 populus
573 2302 655 2335 orat
677 2311 745 2346 per
765 2301 844 2346 ejus
868 2301 925 2336 in-

146 2342 426 2395 formationem.
451 2345 596 2391 Triplex
618 2358 705 2383 vero
728 2348 838 2383 dehet
864 2349 927 2384 ha-

146 2389 227 2425 beri
273 2391 319 2443 ‹le
364 2393 440 2427 Deo
480 2393 662 2429 memoria
683 2421 692 2438 ,
735 2394 876 2430 scilicet
915 2407 922 2430 :

146 2439 323 2490 potentia}
334 2439 427 2484 eJus,
441 2440 564 2485 quoad
580 2451 694 2486 opera
703 2441 922 2487 creationis;

148 2488 357 2536 sapiennae,
379 2486 504 2532 quoad
525 2497 640 2532 opera
659 2488 922 2533 recreationis;

147 2531 342 2582 honitatis,
362 2533 485 2579 quoad
504 2544 617 2579 opera
637 2535 894 2571 retributionis
917 2547 924 2571 :

148 2581 263 2629 ita-ut
295 2579 416 2625 prima
437 2580 484 2616 ad
506 2581 670 2626 Patrem,
694 2583 859 2618 secunda
880 2583 927 2618 ad

147 2624 296 2670 Filium,
328 2627 439 2663 tertia
465 2627 513 2663 ad
537 2628 714 2674 Spiritum
748 2630 926 2665 Sanctum

146 2671 344 2709 referatur.

194 2723 215 2762 4
235 2721 431 2757 APPAmrio
460 2733 502 2756 ΕΤ
532 2733 755 2763 coLLoomun
774 2725 925 2760 Arinem.

147 2785 193 2792 —-
209 2767 397 2813 Apparuit
410 2772 529 2804 (tutem
545 2771 604 2806 illi
614 2770 776 2815 Anqelas
786 2774 930 2807 Domini

1003 237 1152 279 Gabriel
1168 240 1269 272 stans
1281 237 1455 271 adeoetris
1473 236 1603 270 altaris
1628 237 1777 271 incensi.

1001 286 1049 320 Et
1071 285 1269 320 Zacharias
1306 283 1471 319 turbatus
1503 285 1555 318 est
1579 283 1718 323 videns,
1747 286 1780 318 et

1003 332 1110 365 timor
1126 332 1236 366 irruit
1251 341 1358 376 super
1373 340 1464 371 eum,
1474 331 1626 375 propter
1637 328 1780 364 altioris

1003 381 1040 413 et
1059 376 1282 423 potentioris
1299 379 1444 412 naturae
1465 379 1655 422 aspectum
1679 387 1686 410 :
1714 376 1779 412 sed

1002 424 1123 460 bonus
1143 435 1165 460 a
1185 424 1283 459 malo
1302 422 1537 467 discernitur,
1551 422 1638 469 quia
1658 422 1781 458 malus

1003 471 1199 507 horrorem
1226 470 1434 512 continuat,
1467 469 1542 515 qui,
1577 469 1780 505 secundum

1002 518 1150 559 Rectam,
1162 517 1265 553 nulla
1273 516 1406 552 melius
1417 517 1562 552 ratione
1577 527 1688 562 quam
1705 516 1781 552 tide

1002 563 1189 610 intrepida
1229 566 1450 609 superatur3
1494 563 1615 598 bonus
1652 566 1778 599 autem

1002 610 1127 646 statim
1147 610 1332 646 confortat
1354 613 1391 645 et
1410 609 1637 645 consolatur.
1671 610 1778 646 Unde

1000 659 1163 701 Anqelns
1182 657 1307 693 statim
1325 667 1408 692 eum
1421 656 1638 692 confortans
1657 658 1711 692 ait
1730 656 1779 691 ad

999 705 1104 740 illam
1123 716 1130 739 :
1153 706 1203 741 Ne
1221 706 1361 745 timeas,
1379 704 1570 739 Zacharia.
1593 703 1710 747 Quasi
1727 702 1781 739 di-

1000 753 1101 786 ceret
1123 763 1129 786 :
1154 750 1246 787 Veni
1267 751 1315 786 ad
1339 749 1633 787 consolationem
1657 753 1775 786 tuam.

1001 799 1044 833 Et
1062 797 1146 834 ideo
1174 797 1346 833 subditur
1370 808 1377 833 :
1403 798 1578 840 Quoniam
1601 798 1779 833 eoeaudita

1001 848 1052 880 est
1081 846 1284 891 deprecatio
1307 848 1383 880 tua.
1407 845 1548 880 Orabat
1574 844 1675 881 enim
1703 854 1778 880 non

1001 902 1067 937 pro
1091 892 1231 936 sobole,
1245 892 1291 927 de
1312 891 1474 937 quajam
1489 902 1565 927 non
1586 892 1776 938 sperabat,

1000 938 1209 985 priesertim
1231 949 1315 974 cum
1333 938 1378 974 de
1397 949 1467 974 sua
1486 949 1637 984 suaeque
1654 937 1780 974 uxoris

1001 990 1111 1022 aetate
1140 985 1341 1030 diffideret,
1367 996 1410 1021 eo
1432 995 1552 1030 usque
1575 988 1617 1021 ut
1634 984 1777 1031 Angelo

1000 1032 1037 1068 id
1059 1032 1289 1078 promittenti
1310 1042 1386 1068 non
1406 1032 1594 1077 crederet;
1617 1032 1682 1068 sed
1712 1041 1780 1078 pro

1000 1079 1126 1126 populi
1160 1079 1336 1126 peccatis,
1372 1083 1408 1115 et
1437 1079 1709 1125 redemptione,
1742 1081 1779 1114 et

1000 1127 1161 1162 adventu
1182 1126 1339 1162 Messiae.
1359 1128 1402 1161 Et
1422 1125 1509 1171 quia
1533 1126 1633 1162 salus
1654 1124 1779 1172 populi

999 1184 1066 1219 per
1102 1173 1289 1210 Christum
1319 1173 1443 1209 sutura
1470 1176 1563 1218 erat,
1596 1171 1780 1208 nuntiavit

1000 1220 1033 1256 ei
1049 1220 1166 1256 filium
1184 1220 1428 1263 nasciturum,
1441 1219 1504 1265 qui
1521 1219 1780 1265 poenitentiam

1000 1270 1037 1303 et
1074 1267 1187 1302 fidem
1211 1266 1451 1312 praedicando
1479 1267 1626 1312 plebem
1652 1266 1779 1302 Salva-

1001 1314 1071 1349 tori
1091 1316 1333 1360 praepararet.
1347 1315 1490 1349 Nomen
1506 1323 1656 1359 quoque
1672 1313 1778 1359 pueri

1001 1360 1191 1405 indicavit,
1215 1360 1302 1406 quia
1318 1361 1481 1397 Joannes
1493 1359 1618 1396 vocari
1637 1359 1778 1396 debuit.

1000 1409 1167 1444 Joannes
1191 1407 1293 1444 enim
1323 1407 1606 1453 interpretatur,
1634 1408 1673 1442 in
1709 1417 1778 1452 quo

1002 1459 1054 1491 est
1073 1457 1217 1499 qratia,·
1240 1454 1319 1501 ipse
1336 1464 1424 1490 vero
1446 1454 1633 1490 Christum
1653 1453 1778 1489 mani-

1001 1501 1160 1546 festavit,
1188 1512 1255 1548 per
1286 1511 1396 1546 quem
1424 1503 1548 1545 qratia
1576 1504 1609 1536 et
1641 1502 1778 1536 veritas

999 1551 1100 1593 facta
1117 1552 1181 1584 est.
1202 1549 1269 1584 Ubi
1288 1549 1385 1584 Beda
1407 1560 1417 1582 ι
1442 1562 1460 1580 «
1482 1549 1646 1584 Joannes
1661 1547 1777 1583 inter-

998 1599 1167 1642 pretatur
1186 1597 1224 1631 in
1245 1606 1313 1641 quo
1328 1598 1378 1630 est
1398 1597 1534 1639 qratia,
1548 1594 1620 1639 vel,
1635 1596 1780 1630 Domini

998 1645 1121 1688 qratia
1136 1656 1145 1678 :
1160 1653 1233 1688 quo
1254 1641 1406 1678 nomine
1426 1642 1639 1678 declaratur
1658 1642 1779 1688 primo

999 1689 1215 1737 parentibus
1244 1690 1322 1736 eJus
1352 1688 1526 1735 gratiam,
1550 1687 1685 1734 quihus
1715 1689 1779 1724 de-

1000 1737 1150 1784 crepitis
1176 1736 1275 1772 filius
1299 1739 1528 1780 nasceretur,
1552 1746 1634 1772 esse
1663 1735 1779 1771 dona-

1000 1788 1076 1821 tam
1094 1796 1102 1829 ;
1122 1784 1256 1820 deinde
1276 1783 1346 1829 ipsi
1365 1783 1515 1827 Joanni,
1535 1782 1597 1828 qui
1622 1793 1780 1827 magnus

1001 1842 1127 1868 coram
1148 1830 1307 1867 Domino
1324 1834 1404 1866 erat
1423 1830 1582 1874 futurus,
1604 1832 1641 1865 et
1658 1830 1780 1865 adhuc

1001 1878 1039 1914 in
1052 1883 1156 1915 utero
1167 1877 1309 1921 matris,
1321 1876 1480 1923 Spiritus
1492 1876 1615 1913 Sancti
1624 1886 1779 1912 munere

1003 1926 1179 1961 ditandus
1193 1937 1201 1969 3
1219 1928 1408 1971 postremo
1422 1924 1535 1960 etiam
1546 1923 1634 1959 filiis
1648 1922 1778 1968 Israel,

1004 1983 1096 2018 quos
1132 1973 1179 2008 ad
1221 1971 1419 2008 Dominum
1459 1972 1575 2007 Deum
1612 1969 1779 2016 ipsorum

1004 2023 1083 2056 erat
1104 2029 1352 2056 conversurus
1376 2030 1383 2053 ι
1406 2033 1423 2050 »
1447 2019 1527 2054 haec
1543 2018 1653 2053 Beda.
1678 2016 1778 2053 Patri

1005 2077 1152 2113 quoque
1162 2067 1250 2102 inde
1265 2066 1442 2112 gaudium
1455 2063 1779 2109 scilicetinterius,

1005 2117 1040 2149 et
1061 2113 1346 2149 exsultationem
1367 2112 1507 2148 scilicet
1524 2111 1701 2155 exterius,
1721 2110 1779 2146 in-

1003 2161 1174 2197 sinuavit.
1187 2160 1330 2196 Dicitur
1341 2159 1439 2196 enim
1451 2158 1662 2202 exsultatio,
1672 2157 1779 2203 quasi

1003 2212 1105 2244 extra
1144 2207 1290 2244 saltatio
1315 2235 1323 2252 ,
1364 2210 1400 2242 et
1434 2207 1504 2242 hoc
1539 2208 1595 2241 est
1628 2204 1779 2251 proprie

1003 2255 1150 2301 quando
1168 2254 1346 2302 gaudium
1364 2257 1419 2289 est
1439 2256 1586 2289 tantum
1602 2251 1777 2296 interius,

1001 2302 1102 2348 quod
1121 2313 1195 2338 non
1216 2304 1337 2347 potest
1367 2299 1563 2344 contineri,
1595 2299 1686 2345 quin
1712 2309 1777 2345 ap-

1001 2353 1129 2395 pareat
1141 2348 1315 2385 exterius.
1331 2347 1514 2383 Laetitiam
1528 2347 1641 2383 etiam
1654 2345 1780 2382 multis

999 2396 1082 2432 aliis
1099 2396 1137 2432 in
1159 2397 1239 2442 eJ'us
1256 2394 1447 2431 nativitate
1464 2393 1636 2440 promisit
1658 2404 1666 2428 z
1689 2392 1780 2439 quia

999 2443 1037 2478 in
1058 2446 1141 2479 ortu
1162 2444 1242 2489 ejus
1263 2453 1340 2478 non
1364 2442 1484 2478 solum
1511 2444 1630 2487 pater,
1653 2440 1719 2476 sed
1741 2444 1778 2476 et

999 2489 1061 2526 alii
1099 2489 1206 2526 multi
1245 2492 1333 2525 sunt
1370 2487 1566 2535 gratulati;
1607 2490 1644 2523 et
1676 2497 1777 2523 nunc

999 2537 1112 2573 etiam
1149 2537 1319 2572 videmus
1357 2535 1503 2582 impleri
1521 2562 1530 2579 ,
1570 2533 1657 2580 quia
1697 2533 1778 2569 dies

1000 2595 1075 2620 suae
1102 2583 1308 2620 nativitatis
1336 2594 1410 2618 non
1441 2582 1558 2618 solum
1583 2580 1777 2617 festivatur

998 2632 1044 2667 ab
1071 2630 1243 2667 omnibus
1266 2628 1498 2673 Christianis,
1524 2628 1589 2664 sed
1617 2628 1729 2664 etiam
1756 2638 1778 2664 a

1000 2677 1230 2722 Sarracenis,
1257 2682 1292 2714 et
1309 2675 1533 2723 quibusdam
1552 2674 1647 2711 aliis.
1671 2674 1777 2710 Unde

998 2726 1096 2772 Beda
1129 2738 1140 2761 ε
1179 2740 1196 2758 (ι
1219 2724 1350 2761 Merito
1376 2726 1484 2770 pater
1505 2722 1656 2769 gaudet,
1677 2721 1776 2767 quod

1000 2772 1057 2808 vel
1079 2771 1119 2808 in
1135 2775 1287 2808 senecta
1306 2773 1449 2815 natum,
1464 2770 1521 2805 vel
1543 2768 1625 2805 talis
1645 2767 1774 2813 gratia*
