1902 3126
510 152 559 184 ΗΕ
598 151 864 184 ΝᾹΤΙῊΤΛΤΕ
904 151 1183 187 SALVATORtS
1222 155 1397 189 NosTltt.
1739 162 1779 194 77

134 234 218 270 quse
251 223 297 259 dc
333 221 395 257 illo
428 220 572 265 legerat
598 219 637 254 in
659 230 702 255 eo
730 219 912 266 compleri

133 271 324 307 cernebat.
347 270 389 303 Et
412 268 483 302 ista
502 266 654 301 collatio
678 269 759 302 erat
783 267 815 302 ei
847 267 914 303 de·

134 317 320 354 let-tabilis
354 314 476 356 valde,
511 316 548 348 et
578 313 681 349 utilis
720 314 912 357 Ecclesiam

131 366 221 411 quia
264 361 471 399 secuudum
513 362 788 405 Hieronymum,
834 362 915 407 ipsa

130 415 215 458 post
246 408 506 446 ascensionem
542 407 621 442 Filii
653 408 709 443 sui
733 409 915 444 remansit

131 459 179 495 ad
204 461 352 502 tempus
385 455 419 490 in
451 455 561 489 terris
588 465 672 490 cum
709 455 913 501 Apostolis,

129 508 170 542 ut
189 514 254 540 eos
275 503 422 550 plenius
442 501 662 545 instrueret,
676 503 765 548 quia
786 502 915 539 omnia

129 550 354 588 familiarius
394 549 541 585 viderat
580 552 617 585 et
661 553 912 594 tractaverat,

128 602 284 645 propter
314 597 413 643 quod
436 597 570 632 melius
591 598 801 643 exprimere
828 600 913 643 pot-

130 649 224 683 erat.
259 660 277 678 «
313 647 357 681 Ut
389 645 504 686 enim,
528 644 616 679 dicit
653 644 752 680 idem
784 647 911 680 Hiero-

128 703 271 739 nymus,
293 691 393 738 quod
415 691 548 727 melius
570 691 758 735 novimus,
778 691 913 728 melius

129 739 368 787 proferimus.
395 751 412 771 »
443 738 560 774 Maria
593 749 683 784 ergo
718 739 913 785 virginalis

128 786 319 834 pudicitise
357 787 446 831 jura
487 786 718 830 custodiens,
758 790 795 822 et
836 797 912 822 non

129 834 254 871 minus
290 834 424 880 pudica
462 843 541 876 ore,
582 843 695 878 quam
739 844 912 879 corpore,

130 885 276 919 secreta
293 881 429 918 Christi
451 891 536 926 quae
559 883 716 916 noverat
739 881 832 917 nulli
854 881 912 917 di—

128 929 283 975 vulgare
321 928 493 970 volebat,
539 927 605 963 sed
646 928 759 963 tacito
799 929 912 964 corde

128 980 303 1013 scrutans
323 985 531 1021 congruum
548 978 697 1020 tempus
718 986 791 1020 quo
814 977 912 1011 Deus

127 1025 209 1061 haec
228 1022 412 1069 divulgari
430 1022 555 1065 vellet,
578 1025 614 1057 et
629 1023 818 1068 quomodo
834 1023 911 1059 vel-

126 1072 190 1117 let,
207 1074 426 1107 reverenter
441 1070 694 1115 exspectabat,
711 1070 910 1106 conferens

124 1129 171 1155 ea
191 1129 274 1165 quae
295 1118 439 1153 viderat
465 1117 565 1152 circa
589 1127 628 1152 se
651 1121 747 1161 acta,
769 1121 807 1153 et
827 1128 909 1163 quze

123 1166 162 1202 in
181 1164 550 1212 Scripturislegcrat
568 1164 730 1211 agenda.
752 1166 912 1210 Legerat

122 1213 223 1250 enim
242 1213 280 1249 in
299 1213 394 1248 Isaia
417 1224 424 1247 :
447 1214 538 1247 Ecce
557 1213 660 1255 vireo
681 1214 859 1258 concipiet
877 1217 910 1249 et

118 1262 244 1307 pariet
259 1261 398 1306 filiium
423 1262 457 1295 et
480 1258 629 1294 videbat
651 1269 689 1295 se
709 1259 908 1304 virginem,

123 1311 161 1344 et
189 1308 407 1354 concepisse
432 1311 469 1342 et
494 1305 700 1352 peperisse.
724 1307 879 1353 Legerat
900 1319 907 1342 :

127 1356 303 1400 Goqnovit
340 1356 399 1389 bos
436 1364 677 1399 possessorem
714 1365 837 1395 suum,
878 1358 911 1390 et

123 1405 253 1438 asinus
270 1413 429 1448 prees-cpe
447 1402 593 1436 Domini
610 1403 688 1441 ειιίς
709 1405 745 1437 et
761 1401 909 1438 videbat

124 1450 191 1487 Dei
213 1453 249 1486 et
274 1460 380 1485 suum
404 1449 536 1484 Filium
553 1447 651 1483 inter
671 1449 751 1484 hoec
768 1448 912 1485 anima-

122 1496 173 1533 lia
194 1496 406 1543 vagientem
430 1496 465 1531 in
487 1496 688 1540 praesepio.
714 1497 873 1541 Legerat
898 1508 906 1532 z

121 1545 462 1589 Eqrediecw·vz'1·9a
477 1544 521 1577 de
534 1543 660 1577 radice
673 1544 782 1586 Jesse,
807 1547 878 1579 etc.
897 1555 905 1588 3

123 1594 160 1628 et
185 1591 335 1627 videbat
359 1601 398 1626 se
426 1590 472 1625 dc
504 1588 620 1635 stirpe
644 1590 762 1625 David
783 1594 905 1627 ortam

122 1642 158 1675 et
194 1641 337 1675 natam.
369 1639 528 1683 Legerat
562 1648 570 1671 z
599 1638 814 1674 Nazarenus
846 1649 906 1673 vo-

118 1686 266 1722 cabitur
299 1696 394 1732 puer
430 1685 523 1724 iste:
548 1687 584 1719 et
619 1684 771 1721 videbat
800 1695 840 1721 se
866 1686 902 1721 in

119 1734 303 1770 Nazareth
335 1734 380 1768 ‹le
418 1732 559 1779 Spiritu
596 1731 735 1768 Sancto
771 1743 904 1769 conce-

117 1781 231 1828 pisse.
253 1782 409 1827 Legerat
431 1792 439 1816 :
462 1782 510 1816 Et
532 1783 584 1819 tu,
605 1780 813 1815 Bethlehem
835 1783 902 1816 ter-

115 1840 160 1865 ra
180 1829 291 1871 Juda,
316 1831 386 1864 etc.
405 1839 412 1871 ;
436 1831 471 1863 et
492 1826 645 1862 videbat
667 1838 707 1863 se
728 1827 764 1863 in
786 1828 899 1864 Beth-

117 1876 240 1912 lehem
253 1875 460 1922 peperisse.
472 1875 561 1911 Com
568 1877 674 1919 parat
686 1885 775 1920 ergo
785 1875 900 1911 verba

118 1923 407 1969 Prophetarum,
418 1926 454 1958 et
469 1933 551 1967 qua}
570 1923 711 1967 legerat
728 1922 850 1967 tactis,
863 1926 899 1958 et

116 1982 202 2017 quae
218 1971 256 2005 in
275 1969 356 2006 istis
367 1969 545 2006 audiebat
557 1968 615 2004 his
630 1979 713 2015 quae
725 1969 874 2006 videbat
888 1981 897 2014 ;

117 2021 155 2055 et
186 2017 225 2054 in
256 2018 430 2053 omnibus
459 2016 594 2052 miram
621 2019 738 2052 Mater
756 2019 903 2063 sapien-

116 2066 181 2102 tiae
195 2064 314 2102 cernit
335 2063 593 2108 concordiam,
612 2067 647 2100 et
668 2064 781 2100 habet
798 2068 902 2101 certa

116 2113 206 2149 fidei
227 2116 464 2158 argumenta.
481 2111 509 2148 O
530 2115 712 2157 quantum
733 2112 899 2158 gaudere

117 2163 280 2207 poterat,
307 2170 390 2196 cum
417 2170 456 2195 se
483 2161 640 2196 Matrem
666 2158 731 2193 Dei
762 2169 900 2205 cogno-

118 2208 261 2244 sceret!
303 2221 321 2239 «
361 2206 468 2251 Quia,
503 2211 543 2243 ut
582 2206 635 2242 ait
674 2207 895 2251 Ansetmus,

117 2255 240 2291 solum
261 2254 307 2291 de
328 2258 455 2290 sancta
477 2253 594 2290 Maria
619 2252 774 2299 Virgine
800 2264 896 2300 prte-

117 2302 258 2343 dicare,
292 2302 391 2348 quod
420 2301 485 2337 Dei
512 2303 630 2337 Mater
656 2304 726 2345 est,
752 2301 896 2338 excedit

112 2360 266 2386 omnem
293 2349 529 2385 altitudinem
558 2360 639 2394 quse
666 2351 751 2395 post
778 2350 894 2385 Deum

115 2396 186 2434 dici
208 2396 265 2432 vel
287 2395 443 2442 cogitari
465 2400 600 2442 potest.
626 2410 643 2428 »

165 2460 204 2491 19
220 2445 409 2479 szronru
427 2455 598 2479 nevi-:risio
618 2455 661 2479 AD
677 2454 831 2479 ennom.
848 2464 894 2469 —

110 2493 278 2528 Pastor-es
305 2495 431 2527 autem
455 2491 629 2527 abierunt
655 2500 738 2527 cum
755 2491 892 2537 gaudio

109 2539 269 2586 ingenti,
292 2543 325 2575 et
354 2541 490 2574 reuersi
508 2543 607 2580 sunt,
627 2538 674 2574 ad
702 2548 831 2574 curam
855 2542 893 2574 et

110 2586 321 2624 custodiam
359 2585 484 2633 gregis
524 2585 609 2630 sui,
644 2587 893 2631 glorificantes

113 2634 226 2671 corde
255 2638 288 2670 et
324 2634 517 2669 laudantes
549 2644 614 2670 ore
639 2635 766 2677 Deum,
793 2637 891 2670 tam-

113 2692 227 2728 quam
246 2684 438 2718 auctorem
460 2685 496 2717 et
514 2681 707 2728 opificem;
725 2682 763 2716 in
779 2683 892 2717 omni-

113 2730 191 2771 bus,
213 2729 249 2765 id
282 2733 351 2773 est,
380 2729 425 2765 de
462 2729 638 2765 omnibus
668 2739 748 2774 quce
781 2729 891 2764 audi-

113 2780 230 2819 erant,
252 2775 394 2813 scilicet
413 2777 460 2813 ab
482 2775 646 2823 Angelis,
669 2780 703 2812 et
720 2776 892 2813 viderant

991 220 1027 256 in
1066 222 1286 259 Bethlehem
1327 225 1489 271 propriis
1521 227 1653 272 oculis,
1684 231 1777 265 sicut

989 268 1129 303 dictum
1151 274 1216 312 est,
1240 271 1286 305 ab
1306 273 1449 317 Angolo
1469 273 1518 307 (ul
1533 275 1629 316 illos,
1651 275 1689 311 id
1703 280 1774 322 cst,

991 314 1027 349 in
1049 315 1118 350 hoc
1145 316 1304 360 gloriam
1336 320 1409 353 beo
1441 320 1646 367 laudesque
1682 324 1775 360 refe-

990 362 1137 405 rebant,
1159 364 1258 408 quod
1282 375 1353 399 uon
1377 366 1476 401 aliuil
1502 369 1695 406 xenieutes
1717 372 1773 406 in-

989 413 1187 452 venerant,
1210 420 1321 455 quam
1341 413 1435 447 sit-ut
1459 414 1505 448 ad
1528 415 1609 451 illos
1632 418 1772 453 dictum

990 459 1083 491 erat.
1107 456 1179 502 Ipsi
1204 457 1305 492 enim
1331 459 1375 493 ‹le
1400 463 1474 494 tam
1500 461 1634 499 eximio
1658 465 1773 501 bene-

990 502 1075 539 ficio
1096 503 1163 539 toti
1192 504 1331 539 mundo
1362 508 1593 550 generaliter
1622 511 1771 556 collato,

989 553 1025 585 et
1050 550 1104 586 eis
1134 551 1350 597 specialiter
1388 556 1539 588 ostenso
1571 557 1666 599 grati
1692 559 1771 594 exi-

988 600 1147 641 stentes,
1164 598 1403 634 devotionem
1427 611 1531 635 suam
1556 602 1593 637 in
1623 604 1771 641 laudem

990 645 1302 689 Deieructabaut,
1314 650 1349 681 et
1365 648 1480 681 Deum
1493 648 1771 692 glorificabant.

989 693 1028 727 ln
1047 692 1117 728 hoc
1139 692 1252 728 etiam
1276 697 1447 738 pastores
1472 699 1693 740 reputantur
1713 700 1773 735 de—

990 739 1078 783 voti,
1095 739 1196 785 quia,
1212 746 1297 786 post
1315 742 1671 787 contemplationem
1693 746 1771 781 Sal-

987 788 1142 831 vatoris,
1160 791 1399 823 revertuntur
1413 789 1458 823 ad
1475 790 1691 827 exercitium
1711 803 1771 828 ac-

988 833 1113 869 tionis.
1136 836 1177 869 ln
1198 845 1270 880 quo
1288 835 1401 870 datur
1417 837 1539 872 l'orma
1558 839 1772 883 pastoribus

986 880 1176 925 Ecclesiae,
1220 881 1298 927 qui,
1344 882 1428 918 aliis
1479 884 1770 931 dormientibus,

986 928 1126 964 debent
1152 929 1323 975 vigilare,
1349 933 1386 965 et
1418 930 1471 966 ire
1501 931 1703 977 aliquando
1734 934 1772 970 in

985 976 1205 1012 Bethlehem
1249 978 1580 1023 contemplationis
1599 1007 1608 1023 ,
1652 984 1688 1017 et
1723 982 1771 1018 ad

985 1022 1151 1059 studium
1173 1034 1289 1059 sacraer
1310 1025 1581 1070 Scriptt11·a:,ut
1602 1027 1652 1062 ibi
1672 1038 1771 1074 pane

985 1070 1128 1106 coelesti
1163 1071 1402 1115 reficiantur,
1428 1075 1463 1107 et
1502 1073 1633 1110 resecti
1672 1086 1771 1121 pane

985 1117 1166 1153 doctrinm
1196 1118 1242 1154 ad
1272 1119 1501 1164 pascendum
1529 1131 1685 1167 gregem
1708 1134 1769 1159 re-

986 1168 1192 1201 vertantur.
1219 1167 1322 1201 Unde
1351 1166 1387 1201 in
1418 1168 1611 1204 Ezechiele
1639 1181 1648 1206 z
1673 1170 1768 1206 Ani-

984 1214 1102 1248 malia
1123 1213 1227 1248 ibant
1246 1217 1279 1248 et
1294 1215 1582 1250 revertebantur.

1033 1273 1076 1294 ρο
1097 1262 1295 1296 Mamurio
1312 1273 1495 1297 rnAEnicrr:
1518 1274 1702 1299 HtsTORIAE.
1720 1285 1766 1291 —-

984 1307 1086 1342 Vade
1108 1318 1221 1351 nunc,
1244 1310 1279 1343 et
1298 1311 1352 1351 tu,
1375 1309 1421 1343 ad
1445 1309 1645 1346 videndum
1673 1312 1765 1347 Ver-

983 1354 1070 1390 bum
1093 1365 1160 1401 pro
1178 1358 1214 1390 te
1226 1365 1379 1390 carnem
1394 1357 1546 1400 t'actum,
1561 1358 1767 1403 etgenihus

984 1401 1103 1445 flexis,
1131 1402 1249 1438 adora
1282 1403 1481 1439 Dominum
1512 1406 1630 1441 Deum
1661 1409 1766 1442 tuum

982 1451 1019 1483 et
1039 1449 1121 1495 ejus
1147 1450 1319 1493 Matrem,
1343 1460 1384 1485 ac
1406 1455 1624 1487 reverenter
1645 1453 1767 1489 saluta

980 1496 1122 1542 Joseph
1135 1500 1308 1532 sanctum
1329 1507 1472 1533 senem.
1498 1498 1638 1535 Deinde
1657 1510 1765 1536 oscu—

980 1542 1060 1578 lare
1099 1544 1215 1589 pedes
1258 1544 1365 1589 pueri
1391 1546 1495 1588 Jesu,
1534 1546 1697 1591 Jacentis
1726 1546 1765 1583 in

979 1590 1180 1636 praesepio,
1205 1593 1240 1626 et
1261 1601 1355 1635 roga
1378 1591 1588 1637 Dominam,
1616 1597 1655 1629 ut
1678 1604 1765 1631 eum

978 1636 1047 1673 tibi
1068 1637 1238 1684 porrigat
1257 1638 1322 1673 ‘vel
1356 1638 1527 1685 accipere
1553 1640 1760 1686 permittat.

978 1685 1112 1731 Accipe
1133 1696 1224 1732 ergo
1250 1696 1335 1722 eum
1356 1686 1403 1721 ad
1425 1690 1475 1729 te,
1500 1690 1536 1723 et
1559 1687 1658 1724 inter
1674 1689 1762 1725 bra·

975 1731 1061 1768 chia
1080 1736 1145 1769 tua
1166 1732 1299 1769 retine.
1317 1733 1503 1770 Intuearis
1524 1734 1659 1771 faciem
1680 1736 1762 1782 ejus

975 1778 1180 1825 diligenter
1208 1791 1251 1817 ac
1277 1785 1496 1818 reverenter
1522 1782 1759 1828 deosculare,

975 1830 1012 1863 et
1037 1827 1238 1864 delecteris
1267 1828 1305 1864 in
1338 1840 1382 1864 eo
1414 1839 1456 1864 ex
1488 1830 1614 1866 corde.
1638 1831 1762 1867 Conss-

975 1874 1109 1911 denter
1143 1876 1224 1911 haec
1255 1875 1378 1912 facere
1410 1879 1532 1922 potes,
1573 1878 1662 1923 quia
1690 1889 1759 1925 pro

974 1922 1094 1958 salute
1115 1933 1246 1959 eorum
1270 1923 1374 1959 venit
1399 1924 1444 1959 ad
1468 1929 1700 1971 peccatores,
1722 1929 1761 1962 et

975 1979 1059 2005 cum
1090 1970 1145 2006 eis
1174 1970 1368 2006 humiliter
1404 1975 1651 2008 conversatus
1685 1976 1757 2018 est,

974 2020 1011 2052 et
1031 2017 1186 2053 tandem
1212 2028 1252 2053 se
1280 2018 1334 2054 eis
1361 2017 1399 2053 in
1431 2018 1556 2054 cibum
1588 2019 1756 2065 dimisit3

973 2064 1074 2100 unde
1116 2064 1305 2110 benIgnus
1348 2065 1529 2102 Dominus
1569 2066 1759 2113 patienter

973 2111 1166 2157 permittet
1186 2123 1253 2158 pro
1277 2116 1340 2148 tuo
1362 2113 1457 2149 velle
1486 2124 1525 2149 se
1546 2114 1665 2160 tangi,
1688 2125 1757 2151 nec

972 2158 1173 2204 imputabit
1199 2160 1500 2206 praesumptioni,
1528 2162 1593 2197 sed
1619 2162 1753 2198 amori.

972 2207 1128 2253 Semper
1155 2210 1282 2243 tamen
1305 2218 1389 2243 cum
1417 2209 1631 2245 reverentia
1651 2213 1687 2245 et
1710 2210 1755 2245 ti-

972 2264 1077 2290 more
1106 2255 1177 2291 hoc
1202 2254 1333 2294 facias,
1362 2254 1451 2300 quia
1484 2255 1564 2302 ipse
1597 2258 1756 2293 Sanctus

970 2304 1189 2338 sanctorum
1219 2305 1288 2338 est.
1312 2303 1401 2338 Post
1424 2313 1468 2338 ea
1489 2303 1605 2340 redde
1631 2303 1755 2350 ipsum

970 2348 1077 2384 Matri
1093 2359 1185 2394 sure,
1202 2353 1238 2386 et
1252 2350 1427 2396 conspice
1448 2350 1618 2387 studiose
1641 2362 1754 2397 quam

969 2396 1172 2442 diligenter
1195 2400 1232 2433 et
1259 2397 1451 2444 sapienter
1473 2409 1558 2434 eum
1582 2398 1696 2434 lactat
1717 2403 1754 2435 et

966 2444 1167 2489 gubernat,
1188 2455 1231 2481 ac
1254 2449 1380 2481 cetera
1404 2445 1587 2491 obsequia
1598 2446 1631 2482 ei
1648 2446 1751 2482 facit.

967 2493 1045 2535 Sta,
1068 2495 1105 2527 et
1128 2495 1183 2537 tu,
1205 2492 1253 2528 ad
1272 2492 1512 2529 serviendum
1531 2492 1563 2528 ei
1583 2496 1750 2538 paratus,

965 2542 1003 2575 et
1031 2539 1170 2585 adjuva
1195 2550 1278 2576 eam
1300 2539 1331 2576 si
1354 2544 1473 2586 potes.
1499 2542 1538 2575 In
1565 2540 1624 2575 his
1648 2540 1750 2576 dele-

965 2586 1074 2631 ctari,
1104 2587 1319 2633 jucundari,
1348 2591 1384 2623 et
1420 2587 1548 2623 sedulo
1574 2587 1748 2623 meditari

966 2639 1170 2679 memento,
1193 2638 1226 2671 et
1256 2639 1438 2681 quantum
1470 2639 1576 2680 potes
1609 2638 1666 2671 sta
1693 2635 1749 2671 sa—

966 2681 1125 2718 miliaris
1166 2683 1332 2718 Domina}
1369 2686 1404 2717 et
1441 2692 1556 2727 puero
1581 2683 1685 2726 Jesu,
1711 2686 1750 2718 et

964 2728 1147 2766 intuearis
1179 2729 1313 2766 faciem
1341 2730 1422 2774 ejus
1443 2739 1557 2774 sirpe,
1581 2731 1618 2764 ιή
1642 2740 1748 2775 quem

963 2777 1174 2813 desiderant
1191 2778 1327 2822 Anqela'
1348 2778 1554 2822 conspicere
1573 2787 1748 2824 semper;
