1902 3126
651 193 704 226 DE
742 192 1030 226 POENITENTIA
1070 194 1303 230 FACIENDA.
1744 195 1797 228 171

193 269 388 312 urgentur.
409 265 628 302 Ceterorum
649 259 948 312 hominmnnul-

183 323 227 349 us
256 311 393 348 transit
422 310 469 346 ad
495 308 700 352 Christum,
724 311 764 343 ut
793 310 947 352 incipiat

167 369 250 396 esse
269 358 368 404 quod
385 367 459 392 non
474 359 569 399 erat,
581 354 651 390 nisi
669 353 846 400 poeniteat
862 364 946 405 eum

165 405 281 442 fuisse
295 404 394 450 quod
409 406 501 439 erat.
518 423 561 429 —
577 401 704 438 Altera
722 412 808 437 vero
831 410 947 445 pwm-

165 452 283 488 tentia
299 454 370 494 est,
384 450 491 495 cujus
507 449 603 485 actio
618 458 686 494 per
700 452 815 484 totam
837 447 946 482 istam

163 499 293 541 vitam,
315 500 497 543 perpetua
517 495 801 542 supplicationis
824 493 945 529 liumi-

162 544 268 581 litate
283 543 480 580 subeunda
492 547 562 579 est.
578 543 719 587 Primo,
734 541 821 588 quia
835 551 945 576 nemo

164 590 279 627 vitam
313 595 496 627 aeternam
529 590 733 633 desiderat,
761 589 829 624 nisi
862 598 945 639 cum

162 637 248 674 vitae
268 638 379 684 hujus
401 637 620 683 temporalis
640 637 832 683 poeuiteat.
857 638 945 677 Quis

161 684 321 728 dubitet,
338 685 375 720 in
394 695 629 730 quacumque
649 682 845 730 temporali
863 681 944 717 l‘eli-

161 731 274 768 citate
296 742 504 775 versemur,
525 732 707 777 poenitere
730 736 855 766 tamen
877 738 944 763 nos

161 778 300 815 debere
320 779 431 824 hujus
455 777 554 822 vitae,
575 781 613 814 ut
633 778 681 813 ad
702 777 804 813 illam
828 776 945 811 incor-

160 825 378 871 ruptionem
409 829 488 861 tota
512 824 691 860 aviditate
719 822 946 860 curramus?

159 872 250 916 Quis
277 883 367 918 ergo
389 872 543 908 festinat
573 875 688 918 atque
719 874 867 917 exoptat
898 869 944 920 ad

160 919 322 966 patriam
344 929 527 962 remeare,
549 918 620 954 nisi
643 929 755 964 quem
776 927 943 964 peregri-

160 966 325 1002 nationis
362 977 440 1002 suae
472 965 627 1012 poenitet
641 965 658 1000 ἰ)
692 965 781 1008 Quis
818 965 944 1007 itaque

160 1023 263 1050 sanae
285 1013 421 1049 mentis
442 1023 514 1048 non
536 1012 763 1058 ingemiscit,
782 1011 842 1047 cui
865 1020 941 1045 non

157 1070 227 1107 per
246 1059 511 1105 poenitentiam
532 1059 584 1095 sie
606 1070 688 1095 esse
715 1059 911 1105 displiceat
925 1063 942 1094 ’.θ

159 1107 304 1144 Deinde
352 1107 469 1142 multa
517 1110 605 1142 sunt
647 1111 820 1152 peccata,
860 1118 942 1152 quie

212 1153 332 1190 amvis
353 1153 503 1200 singula
525 1164 601 1189 non
629 1153 759 1189 lethali
791 1153 944 1190 vulnere

174 1201 271 1237 erire
291 1200 514 1245 sentiantur,
535 1205 663 1236 tamen
685 1200 795 1235 simul
817 1201 944 1237 omnia

159 1251 403 1294 congregata,
426 1258 510 1293 quae
540 1248 649 1293 plura
680 1251 767 1283 sunt
792 1252 942 1291 necant,

158 1294 232 1331 nisi
260 1294 535 1330 medicamento
567 1294 794 1339 quotidianae
823 1295 943 1339 poeni-

158 1341 287 1378 tentiae
303 1342 540 1377 desecentur.
560 1341 734 1386 Quisquis
752 1341 892 1386 itaque,
913 1341 941 1376 si

160 1387 364 1435 diligenter
377 1388 550 1433 attendit,
561 1387 652 1423 satis
667 1387 840 1434 intelligit
859 1400 943 1423 cum

161 1439 303 1481 quanto
337 1435 502 1481 periculo
533 1435 799 1481 peregrinetur
825 1446 846 1470 a
876 1437 944 1470 Do-

160 1483 279 1518 mino.
301 1503 347 1507 —
367 1482 491 1517 Tertia
517 1482 613 1517 actio
635 1481 865 1527 poenitentiie
888 1486 943 1517 est

160 1539 244 1575 quae
265 1539 334 1611 pro
363 1529 436 1564 illis
464 1528 627 1574 peccatis
655 1529 851 1564 subeunda
871 1533 940 1572 est,

159 1586 245 1622 quae
280 1577 359 1621 egis
380 1576 588 1621 Decalogus
608 1575 786 1610 continet.
811 1577 852 1610 ln
874 1576 943 1611 hac

156 1633 246 1670 ergo
268 1622 490 1669 poenitentia
512 1622 695 1667 majorem
716 1621 755 1656 in
777 1632 816 1657 se
838 1622 941 1667 quis-

157 1679 230 1716 que
251 1669 493 1705 severitatem
515 1669 627 1705 dehet
650 1679 839 1712 exercere,
861 1673 900 1704 ut
921 1680 943 1704 a

156 1726 196 1752 se
229 1716 312 1762 ipso
347 1716 562 1762 judicatus,
588 1726 664 1751 non
697 1715 888 1761 judicetur
921 1727 943 1751 a

157 1763 331 1799 Domino.
352 1763 566 1799 Adscendat
589 1762 716 1808 itaque
739 1763 850 1798 homo
872 1763 942 1798 ad-

157 1820 308 1847 versum
330 1820 370 1846 se
391 1810 553 1846 tribunal
579 1809 713 1846 mentis
737 1820 830 1853 sure,
853 1821 940 1845 con-

156 1857 288 1894 stituat
311 1867 351 1892 se
383 1861 470 1893 ante
495 1856 629 1893 faciem
662 1867 784 1893 suam.
818 1859 940 1902 Atque

155 1903 210 1940 ita
229 1903 433 1940 constituto
458 1903 497 1938 in
524 1903 646 1939 cordis
663 1903 821 1949 judicio,
844 1903 942 1939 adsit

157 1951 364 1987 accusatrix
376 1950 566 1995 cogitatio,
577 1950 684 1986 testis
696 1951 940 1994 conscientia,

158 1997 323 2034 carnifex
346 1997 471 2033 timor.
494 1997 583 2033 lnde
611 1997 763 2043 quidam
788 1997 942 2043 sanguis

157 2044 274 2082 animi
302 2044 518 2080 confitentis
550 2055 617 2090 per
643 2044 828 2090 lacrymas
855 2056 941 2090 pro-

156 2093 262 2128 fluat.
290 2093 501 2134 Postremo,
528 2093 575 2127 ab
600 2091 682 2137 ipsa
704 2096 829 2126 mente
858 2091 942 2126 talis

156 2139 347 2175 sententia
370 2140 597 2185 proteratur,
618 2143 656 2174 ut
678 2149 716 2173 se
741 2138 941 2183 indignum

155 2186 272 2222 homo
289 2186 432 2232 judicet
455 2184 743 2231 participatione
765 2185 942 2230 Corporis

157 2237 195 2270 et
215 2233 417 2279 Sanguinis
441 2232 603 2276 Domini,
625 2236 663 2267 ut
691 2231 753 2277 qui
775 2231 941 2276 separari

158 2290 181 2316 a
197 2291 314 2325 regno
336 2280 514 2316 coelorum
541 2279 660 2322 timet,
684 2289 751 2324 per
773 2279 942 2314 ultimam

159 2327 386 2363 sententiam
404 2326 539 2362 summi
557 2326 724 2368 ,ludit-153
747 2336 811 2372 per
827 2326 943 2362 eccle-

159 2373 349 2410 siasticam
383 2373 621 2420 disciplinam
655 2383 677 2408 a
706 2377 941 2408 sacramento

159 2421 321 2457 coelestis
338 2421 447 2467 panis
465 2425 673 2467 separetur.
690 2420 837 2456 judicet
853 2432 941 2466 ergo

159 2467 324 2513 seipsum
353 2469 465 2503 homo
493 2467 531 2503 in
560 2467 659 2510 isus;
695 2468 940 2510 voluntatem,

159 2515 249 2551 dum
282 2519 419 2561 potest,
445 2518 482 2550 et
517 2525 641 2550 mores
674 2519 869 2550 conrertat
905 2514 941 2549 in

160 2561 544 2607 melius,necumjam
555 2561 941 2607 nonpotuerit‚etiam

158 2612 298 2656 praeter
317 2609 562 2652 voluntatem,
580 2619 602 2644 a
621 2610 779 2644 Domino
797 2609 941 2654 judice-

159 2660 233 2692 tur.
254 2656 340 2698 Sed,
356 2655 384 2691 si
398 2657 477 2702 jam
496 2656 541 2691 de
560 2655 720 2692 sanitate
738 2656 943 2701 desperans

162 2703 271 2740 addis
288 2708 441 2749 peccata
462 2703 637 2749 peccatis,
651 2703 746 2739 sicut
764 2703 942 2749 scriptum

159 2755 239 2787 est:
255 2752 394 2796 Impius
410 2761 489 2786 cum
508 2753 546 2785 in
559 2751 789 2796 profundum
807 2752 943 2785 venerit

158 2801 402 2845 peccatorum,
432 2799 648 2843 contemnit3
674 2797 749 2834 noli
776 2801 942 2834 contem-

1023 274 1124 306 nere,
1155 264 1228 299 noli
1254 265 1469 310 desperare,
1493 265 1613 301 clama
1639 263 1685 300 de
1711 273 1801 310 pro-

1022 309 1146 344 fundis
1179 310 1291 346 etiam
1325 312 1372 346 ad
1409 311 1620 347 nominum.
1653 312 1704 347 De
1733 310 1799 347 tali

1023 356 1220 400 profunde,
1256 357 1427 393 Ninivitnt
1461 359 1737 401 clamaverunt,
1764 361 1801 393 et

1021 402 1325 447 propitiationem
1360 405 1607 448 invenerunt;
1638 404 1800 440 facilius-

1022 459 1092 493 que
1112 453 1166 484 est
1185 455 1364 486 evacuata
1383 452 1625 487 comminatio
1643 452 1802 504 prophe-

1022 496 1081 530 tim
1102 523 1110 539 ,
1149 507 1260 541 quam
1303 497 1509 533 humiliatio
1552 498 1799 544 psenitentiae.

1021 542 1207 588 Quidquid
1241 543 1340 578 enim
1375 544 1520 586 seceris,
1553 555 1802 590 quaecumque

1022 589 1381 635 pec‹·averis‚adhuc
1397 590 1434 624 in
1455 591 1523 625 hai·
1542 591 1616 626 vita
1635 603 1688 635 es,
1702 592 1802 628 unde

1023 641 1056 672 te
1078 636 1245 680 omnino,
1265 637 1293 672 si
1315 647 1451 672 sanare
1473 638 1599 679 nollet,
1619 640 1798 674 aul'erret.

1021 684 1094 720 Cur
1115 695 1203 729 ergo
1229 684 1396 729 ignoras,
1419 683 1506 729 quia
1533 684 1712 726 patientia
1735 684 1800 720 Dei

1021 731 1067 766 ad
1102 730 1362 776 pcenitentiam
1398 734 1434 766 te
1463 730 1643 765 adduxit?
1670 745 1688 762 »
1720 732 1802 767 haec

1019 778 1264 821 Auyustinus.
1282 779 1364 813 Non
1385 777 1507 812 solum
1539 787 1628 823 ergo
1650 777 1696 812 de
1719 787 1800 813 ma-

1020 825 1118 869 gnis,
1147 825 1211 860 sed
1246 829 1283 860 et
1315 825 1362 860 de
1397 823 1522 869 parvis
1554 823 1730 869 peccatis,
1761 827 1801 860 ut

1020 872 1159 907 dictum
1181 875 1250 915 est,
1270 871 1491 917 quotidiana
1507 870 1729 916 poenitentia
1747 874 1803 907 est

1021 919 1182 965 agenda,
1205 922 1241 954 et
1259 918 1431 964 quamvis
1453 928 1570 964 parva
1590 917 1801 961 videantur,

1022 977 1098 1001 non
1125 969 1251 1001 tamen
1284 968 1438 1011 propter
1469 966 1539 1000 hoc
1567 969 1652 1000 sunt
1679 964 1804 1010 negli-

1020 1012 1154 1057 genda.
1178 1027 1195 1044 «
1218 1012 1323 1055 Quia,
1346 1015 1386 1048 ut
1407 1011 1460 1047 ait
1481 1012 1690 1055 Gregorius,
1717 1011 1802 1047 nul-

1021 1060 1097 1095 lum
1115 1063 1307 1103 peccatum
1323 1059 1417 1094 adeo
1432 1058 1715 1104 parvum,quod
1727 1068 1801 1094 non

1020 1110 1163 1141 crescat
1201 1107 1426 1152 neglectum.
1471 1120 1484 1138 2>
1528 1107 1571 1140 Et
1612 1105 1749 1141 iterum
1789 1115 1799 1140 t

1023 1168 1039 1185 ‹<
1061 1154 1259 1189 Peccatum
1280 1153 1378 1198 quod
1401 1151 1625 1198 poenitentia
1647 1162 1724 1187 non
1744 1151 1801 1187 di-

1020 1200 1103 1243 luit,
1125 1200 1204 1245 ipso
1228 1211 1294 1236 suo
1315 1200 1498 1246 pondere,
1523 1210 1604 1234 mox
1626 1199 1673 1234 ad
1698 1198 1801 1234 aliud

1021 1247 1147 1283 trahit.
1173 1262 1189 1278 »
1215 1247 1318 1282 Unde
1339 1246 1429 1282 dicit
1450 1247 1680 1286 Ambrosius,
1703 1245 1804 1291 quod

1022 1294 1217 1330 minimum
1253 1297 1464 1340 peccatum,
1504 1293 1665 1328 scienter
1697 1302 1805 1328 com-

1021 1344 1190 1383 missum,
1205 1341 1355 1386 gravius
1367 1344 1423 1376 est
1438 1344 1516 1375 toto
1531 1340 1684 1375 mundo.
1700 1339 1805 1376 Unde

1020 1392 1055 1423 et
1077 1390 1306 1432 Augustinus
1329 1400 1338 1422 :
1361 1402 1376 1418 «ι
1401 1387 1473 1423 Sed
1500 1387 1572 1422 ista
1601 1386 1696 1422 levia
1716 1397 1801 1433 quae

1019 1435 1192 1476 dicimus,
1208 1434 1281 1469 noli
1298 1438 1540 1470 contemnere
1555 1445 1563 1476 ;
1585 1433 1614 1468 si
1637 1436 1804 1470 contem-

1022 1481 1102 1525 nis,
1143 1481 1294 1527 quando
1331 1480 1533 1526 appendis,
1573 1490 1802 1525 expavesce;

1021 1529 1172 1574 quando
1198 1538 1375 1563 numeras
1395 1527 1504 1571 levia,
1526 1526 1643 1562 multa
1664 1526 1806 1563 faciunt

1021 1586 1136 1610 unum
1163 1575 1318 1620 grande.
1349 1574 1473 1609 Multae
1501 1577 1615 1619 guttae
1646 1573 1805 1619 implent

1021 1624 1185 1665 tlumen;
1219 1621 1337 1656 multa
1372 1631 1491 1666 grana
1528 1619 1671 1655 faciunt
1705 1630 1804 1656 mas-

1020 1679 1100 1704 sam
1121 1680 1129 1704 :
1153 1683 1170 1700 υ
1195 1669 1274 1704 haec
1307 1669 1548 1712 Augustinus
1573 1668 1654 1702 Non
1677 1666 1805 1713 itaque

1019 1716 1116 1751 levia
1137 1719 1223 1751 sunt
1245 1715 1539 1757 contemnenda,
1563 1724 1631 1749 nec
1650 1717 1805 1760 propter

1018 1763 1148 1809 gravia
1169 1767 1225 1798 est
1246 1762 1537 1808 desperandum.
1562 1761 1669 1805 Quia,
1691 1765 1732 1797 ut
1752 1761 1804 1797 ait

1020 1810 1118 1845 idem
1152 1811 1398 1854 Augustinus,
1428 1809 1572 1844 nullum
1607 1811 1803 1854 peccatum

1020 1856 1216 1892 criminale
1237 1860 1308 1900 est,
1330 1856 1417 1891 dum
1439 1855 1636 1902 displicet;
1657 1855 1803 1891 nullum

1020 1904 1179 1948 veniale,
1202 1903 1290 1939 dum
1314 1903 1448 1948 placet.

1067 1954 1087 1985 5
1101 1952 1331 1985 Pffixirizxrm
1346 1961 1488 1985 Ani-:xm
1503 1961 1581 1984 smr:
1596 1959 1802 1994 ninATmNz,

1021 2010 1109 2033 SERA
1152 2009 1236 2032 ENIM
1285 2008 1444 2032 SECURCM
1483 2008 1555 2031 NON
1601 2007 1713 2031 FACIT.
1757 2016 1801 2022 -

1019 2044 1174 2089 Agenda
1207 2047 1263 2079 est
1300 2047 1427 2080 autem
1464 2042 1687 2087 poenitentia
1722 2041 1802 2078 sine

1019 2091 1214 2134 dilatione,
1229 2096 1265 2126 et
1283 2091 1371 2126 dum
1390 2100 1601 2136 possumus,
1615 2100 1662 2124 ne
1677 2088 1801 2125 subito

1019 2137 1286 2184 prieoccupati,
1309 2147 1522 2183 quaeramus
1544 2136 1706 2182 spatium
1724 2146 1801 2182 po-

1020 2184 1207 2229 nitentiae,
1241 2189 1275 2220 et
1303 2184 1471 2219 invenire
1499 2194 1573 2218 non
1600 2182 1800 2228 possimus.

1022 2233 1125 2267 L’nde
1142 2233 1373 2276 Augustinus
1389 2244 1399 2266 .·
1417 2245 1435 2263 «
1457 2230 1637 2266 Remedia
1652 2240 1803 2266 conver-

1020 2279 1137 2314 sionis
1164 2279 1211 2314 ad
1242 2280 1356 2314 Deum
1390 2277 1503 2313 nullis
1536 2280 1621 2312 sunt
1649 2280 1801 2313 cuncta-

1019 2326 1185 2362 tionibus
1206 2325 1431 2368 dHserenda,
1447 2335 1491 2360 ne
1513 2328 1660 2369 tempus
1681 2334 1802 2360 corre-

1019 2373 1153 2409 ctionis
1190 2377 1319 2419 pereat
1363 2371 1551 2408 tarditate.
1587 2370 1654 2414 Qui
1698 2370 1800 2406 enim

1021 2420 1213 2466 poenitenti
1231 2419 1507 2466 indulgentiam
1528 2417 1712 2463 promisit,
1728 2417 1801 2453 dis-

1019 2467 1210 2503 simulanti
1239 2467 1339 2503 diem
1368 2466 1573 2502 crastinum
1606 2474 1680 2499 non
1714 2474 1800 2510 spo-

1020 2515 1162 2561 pondit.
1183 2529 1200 2547 »
1225 2516 1266 2550 Et
1289 2514 1423 2549 iterum
1447 2525 1454 2548 :
1478 2527 1495 2543 «
1516 2512 1551 2547 Si
1574 2510 1655 2556 quis
1674 2514 1800 2547 autem

1019 2562 1163 2608 positus
1189 2563 1223 2597 in
1250 2561 1379 2597 ultima
1402 2558 1625 2595 necessitate
1647 2558 1799 2603 {egritu-

1019 2609 1115 2644 dinis
1145 2620 1222 2644 sua:
1245 2607 1403 2643 voluerit
1424 2606 1593 2651 accepire
1611 2605 1799 2650 poeniten·

1020 2656 1124 2699 tiam,
1144 2661 1181 2691 et
1201 2655 1348 2700 accipit,
1362 2658 1399 2689 et
1416 2664 1498 2688 mox
1518 2650 1799 2704 reconciliatur,

1019 2708 1056 2739 et
1086 2703 1173 2738 ltine
1206 2703 1320 2744 vadit,
1344 2702 1462 2736 fateor
1493 2698 1613 2741 vobis,
1637 2708 1710 2734 non
1744 2697 1798 2734 illl

1018 2742 1200 2796 Rogamus
1221 2749 1319 2794 quod
1343 2747 1449 2794 petit,
1471 2746 1536 2781 sed
1562 2756 1635 2780 non
1656 2755 1797 2791 praesu-

1019 2797 1155 2834 mimus
1177 2796 1263 2843 quia
1283 2795 1370 2831 hinc
1390 2795 1485 2830 bene
1506 2792 1593 2829 exit.
1609 2793 1690 2829 Non
1704 2802 1782 2840 prae
