1902 3126
552 195 603 226 ΗΕ
643 194 751 227 FUGA
792 194 946 226 llOlllNl
989 195 1027 227 tx*
1069 194 1300 227 tcut‘t‘Ttttt.
1693 191 1753 223 tt'l

108 266 249 311 Joseph
280 264 438 300 multum
468 272 580 298 senex
610 260 646 296 in
677 263 888 308 [Egyptunn

108 323 176 360 per
190 312 288 348 viam
304 311 528 351 silvestrem,
539 309 753 352 obscuram,
766 320 889 344 nemo-

108 370 247 399 rosam,
277 362 313 394 et
342 355 603 399 inhabitatam,
626 359 663 391 et
695 366 763 402 per
791 356 888 391 viam

108 407 217 443 valde
240 406 403 450 longam.
431 402 574 438 Dicitur
596 402 694 438 enim
717 404 816 449 quod
842 404 888 439 ad

108 455 180 490 iter
196 450 361 489 cursoris
379 453 466 486 sunt
486 450 684 486 duodecim
703 450 758 487 vel
778 450 888 496 quin-

106 500 226 537 decim
246 498 371 542 dietae,
391 508 458 543 pro
477 497 530 533 eis
549 501 673 533 autem
695 498 791 534 sorte
810 502 890 534 erat

106 547 268 584 duorum
296 544 482 581 mensium
513 545 569 581 vel
596 544 772 591 plurium.
797 547 888 582 Fue-

106 597 195 631 runt
215 596 356 637 autem,
377 596 417 628 ut
440 591 590 636 dicitur,
613 603 679 638 per
699 593 888 629 desertum

104 640 291 687 illud,per
309 640 409 686 quod
431 639 496 675 filii
514 639 625 676 lsrae‘l
644 640 886 684 transierunt,

105 689 145 724 in
161 698 234 734 quo
251 691 286 724 et
300 687 550 733 quadraginta
564 687 674 723 annis
688 691 886 724 steterunt.

106 736 179 773 Sed
191 735 380 781 quomodo
394 734 439 770 dc
452 734 551 770 victu
562 746 688 771 secum
702 736 888 781 portando

103 782 323 820 faciebant?
344 781 411 818 Ubi
434 781 547 818 etiam
572 786 608 818 et
632 783 820 827 quomodo
843 783 888 818 de

104 834 214 867 nocte
239 829 529 876 hospitabantur
555 833 591 864 et
617 829 889 875 quiescebant?

103 879 202 914 Raro
227 877 326 913 enim
350 877 482 913 domos
506 876 543 911 in
571 876 634 912 illo
657 877 807 913 deserto
829 877 885 912 in-

102 924 319 962 veniebant.
344 925 566 970 Compatere
588 935 677 969 crgo
703 924 772 968 eis3
800 924 887 971 quia

102 972 211 1009 labor
233 972 411 1015 difficilis,
434 982 593 1017 magnus
622 975 658 1007 et
680 971 827 1017 longus,
851 976 887 1008 et

102 1024 179 1056 tam
203 1021 324 1056 Puero
350 1030 462 1065 quam
490 1018 601 1065 ipsis;
627 1022 664 1055 et
689 1020 781 1055 vade
802 1030 885 1055 cum

103 1067 171 1112 eis,
185 1072 220 1104 et
238 1067 374 1113 adjuva
394 1069 545 1112 portare
563 1077 722 1112 puerum
739 1068 882 1109 Jesum,

102 1118 139 1152 et
161 1116 198 1151 in
220 1114 394 1150 omnibus
419 1113 554 1159 quibus
577 1113 733 1160 poteris,
754 1114 886 1150 exhibe

102 1162 157 1200 eis
193 1161 456 1197 ministerium.
496 1162 577 1196 Non
618 1162 727 1197 debet
769 1161 884 1197 videri

103 1209 214 1246 nobis
243 1209 351 1245 labor
380 1207 643 1255 poenitentiam
675 1219 786 1254 agere
819 1219 885 1254 pro

102 1256 213 1294 nobis
239 1256 343 1303 ipsis,
366 1267 432 1303 pro
460 1255 595 1301 quibus
623 1256 729 1291 labor
763 1259 887 1291 tantus

104 1305 151 1342 ab
172 1303 256 1340 aliis
281 1309 316 1340 et
342 1314 365 1339 a
392 1303 528 1339 talibus
549 1306 585 1338 et
611 1303 722 1339 toties
751 1307 807 1339 est
827 1314 886 1339 as·

104 1355 290 1398 sumptus.
316 1351 420 1387 Unde
447 1351 641 1385 Anselmas
665 1363 674 1385 .-
703 1366 719 1381 «
742 1350 822 1386 Noli
850 1350 887 1385 in

103 1397 885 1444 tuameditationefugienteminAEgyptum

102 1446 316 1492 relinquere
339 1445 375 1480 in
393 1445 586 1481 comitatu.
607 1445 781 1491 Inspiciat
804 1456 889 1481 ocu-

103 1494 162 1530 lus
180 1492 390 1530 devotionis
407 1493 601 1538 parvulum
616 1494 743 1528 Jesum
759 1492 886 1528 dulces

104 1540 330 1577 mammillas
353 1539 528 1586 gloriosae
557 1539 733 1585 vlrginis,
758 1539 886 1575 Matris

104 1587 886 1633 suae,dulcitersurgentem,etmannnillas

101 1640 295 1672 maternas
306 1634 408 1670 filiali
424 1645 526 1670 more
540 1638 779 1670 tractantem.
792 1634 884 1677 Quid

102 1683 183 1720 visu
204 1682 438 1729 jucundius?
471 1681 565 1725 Quid
598 1682 886 1718 delectabilius?

103 1730 198 1775 Quid
213 1729 390 1766 suavius?
402 1731 518 1766 Cerne
536 1728 638 1765 illnm
651 1729 713 1775 qui
730 1729 887 1765 immen-

102 1789 166 1815 sus
186 1781 256 1821 est,
275 1777 440 1824 parvulis
458 1776 623 1813 brachiis
644 1777 690 1812 ad
714 1781 886 1813 materna

102 1825 199 1862 colla
238 1825 478 1871 pendentem,
517 1827 553 1860 et
594 1824 697 1860 dicas
741 1836 748 1860 :
788 1824 884 1860 Felix

104 1883 201 1917 sum,
237 1872 471 1918 feliciorque,
507 1872 595 1907 dum
636 1871 740 1907 illum
778 1872 885 1907 video

104 1931 216 1966 quem
237 1930 346 1965 reges
371 1919 568 1955 voluerunt
591 1919 731 1963 videre,
754 1923 791 1955 et
812 1931 885 1955 non

103 1967 290 2003 viderunt.
309 1966 450 2012 Dignus
471 1970 526 2002 est
547 1966 641 2010 visu,
665 1967 726 2012 qui
747 1966 888 2011 specio-

104 2025 167 2051 sus
201 2018 258 2050 est
290 2014 411 2049 forma
447 2024 524 2060 pra}
561 2014 647 2050 filiis
675 2014 883 2050 hominum.

104 2062 235 2108 Cogita
253 2065 289 2098 et
306 2060 487 2108 recogita,
508 2072 580 2107 quo
599 2061 739 2105 animo,
759 2066 793 2097 et
815 2072 888 2107 qua

104 2109 333 2155 cogitatione
360 2110 558 2144 tenebatur
584 2109 647 2145 illa
673 2108 887 2145 dulcissima

105 2158 224 2193 Mater
264 2157 357 2203 ejus,
396 2166 479 2192 cum
522 2156 627 2192 illum
674 2156 886 2198 Dominum,

104 2208 250 2240 tantum
277 2215 318 2240 ac
345 2203 532 2239 tantillum
555 2203 590 2239 in
613 2203 776 2239 brachiis
797 2203 887 2246 suis,

103 2252 294 2288 exsultans
315 2255 351 2287 et
371 2251 470 2294 ltrta,
491 2255 655 2294 teneret3
679 2262 762 2286 cum
783 2250 829 2294 ei,
851 2258 886 2286 ut

105 2298 292 2334 infantulo
329 2298 521 2345 gestienti,
549 2299 719 2334 dulcibus
752 2297 888 2334 osculis

103 2356 147 2382 ac
186 2346 444 2391 frequentibus
483 2347 759 2392 congaudet·et;
803 2356 887 2381 cum

104 2404 190 2430 eum
220 2393 489 2439 lacrymantem
519 2404 630 2439 super
658 2403 780 2439 genua
807 2404 886 2435 sua,

106 2440 245 2486 quibus
265 2444 409 2486 poterat
430 2440 591 2476 modulis
608 2441 886 2483 consolaretur;

105 2498 188 2524 cum
211 2486 373 2533 denique
394 2487 478 2522 aliis
498 2491 610 2533 atque
634 2487 717 2524 aliis
741 2487 887 2530 studiis,

105 2535 153 2571 ad
181 2545 263 2581 quse
288 2534 406 2580 ipsam
433 2539 601 2571 materna
628 2535 748 2582 pietas
772 2535 888 2571 infor-

105 2583 247 2626 mabat,
270 2582 302 2618 ci
327 2593 392 2627 pro
415 2582 637 2628 qualitatum
665 2582 888 2619 vicissitudi-

106 2630 216 2667 nibus
228 2630 359 2666 sedula
370 2629 616 2666 blandiretur.
630 2632 719 2666 Item
732 2630 890 2666 ulterius

103 2677 313 2714 notandum
342 2681 412 2720 est,
435 2677 597 2722 qualiter
619 2677 735 2713 Maria
762 2677 800 2713 in
832 2677 891 2714 via

109 2725 350 2772 apprehensa
386 2728 454 2768 est,
483 2735 566 2760 cum
593 2735 710 2771 puero
737 2726 840 2769 Jesu,
872 2737 893 2761 a

110 2771 333 2824 latronibus.
348 2771 511 2818 Opinare
531 2783 659 2808 verum
677 2783 774 2816 esse,
791 2774 891 2819 quod

106 2818 254 2864 dicitur,
271 2829 356 2856 eum
371 2830 452 2856 esse
465 2830 486 2856 a
501 2819 709 2856 latronibus
723 2831 892 2867 compre-

967 263 1125 298 hensum
1143 262 1178 297 in
1198 262 1270 306 via,
1284 266 1317 297 et
1335 261 1603 298 adolescentuli
1626 261 1751 307 cujus-

967 310 1054 345 dam
1089 309 1272 344 beneticin
1308 314 1491 355 ereptum.
1524 311 1607 344 Erat
1644 308 1689 352 is,
1712 310 1750 344 ut

966 356 1110 400 dicunt,
1133 355 1312 401 principis
1337 356 1524 392 latronum
1552 356 1664 399 tilius,
1687 355 1748 401 qui

966 404 1093 450 proeda
1107 403 1351 448 potitus,cum
1368 404 1564 439 Parvulum
1580 403 1613 439 in
1626 402 1751 439 Matris
1782 403 1791 413 ‘

965 450 1108 498 gremio
1136 449 1355 496 aspexisset,
1377 455 1478 485 tanta
1504 451 1539 485 in
1562 462 1642 495 ejus
1665 462 1748 494 spe-

965 497 1174 534 ciosissimo
1202 497 1306 533 vultu
1331 497 1543 542 splendoris
1573 499 1749 542 maiestas

965 545 1151 592 apparuit,
1169 547 1207 580 ut
1225 555 1310 580 eum
1331 555 1443 589 supra
1464 544 1654 580 hominem
1674 555 1746 580 nnn

965 604 1046 629 csse
1057 592 1266 637 ambigens,
1278 591 1586 636 incalescensque
1603 603 1746 634 amore,

965 641 1198 687 amplexatus
1225 642 1281 674 est
1314 649 1413 675 eum.
1443 640 1486 673 Et
1513 650 1520 672 :
1547 639 1589 681 O,
1614 638 1746 683 inquit,

965 687 1181 724 beatissime
1216 686 1472 732 parvulorum,
1510 685 1539 720 si
1572 685 1670 720 aliud
1710 696 1748 720 se

964 738 1111 781 tempus
1139 733 1316 771 obtulerit
1355 743 1502 768 rursum
1531 731 1747 774 miserendi,

964 786 1050 819 tunc
1067 785 1255 818 memento
1273 780 1360 824 mei,
1380 784 1415 816 et
1434 781 1546 825 hujus
1568 779 1747 825 temporis

964 829 1039 866 noli
1064 828 1253 866 oblivisci!
1282 830 1421 864 Ferunt
1442 828 1540 863 hunc
1563 827 1746 863 latronem

964 878 1092 921 fuisse,
1109 876 1171 923 qui
1188 877 1234 912 ad
1253 876 1444 912 dexteram
1466 874 1611 910 Domini
1632 873 1750 909 cruci-

964 925 1074 969 fixus,
1093 925 1253 961 alterum
1276 923 1602 969 blasphemantem
1630 921 1747 957 corri-

962 973 1056 1019 puit,
1083 972 1213 1008 dicens
1239 983 1246 1007 ε
1270 973 1393 1016 Neque
1424 974 1462 1005 ta
1493 971 1597 1005 times
1622 971 1745 1010 Deam,

963 1021 1060 1066 qaod
1086 1022 1125 1055 in
1146 1019 1269 1055 eadem
1290 1019 1528 1063 damnatione
1545 1028 1594 1052 ee.
1617 1019 1663 1052 Ec
1684 1028 1747 1051 nos

963 1068 1110 1113 quidem
1143 1068 1269 1112 μείω
1313 1067 1370 1101 hie
1406 1076 1487 1100 vero
1527 1065 1622 1099 nihil
1659 1065 1748 1099 mali

962 1117 1086 1159 yessit.
1110 1116 1320 1151 Conversus
1347 1123 1433 1148 vero
1462 1112 1508 1148 ad
1533 1111 1745 1154 Dominum,

964 1173 1048 1198 eum
1063 1162 1098 1197 in
1121 1162 1198 1205 illa,
1216 1172 1298 1207 qute
1319 1160 1355 1195 in
1381 1159 1540 1195 Parvulo
1559 1158 1746 1204 apparuit,

964 1209 1114 1245 intuens
1138 1209 1348 1255 majestate,
1371 1206 1467 1253 pacti
1493 1206 1549 1242 sui
1574 1217 1648 1241 non
1673 1205 1746 1240 im-

963 1267 1108 1292 memor
1131 1268 1138 1291 2
1166 1258 1354 1295 Memento,
1386 1254 1521 1300 inquit,
1554 1255 1635 1293 mei,
1661 1253 1745 1288 dam

966 1306 1101 1339 ceneris
1134 1306 1173 1338 in
1205 1314 1355 1347 reanum
1388 1306 1502 1337 tuam.
1536 1303 1664 1346 ltaque
1699 1300 1744 1335 ad

963 1351 1192 1387 incentivum
1226 1350 1380 1392 amoris,
1403 1350 1471 1384 hac
1507 1359 1582 1383 non
1616 1347 1747 1382 inutile

962 1398 1126 1434 arbitror
1146 1397 1197 1434 uti
1221 1397 1410 1443 opinione,
1437 1399 1582 1431 remota
1611 1394 1745 1430 nihilo-

963 1446 1086 1481 minus
1109 1444 1210 1481 omni
1234 1443 1448 1480 affirmandi
1471 1441 1683 1479 temeritate
1702 1454 1709 1477 ;
1727 1457 1744 1472 »

962 1494 1041 1529 haec
1066 1494 1270 1528 Anselmas.

1010 1556 1030 1588 9
1052 1542 1104 1576 Dis
1126 1552 1213 1575 mter:
1240 1550 1427 1574 rrssnonttu
1451 1539 1746 1573 BnTnLEtuzxtt'rx-

962 1600 1047 1624 nnn.
1079 1587 1314 1622 —Herodes
1345 1589 1485 1628 autem,
1515 1594 1599 1619 cum
1634 1583 1746 1628 Magi,

963 1646 1058 1681 quos
1093 1635 1306 1671 aestimabat
1340 1644 1408 1679 per
1445 1633 1616 1668 eamdem
1648 1631 1746 1666 viam

963 1693 1217 1729 regressuros,
1237 1682 1283 1717 ad
1305 1691 1390 1717 eum
1417 1691 1492 1715 non
1514 1682 1749 1715 reverteren-

961 1735 1035 1774 tur,
1052 1734 1087 1766 et
1108 1729 1199 1765 nihil
1220 1729 1289 1765 sibi
1308 1727 1584 1770 renuntiarent,
1602 1725 1745 1772 putavit

962 1789 1027 1814 eos
1054 1777 1198 1813 visione
1231 1776 1348 1813 stella}
1382 1776 1573 1821 deceptos,
1594 1778 1631 1809 et
1662 1784 1746 1809 eru-

962 1825 1088 1862 buisse
1106 1825 1153 1861 ad
1169 1836 1253 1861 eum
1275 1823 1414 1866 redire,
1429 1827 1465 1858 et
1484 1822 1568 1858 ideo
1589 1820 1745 1857 cessavit

962 1884 984 1909 a
1006 1873 1114 1909 Pueri
1138 1871 1405 1917 inquisitione3
1423 1871 1479 1906 vel
1503 1872 1556 1905 tot
1578 1874 1614 1904 ct
1635 1868 1748 1904 tantis

963 1920 1271 1967 occupationibus
1307 1918 1409 1964 regia
1437 1928 1528 1953 cura
1555 1916 1746 1952 distende-

962 1969 1087 2012 batur,
1107 1971 1145 2003 ut
1167 1979 1189 2003 a
1211 1966 1320 2003 Pueri
1342 1964 1584 2010 inquisitione
1605 1967 1749 1999 averte-

963 2018 1067 2051 retur
1088 2015 1146 2051 vel
1168 2013 1426 2060 impediretur.
1451 2011 1523 2049 Sed
1544 2022 1628 2047 cum
1649 2014 1749 2056 post-

965 2063 1117 2098 modum
1141 2062 1289 2098 audiret
1317 2072 1398 2106 qutc
1422 2059 1456 2095 in
1481 2060 1620 2104 templo
1643 2062 1748 2104 gesta

963 2114 1103 2153 essent,
1133 2109 1221 2155 quid
1253 2109 1404 2145 Simeon
1430 2106 1577 2150 dixerit,
1600 2109 1636 2141 et
1661 2105 1749 2151 quid

963 2160 1072 2193 Anna
1088 2155 1382 2203 prophetaverit,
1402 2158 1502 2198 tunc,
1520 2154 1620 2189 fama
1638 2153 1746 2189 Pueri

966 2205 1041 2241 nati
1064 2207 1270 2248 crescente,
1287 2204 1460 2239 turbatus
1477 2212 1519 2237 ex
1539 2201 1612 2245 his,
1630 2200 1749 2245 magis

964 2252 1099 2288 timuit.
1139 2254 1236 2287 Tune
1275 2250 1389 2296 igitur
1428 2250 1585 2285 Herodes
1625 2249 1749 2283 ridens

964 2302 1137 2345 qnoniam
1175 2301 1306 2335 illusus
1346 2302 1436 2333 esset
1468 2309 1489 2332 a
1521 2298 1663 2339 Mam's,
1702 2295 1746 2331 ad

963 2347 1085 2394 ipsum
1124 2358 1199 2383 non
1238 2345 1506 2388 redeuntibuS,
1542 2346 1661 2379 iratas
1698 2347 1749 2377 cst

963 2395 1070 2430 valde
1088 2407 1097 2430 :
1118 2400 1196 2431 tum
1217 2396 1372 2441 propter
1399 2393 1454 2428 sui
1477 2393 1748 2436 contemptum,

964 2446 1041 2479 tum
1068 2445 1224 2488 propter
1257 2441 1432 2477 timorem
1463 2437 1662 2475 amittendi
1692 2448 1749 2472 re—

963 2500 1077 2536 gnum
1091 2501 1099 2533 3
1115 2489 1198 2526 ideo
1214 2489 1260 2525 de
1279 2492 1399 2524 morte
1418 2496 1620 2533 puerorum
1644 2485 1752 2519 Beth-

964 2537 1227 2573 lehemitarum
1264 2535 1452 2577 tractavit,
1485 2538 1523 2570 ut
1559 2543 1642 2568 cum
1677 2531 1750 2566 illis

964 2584 1199 2621 occideretur
1232 2583 1294 2619 ille
1333 2583 1394 2629 qui
1432 2580 1644 2625 incognitus
1679 2577 1748 2630 sihi

965 2631 1046 2668 suit.
1063 2633 1221 2669 Putabat
1234 2631 1333 2667 enim
1349 2630 1446 2676 quod
1461 2628 1488 2664 si
1503 2638 1633 2664 omnes
1645 2636 1748 2672 pueri

966 2679 1243 2723 occiderentur,
1266 2689 1375 2719 unuS,
1402 2686 1512 2722 quem
1543 2674 1750 2726 quaerebat,

967 2727 1127 2764 evadere
1161 2738 1235 2763 non
1264 2728 1412 2773 posset·,
1442 2734 1516 2758 non
1545 2725 1751 2759 [estimans.

968 2774 1111 2818 infelix,
1128 2774 1217 2821 quia
1234 2785 1305 2809 non
1322 2776 1373 2807 est
1389 2771 1593 2809 consilium,
1613 2779 1682 2803 non
1701 2771 1753 2802 est

967 2824 1166 2869 sapientia,
1192 2833 1262 2857 nen
1301 2824 1352 2856 esc
1393 2817 1590 2864 prudentia
1629 2819 1753 2851 contra
