1902 3126
186 148 245 182 188
691 143 836 178 PRIMAE
873 144 1030 179 PARTIS

187 215 310 252 affert.
330 213 579 251 Nihilominus
596 216 738 258 tamen,
760 212 882 249 omnis
901 213 966 250 ba-

184 261 345 308 ptizatus
363 264 506 307 septem
524 260 727 296 virtutibus
742 260 781 296 in
796 260 969 297 columba

188 308 410 355 significatis
440 308 553 343 debet
585 306 722 352 repleri
756 310 792 343 et
821 307 966 353 perfici.

186 355 418 400 Quicumque
452 354 553 390 enim
586 357 642 390 est
675 354 876 400 perfectus,
910 354 972 390 de-

184 402 249 438 bet
274 412 356 437 esse
386 401 572 447 perfectus
601 404 782 447 quantum
817 401 865 437 ad
903 400 972 437 sei-

185 459 308 494 psum,
322 452 505 494 quantum
514 448 560 484 ad
574 447 797 494 proximum,
810 451 847 483 et
861 457 973 492 quan·

186 498 266 531 tum
293 495 341 531 ad
367 497 504 539 Deum3
530 498 567 531 et
585 495 710 531 omnia
735 494 807 530 ista
830 493 972 539 signifi-

186 545 322 578 cantur
352 552 419 588 per
450 542 696 588 proprietates
728 541 767 577 in
802 540 974 576 columba

185 591 370 635 repertas.
404 589 588 632 Quantum
622 589 669 624 ad
699 588 877 634 seipsum,
906 587 973 621 du-

184 635 271 682 plici
290 636 520 682 proprietate
541 647 549 670 :
570 635 657 681 quia
673 635 845 670 columba
862 633 976 668 habet

185 682 367 728 gemitum
384 693 450 728 pro
470 686 596 726 cantu,
619 687 656 717 et
674 684 777 717 caret
794 681 897 723 felle3
922 679 974 714 sic

185 729 299 765 homo
330 730 441 766 debet
469 730 610 765 habere
643 728 680 763 in
710 738 749 763 se
778 726 973 763 contritio-

183 786 271 812 nem
306 787 374 822 pro
401 776 576 822 peccatis,
604 778 640 811 et
674 773 854 820 gemitum
890 783 974 808 cum

183 821 373 868 lacrymis,
403 826 439 858 et
465 823 576 858 debet
601 832 730 857 carere
759 820 844 856 selle
868 830 972 855 ama-

183 869 360 905 ritudinis
380 869 536 915 peccati,
560 872 597 903 et
623 869 679 903 ira
707 865 970 902 irrationabili.

185 916 372 959 Quantum
405 916 451 951 ad
484 914 692 960 proximum
724 912 861 958 triplici
891 923 975 958 pro-

211 962 344 998 rictate
376 973 383 997 :
422 961 509 1006 quia
544 961 718 996 columba
746 962 870 994 rostro
897 970 973 994 non

199 1008 300 1052 aedit,
318 1008 371 1043 sic
392 1019 458 1043 nec
479 1009 636 1043 Sanctus
654 1006 827 1052 cuiquam
845 1005 973 1041 detra-

183 1054 262 1098 hit;
295 1054 484 1100 unguibus
518 1053 569 1089 nil
596 1055 707 1099 rapit,
737 1053 790 1088 sic
817 1053 972 1088 Sanctus

183 1100 309 1138 aliena
324 1112 399 1136 non
420 1100 569 1146 recipit;
585 1101 709 1147 pullos
722 1099 865 1135 alienos
880 1102 973 1135 tam-

183 1158 297 1193 quam
335 1158 421 1183 suos
455 1147 588 1193 pascit,
626 1148 678 1183 sic
714 1148 874 1183 Sanctus
906 1156 973 1191 per

183 1204 291 1231 suam
312 1194 611 1240 compassionem
629 1193 885 1239 indigentibus
903 1203 973 1229 sua

184 1241 331 1278 tribuit.
373 1242 560 1284 Quantum
601 1241 649 1277 ad
680 1242 797 1277 Deum
833 1239 971 1286 duplici

183 1288 415 1334 proprietate
457 1300 465 1323 z
507 1288 594 1334 quia
637 1288 813 1324 columba
858 1297 972 1333 super

185 1345 303 1381 aquas
322 1335 475 1379 residet,
494 1338 534 1371 ut
561 1336 694 1371 umbra
719 1333 907 1380 accipitris
933 1334 972 1369 in

187 1392 285 1427 aqua
313 1382 485 1428 praevisa,
515 1386 661 1428 mergat
690 1392 729 1418 se
759 1384 796 1417 et
822 1381 969 1425 evadat,

186 1428 239 1464 sic
258 1430 414 1465 Sanctus
432 1440 544 1474 super
563 1430 707 1465 fluenta
724 1428 860 1464 divinae
877 1427 971 1464 Scri-

184 1478 305 1522 pturae
346 1476 513 1512 residere
559 1479 597 1512 et
643 1475 791 1512 oculum
830 1476 970 1511 habere

188 1522 315 1567 debet,
343 1526 383 1558 ut
409 1522 548 1558 diaboli
576 1523 760 1558 versutias
785 1524 822 1557 et
845 1521 969 1557 incur-

187 1579 268 1604 sum
307 1570 466 1605 evadere
497 1573 634 1614 queat3
670 1568 827 1604 meliora
851 1578 971 1614 grana

187 1615 305 1662 eligit,
339 1619 375 1652 et
409 1617 547 1651 mundo
582 1616 755 1659 vescitur,
791 1615 841 1650 sic
876 1616 969 1651 San-

187 1665 268 1698 ctus
285 1673 396 1698 sanas
417 1662 624 1698 sententias
642 1662 776 1708 quibus
796 1664 972 1708 pascatur

187 1708 304 1755 eligit,
332 1709 426 1745 etin
450 1710 528 1745 solo
559 1711 649 1753 Deo,
670 1708 709 1744 in
733 1719 806 1754 quo
828 1708 971 1755 puritas

189 1765 339 1792 summa
377 1760 443 1800 est,
483 1759 688 1792 recreatur.
730 1756 835 1791 Unde
874 1755 971 1791 sicut

187 1803 360 1839 columba
386 1803 424 1838 in
451 1802 620 1839 cavernis
649 1805 766 1848 petrae
788 1802 969 1846 nidificat,

187 1849 240 1885 sic
278 1851 435 1886 Sanctus
473 1850 512 1885 in
552 1849 673 1896 plagis
703 1849 835 1885 mortis
870 1849 972 1885 Chri-

187 1896 249 1941 sti,
281 1896 343 1942 qui
371 1900 478 1943 petra
514 1897 626 1932 firma
656 1899 725 1940 est,
756 1896 900 1940 nidum,
932 1895 970 1931 id

186 1946 257 1988 est,
279 1954 386 1979 suum
407 1943 591 1990 refugium
610 1946 647 1978 et
665 1953 769 1989 spem
789 1942 906 1989 ponit.

239 1993 278 2026 15
293 1991 372 2026 Vox
390 1991 519 2026 PATnis
538 1992 661 2025 FiLmn
681 2001 968 2025 COMMENDANTIS.

188 2058 235 2063 —-
258 2039 307 2073 Et
342 2049 416 2072 ecce
444 2048 513 2072 coac
541 2036 677 2078 Patris,
712 2036 969 2071 testimonium

188 2083 281 2120 Filio
304 2084 526 2129 praebentis,
549 2084 593 2118 de
621 2084 717 2118 coelis
743 2082 872 2118 audita
896 2086 969 2127 est,

190 2130 332 2166 scilicet
352 2131 398 2166 de
420 2132 532 2174 nube,
556 2131 678 2165 dicens
707 2143 716 2165 :
743 2131 811 2164 Hic
834 2133 887 2165 est
913 2132 970 2166 Fi-

191 2178 263 2212 lius
286 2187 384 2212 meus
402 2178 568 2218 dilectus,
597 2187 674 2222 prae
697 2175 858 2221 ceteris;
882 2176 970 2222 quia

189 2234 266 2259 non
289 2223 502 2269 adoptivus,
524 2227 565 2259 ut
585 2223 716 2268 ceteri,
735 2223 801 2260 sed
819 2227 971 2259 natura-

189 2269 249 2306 lis.
271 2270 376 2305 Unde
400 2272 672 2313 chrysostomus
697 2283 708 2306 :
738 2283 756 2304 «
779 2271 875 2306 Suus
901 2270 972 2306 uti-

192 2326 266 2363 que
287 2327 361 2352 non
384 2327 451 2362 per
478 2316 717 2362 adoptionem
746 2317 877 2362 gratiae
907 2328 971 2353 ne-

190 2373 262 2409 que
300 2373 369 2409 per
407 2363 629 2399 electionem
671 2367 869 2409 oreaturae,
903 2365 969 2400 sed

192 2421 281 2446 suus
310 2410 540 2456 proprietate
570 2410 719 2456 generis
746 2414 783 2447 et
812 2411 969 2447 veritate

191 2459 351 2493 naturae.
372 2471 390 2489 »
407 2458 464 2500 Et,
482 2460 522 2492 ut
534 2457 587 2492 ait
603 2459 855 2502 Hieronymus,
874 2458 971 2494 sedit

192 2503 369 2541 columba
402 2514 515 2550 super
539 2506 651 2549 caput
676 2504 772 2549 ejus,
805 2515 852 2540 ne
887 2505 970 2550 quis

190 2554 341 2598 putaret
381 2561 511 2586 vocem
546 2550 667 2586 Patris
697 2551 744 2586 ad
782 2552 969 2587 ,loannem

189 2599 344 2642 factam,
367 2609 442 2634 non
458 2598 504 2633 ad
527 2597 740 2633 Dominum.
760 2599 802 2633 In
819 2609 887 2643 quo
905 2601 971 2634 mi-

192 2646 232 2681 hi
252 2646 466 2691 complacui,
499 2644 536 2680 id
556 2647 626 2689 est,
648 2643 687 2680 in
706 2654 778 2689 quo
797 2644 970 2681 voluntas

191 2702 277 2729 mea
309 2691 558 2738 complebitur
588 2691 634 2728 de
670 2691 788 2727 salute
821 2692 969 2736 generis

193 2739 362 2776 humani.
390 2738 495 2776 Alius
526 2749 616 2775 vero
650 2738 891 2786 Evangelista
917 2738 971 2775 sic

1069 144 1203 178 CAPUT
1242 143 1328 177 XXI

1047 213 1137 249 dicit
1165 224 1173 249 z
1200 215 1251 248 Tu
1272 222 1306 248 es
1324 212 1441 247 Filius
1463 221 1563 246 meus
1595 211 1762 255 dilectus,
1781 214 1822 249 in

1047 265 1080 296 te
1099 261 1299 306 complacui
1318 259 1422 298 mihi,
1442 256 1479 293 id
1500 260 1569 301 est,
1590 257 1676 294 inte
1695 261 1732 295 et
1750 269 1818 305 per

1046 311 1082 343 te
1103 306 1278 343 constitui
1304 305 1402 351 quod
1425 304 1516 340 mihi
1537 305 1660 350 placet
1679 305 1819 350 facere,

1048 358 1085 390 et
1111 365 1193 400 quae
1229 353 1377 399 agenda
1409 355 1496 387 sunt
1529 362 1656 397 agere,
1681 351 1721 387 id
1748 355 1820 396 est,

1048 412 1165 446 genus
1194 401 1400 436 humanum
1421 397 1620 434 redimere.
1641 398 1709 435 Vel
1728 397 1821 434 mihi

1048 447 1286 493 complacuit,
1327 446 1364 482 id
1400 448 1470 489 est,
1492 445 1675 491 complete
1703 447 1741 481 et
1765 447 1825 481 to-

1048 494 1173 530 taliter
1200 492 1350 540 placuit.
1385 492 1480 528 Nihil
1513 491 1612 528 enim
1645 501 1823 538 umquam

1048 542 1124 576 Deo
1151 540 1337 586 displicuit
1363 539 1401 574 in
1429 550 1486 582 eo,
1516 539 1610 575 sicut
1635 537 1674 574 in
1696 537 1822 583 nobis,

1050 587 1112 631 qui
1130 586 1232 632 prius
1248 586 1385 622 fuimus
1402 589 1536 621 natura
1552 585 1619 621 filii
1635 585 1826 622 irae.Unde

1048 634 1255 669 Bernardus
1277 646 1287 668 .-
1317 646 1333 665 «
1357 634 1452 668 Vere
1474 631 1575 667 enim
1602 632 1662 668 hic
1692 635 1762 677 est,
1786 631 1826 668 in

1049 690 1121 725 quo
1143 691 1219 714 non
1257 684 1313 714 est
1350 678 1449 724 quod
1484 678 1585 714 Patri
1612 678 1823 724 displiceat,

1049 726 1195 772 quodve
1225 726 1351 761 oculos
1388 725 1598 770 maJestatis
1634 725 1824 770 offendat;

1048 773 1146 808 unde
1168 776 1205 808 et
1224 772 1304 818 ipse
1325 771 1377 808 ait
1399 783 1407 807 ε
1430 772 1559 807 Omnia
1581 782 1660 816 quae
1681 772 1826 817 placita

1047 823 1132 855 sunt
1152 821 1197 861 ei,
1223 821 1321 863 facio
1347 829 1497 864 semper.
1523 831 1540 851 »
1568 819 1692 854 Donet
1715 817 1826 855 nobis

1049 866 1228 902 Dominus
1248 868 1354 902 Jesus
1376 865 1438 910 qui
1455 875 1603 910 semper
1620 864 1742 910 placet
1759 865 1827 901 Pa-

1047 913 1109 957 tri,
1128 917 1168 949 ut
1187 924 1255 948 nos
1280 923 1346 958 per
1369 912 1491 957 ipsum
1517 922 1730 947 mereamur
1748 911 1826 957 pla-

1049 971 1132 995 cere
1161 959 1245 995 sibi.
1270 959 1482 996 Secundum
1508 959 1657 1000 Bedam,
1678 960 1826 995 tantum

1048 1006 1197 1042 duravit
1227 1007 1407 1052 splendor
1441 1004 1617 1049 coelestis,
1647 1004 1827 1051 quamdiu

1047 1057 1206 1099 paterna
1225 1064 1292 1089 vox
1310 1052 1438 1089 audita
1454 1055 1525 1097 est,
1545 1055 1582 1088 et
1598 1062 1683 1088 cum
1697 1062 1743 1088 ea
1754 1055 1827 1088 ter-

1047 1100 1209 1136 minatus
1229 1104 1298 1136 est.

1099 1162 1109 1182 1
1118 1151 1138 1190 [4
1150 1148 1358 1183 Aumnxnus
1376 1158 1437 1181 EST
1448 1147 1635 1183 CHRISTUS.
1645 1147 1826 1192 —Ipsum

1047 1197 1171 1230 autem
1193 1193 1326 1229 Filium
1347 1193 1491 1238 audire,
1509 1193 1594 1229 huic
1615 1193 1768 1229 credere
1790 1195 1828 1228 et

1047 1241 1215 1284 obedire,
1233 1242 1344 1276 Pater
1366 1240 1453 1276 alibi
1472 1251 1540 1276 nos
1559 1240 1749 1284 admonet,
1767 1238 1826 1275 di-

1047 1298 1135 1323 cens
1162 1299 1169 1323 z
1198 1290 1320 1333 Ipsum
1349 1288 1486 1322 audite.
1516 1287 1581 1323 Cui
1615 1286 1716 1322 enim
1751 1285 1827 1322 nisi

1047 1334 1252 1380 sapientiae,
1265 1334 1433 1380 justitiae‚
1453 1337 1490 1369 et
1504 1332 1651 1369 veritati
1673 1332 1828 1369 credere

1047 1382 1226 1417 debemus
1240 1382 1257 1417 ⁶?
1275 1383 1376 1417 Unde
1393 1381 1599 1417 Bernartius
1617 1392 1627 1415 :
1645 1392 1662 1414 «
1681 1381 1830 1426 Ipsum,

1045 1428 1180 1474 inquit,
1217 1428 1357 1464 audite.
1393 1429 1499 1472 Ecce,
1528 1427 1685 1463 Domine
1719 1428 1824 1470 Jesu‚

1047 1476 1103 1511 vel
1124 1486 1222 1511 nunc
1249 1476 1327 1521 Jam
1351 1475 1519 1519 loquere,
1547 1473 1736 1509 licentiam
1767 1473 1826 1509 lo-

1047 1522 1184 1567 quendi
1216 1523 1333 1558 habes
1352 1532 1374 1556 a
1395 1523 1519 1557 Patre.
1542 1519 1727 1564 Quamdiu
1745 1518 1821 1555 vir-

1046 1573 1105 1605 tus
1130 1572 1167 1604 et
1197 1568 1261 1604 Dei
1300 1567 1484 1614 sapientia
1509 1567 1616 1613 quasi
1648 1567 1823 1603 infirmus

1046 1615 1181 1661 aliquis
1209 1619 1246 1651 et
1271 1615 1450 1660 insipiens
1473 1615 1566 1650 lates
1591 1614 1630 1650 in
1658 1613 1826 1660 populo?

1047 1662 1245 1706 Quamdiu,
1273 1662 1410 1697 nobilis
1436 1663 1525 1705 Rex,
1553 1663 1591 1696 et
1613 1662 1689 1696 Rex
1723 1659 1824 1704 coeli,

1046 1709 1141 1745 fabri
1157 1709 1274 1744 filium
1288 1712 1323 1744 te
1335 1708 1474 1755 pateris
1489 1707 1667 1754 appellari
1682 1706 1826 1754 pariter

1047 1760 1082 1792 et
1097 1756 1326 1802 reputari?O
1345 1755 1536 1791 humilitas
1555 1753 1703 1790 virtutis
1722 1753 1825 1789 Chri-

1047 1803 1118 1839 sti!
1147 1803 1174 1839 O
1203 1803 1413 1839 sublimitas
1436 1800 1677 1837 humilitatisl
1701 1801 1826 1843 Quan-

1045 1854 1124 1886 tum
1152 1849 1348 1885 confundis
1379 1848 1576 1884 stultitiam
1608 1858 1703 1883 meae
1722 1847 1826 1883 vani-

1046 1897 1151 1932 tatis!
1190 1897 1327 1932 Parum
1354 1894 1496 1940 aliquid
1523 1893 1599 1930 scio
1620 1894 1679 1929 vel
1703 1893 1824 1941 magis

1047 1943 1143 1978 scire
1164 1943 1255 1977 mini
1277 1942 1425 1985 videor;
1460 1945 1497 1977 et
1515 1941 1595 1987 jam
1617 1940 1727 1977 silere
1747 1951 1826 1977 non

1045 2000 1215 2036 possum,
1236 1989 1474 2035 impudenter
1499 1991 1536 2024 et
1563 1987 1824 2034 imprudenter

1046 2047 1105 2072 me
1126 2036 1319 2083 ingerens,
1340 2038 1378 2071 et
1394 2038 1603 2079 ostentans,
1627 2036 1823 2081 promptus

1047 2084 1093 2119 ad
1126 2083 1368 2128 loquendum,
1395 2082 1500 2118 velox
1525 2082 1573 2118 ad
1598 2081 1824 2126 docendum,

1047 2131 1176 2166 tardus
1186 2130 1233 2166 ad
1244 2129 1485 2165 audiendum.
1502 2130 1546 2164 Et
1557 2128 1726 2165 Christus
1739 2137 1825 2164 cum

1046 2180 1150 2212 tanto
1172 2181 1342 2223 ternpore
1365 2175 1513 2220 silebat,
1548 2185 1632 2211 cum
1658 2174 1824 2220 seipsum

1047 2224 1099 2259 sic
1141 2224 1409 2267 abscondebat,
1450 2221 1632 2267 numquid
1670 2221 1823 2257 inanem

1046 2271 1205 2316 gloriam
1237 2269 1452 2306 metuebat?
1475 2269 1570 2313 Quid
1605 2268 1755 2304 timeret
1774 2268 1823 2304 ab

1045 2318 1148 2353 inani
1174 2317 1308 2364 gloria,
1331 2316 1392 2362 qui
1420 2319 1476 2352 est
1501 2326 1592 2352 vera
1618 2314 1739 2361 gloria
1757 2316 1825 2352 Pa·

1045 2365 1113 2401 tris
1131 2365 1148 2400 ἰ)
1171 2365 1304 2410 Utique
1323 2364 1495 2407 timebat,
1524 2363 1590 2399 sed
1616 2373 1694 2398 non
1722 2360 1821 2406 sibi;

1046 2412 1154 2448 nobis
1175 2412 1332 2447 timebat
1350 2412 1396 2447 ab
1416 2411 1495 2455 illa,
1512 2409 1648 2456 quibus
1664 2411 1824 2445 noverat

1046 2469 1128 2495 esse
1150 2459 1370 2494 timendum.
1394 2458 1507 2494 Nobis
1529 2457 1691 2501 tacebat,
1706 2458 1743 2492 et
1753 2465 1824 2492 nos

1045 2506 1276 2550 instruebat;
1300 2506 1448 2541 tacebat
1469 2515 1547 2549 ore,
1571 2503 1636 2539 sed
1656 2502 1821 2538 instrue-

1046 2553 1110 2589 bat
1128 2563 1256 2599 opere,
1279 2555 1316 2588 et
1337 2552 1438 2598 qnod
1457 2555 1587 2597 postea
1604 2548 1730 2586 docuit
1742 2558 1823 2585 ver-

1046 2600 1108 2644 bo,
1127 2600 1206 2646 jam
1227 2599 1414 2636 clamabat
1431 2597 1598 2644 exemplo
1621 2607 1630 2632 :
1651 2597 1823 2632 Discitea

1046 2658 1101 2681 me
1122 2649 1210 2692 quia
1229 2648 1331 2682 mitis
1356 2657 1449 2687 sum,
1468 2649 1500 2680 et
1533 2644 1682 2680 humilis
1701 2642 1819 2679 corde.

1047 2695 1140 2729 Nam
1164 2694 1209 2729 de
1231 2692 1391 2729 infantia
1415 2691 1562 2728 Domini
1591 2700 1724 2737 parum
1757 2688 1823 2725 ali-

1048 2740 1139 2787 quid
1168 2740 1308 2785 audi03
1335 2750 1379 2776 ex
1411 2741 1500 2775 tunc
1531 2738 1610 2785 Jam
1632 2746 1753 2784 usque
1772 2735 1820 2773 ad
