1876 3126
309 170 528 205 SERMONIS
565 170 608 204 IN
643 169 789 205 MONTE
827 170 1236 208 ΟΟΝΤΙΝΗΑΤΙΟΣΒΕ
1273 174 1404 210 ORAT.
1443 174 1547 210 Doti.
1697 175 1757 210 307

165 255 206 278 ιο
224 241 378 278 Savum
397 252 548 276 Ρετιτῐο.
571 260 617 266 -
635 241 724 276 Post
745 240 814 275 hoc
838 252 893 277 se-

110 287 241 334 quitur
259 289 389 335 petitio
411 287 570 334 septima
589 289 625 322 et
652 286 805 322 ultima:
823 289 893 325 Sed

111 336 228 371 libera
247 346 311 371 nos
334 347 356 371 α
377 336 485 378 malo,
513 333 652 369 scillcet
686 334 787 369 omni
810 346 817 370 ι
837 336 890 371 vel

109 381 240 418 innato
259 382 357 428 quod
375 380 648 424 contrahimus,
665 380 807 417 scilicet
823 382 894 417 ori-

106 428 247 475 ginali;
291 429 346 464 vel
375 428 521 474 adJecto
561 428 660 474 quod
691 429 891 464 committi-

107 486 206 520 mus,
222 475 363 511 scilicet
381 475 519 511 actuali
538 486 545 519 ;
564 475 618 511 vel
634 474 776 511 inflicto
792 477 891 522 quod

108 522 351 566 sustinemus,
393 522 535 558 scilicet
564 522 719 568 poenali,
759 522 795 558 id
836 527 891 559 est

104 579 220 616 poena
236 569 494 615 consequenti.
518 570 597 613 Vel,
620 580 642 605 a
656 570 754 606 malo
775 571 890 615 omui,

103 615 242 652 visibili
269 620 305 653 et
340 616 533 658 invisibili,
563 617 599 652 id
620 621 677 653 est
705 617 822 663 culpa}
857 622 891 654 et

102 672 249 710 poenae;
289 664 360 707 vel,
400 675 421 700 a
455 665 554 700 malo
589 663 706 707 omui,
751 665 892 701 scilicet

100 711 309 758 praeterito,
331 711 523 758 prmsenti,
544 715 657 757 atque
684 712 824 749 futuro.
850 715 891 748 Et

101 759 311 800 notandum
336 759 437 804 quod
458 759 537 794 llaec
564 759 694 805 petitio
727 770 802 795 uon
835 761 890 796 in-

100 808 283 857 telligitur
311 806 356 842 de
378 807 475 842 malo
507 806 626 852 culpa¹
655 807 733 851 Jam
756 818 890 853 perpe-

100 857 225 903 tratae,
265 853 353 900 quia
396 857 483 889 tune
526 853 755 890 coincideret
806 866 888 890 cum

100 904 232 949 quinta
251 900 457 948 petitione3
482 901 548 936 sed
572 901 690 947 culpae
713 901 889 938 instantis

98 947 310 999 perpetrari
345 947 548 994 possibilis,
582 959 603 984 a
632 959 706 993 quo
729 949 826 985 mal«)
849 949 890 985 li-

98 998 224 1036 berari
255 1006 323 1032 nos
347 996 523 1041 petimus,
546 1006 590 1031 ne
612 995 785 1031 videlicet
806 1007 889 1042 pec-

98 1055 239 1082 cemus.
262 1044 369 1086 ltem,
391 1053 465 1078 non
483 1042 705 1088 intelligitur
725 1043 770 1078 de
789 1044 886 1080 malo

93 1102 220 1139 poenae
252 1091 400 1132 suturae,
421 1089 511 1135 quia
539 1093 629 1125 tunc
655 1089 885 1126 coincideret

95 1140 178 1176 haec
197 1138 328 1187 petitio
351 1147 435 1172 cum
463 1137 646 1180 secunda,
669 1138 735 1173 sed
763 1148 884 1184 ptrnae

94 1184 296 1233 praesentis
312 1183 349 1219 in
367 1188 551 1230 quantum
568 1188 623 1220 cst
644 1184 751 1220 nobis
773 1196 885 1221 causa

94 1237 134 1270 et
153 1232 299 1271 occasio
323 1231 457 1268 ruinfe.
481 1233 607 1267 Potest
629 1231 742 1267 etiam
765 1233 881 1279 accipi

95 1281 143 1318 de
163 1282 263 1318 malo
282 1290 404 1326 poenae
420 1279 569 1322 suturae,
589 1278 642 1315 ita
659 1280 761 1325 quod
784 1284 885 1325 peta-

95 1339 182 1365 mus
201 1328 253 1365 sic
268 1337 336 1363 nos
358 1325 510 1362 liberari
530 1336 551 1362 a
567 1326 666 1362 malo
688 1327 880 1372 praesenti,

94 1379 136 1412 ut
155 1386 233 1412 non
253 1375 492 1411 incurramus
514 1374 652 1410 malum
680 1385 801 1420 poeuae
830 1375 885 1411 su-

94 1427 204 1460 turae.
228 1424 272 1459 Et
307 1422 354 1457 ab
375 1421 548 1457 omnibus
579 1422 771 1467 praedictis
792 1422 883 1468 poti-

93 1480 178 1507 mus
209 1468 376 1512 liberari,
413 1472 580 1511 orantes,
609 1472 645 1504 et
680 1469 881 1515 loquentes

91 1516 131 1553 in
152 1527 319 1564 persona
344 1515 534 1552 Ecclesiae.
565 1516 639 1552 Sed
671 1517 736 1562 qui
761 1517 837 1553 vult
859 1528 881 1553 a

91 1565 203 1601 malis
222 1565 390 1609 liberari,
421 1564 569 1599 studeat
589 1563 697 1599 malis
718 1564 878 1610 proximi

89 1612 268 1659 compati,
288 1611 375 1658 quia
397 1610 460 1658 qui
489 1611 566 1647 vult
587 1610 792 1656 impetrare
814 1612 881 1647 mi-

90 1659 339 1696 sericordiam
367 1670 389 1695 a
423 1660 514 1702 Deo,
550 1669 706 1695 necesse
744 1663 800 1695 est
838 1662 879 1696 ut

88 1706 268 1744 exhibeat
294 1716 377 1742 eam
404 1705 589 1752 proximo.

139 1768 152 1790 1
164 1769 177 1790 1
192 1755 393 1792 Coxcncsio
404 1765 594 1789 oaArioms
610 1755 796 1789 Domxicae
811 1765 878 1790 px-:n

86 1812 230 1839 VERBUM
243 1803 374 1838 Amen.
392 1822 434 1827 -—
448 1800 591 1837 Deinde
607 1801 778 1847 sequitur
792 1812 879 1837 con-

87 1848 206 1886 clusio
222 1848 338 1886 totius
354 1848 538 1885 orationis
554 1849 773 1895 praemissae,
792 1859 877 1884 cum

86 1896 259 1933 dicitur:
291 1897 423 1940 Amen,
463 1895 501 1932 id
535 1899 591 1932 est
623 1897 717 1932 fiant
747 1896 877 1932 omnia

85 1943 282 1991 praedicta.
295 1944 374 1987 Quo
388 1944 503 1979 verbo
519 1943 749 1979 desiderium
765 1954 876 1979 oran-

86 1991 136 2027 tis
167 1990 403 2038 exprimitur,
433 1991 521 2036 quia
549 1995 605 2027 est
632 1991 788 2027 verbum
810 2002 876 2037 op-

85 2038 244 2075 tativum
293 2042 464 2085 respectu
503 2039 690 2075 bonorum
739 2048 879 2084 prcece-

85 2085 272 2131 dentium,
309 2088 346 2122 et
373 2085 514 2132 optatio
536 2085 767 2131 impletionis
799 2096 876 2121 om-

85 2133 192 2170 nium
223 2132 442 2180 petitorum.
471 2134 549 2169 Hoc
569 2134 726 2169 verbum
759 2135 875 2169 Amen

84 2181 288 2218 addituma
301 2183 462 2226 Joanne,
480 2180 567 2227 quia
585 2180 806 2225 Angelieum
820 2184 877 2217 est

84 2227 182 2265 sicut
218 2231 256 2265 et
288 2230 468 2273 Alleluia,
494 2228 598 2264 nulla
633 2228 764 2273 lingua
781 2238 876 2274 prae-

82 2275 245 2322 sumpsit
258 2276 477 2313 transferre.
493 2278 568 2312 Hoc
577 2279 703 2312 autem
718 2277 874 2312 verbum

81 2326 141 2360 est
156 2323 371 2368 Hebraeum,
385 2327 423 2360 et
440 2334 509 2361 nec
524 2323 676 2360 Graecus
688 2323 874 2370 interpres

80 2380 198 2407 ausus
225 2375 283 2407 est
314 2370 572 2418 interpretari.
602 2382 670 2407 nee
696 2370 871 2414 Latinus,

81 2421 238 2464 propter
269 2419 521 2455 reverentiam
557 2418 778 2463 Salvatoris,
809 2418 871 2464 qui

79 2465 129 2501 ad
149 2465 452 2502 confirmandam
475 2466 674 2503 veritatem
699 2476 799 2512 saepe
823 2477 868 2502 eo

80 2515 138 2549 est
158 2522 261 2549 usus.
291 2512 350 2550 Sic
369 2513 507 2550 mansit
530 2516 566 2550 et
589 2524 665 2549 non
678 2517 734 2549 est
752 2513 869 2549 iuter-

80 2562 284 2606 pretatum,
315 2563 355 2596 ut
383 2562 568 2598 honorem
589 2561 749 2597 haberet
769 2561 868 2597 vela-

80 2610 207 2644 mento
226 2607 359 2644 secreti
375 2619 383 2653 ;
407 2619 481 2645 non
499 2612 538 2645 ut
558 2612 657 2644 esset
675 2613 868 2655 negatum,

79 2654 147 2691 sed
176 2665 225 2692 ue
262 2655 458 2692 vilesceret
492 2656 686 2692 nudatum.
713 2655 871 2692 Ponitur

79 2704 208 2739 autem
233 2703 460 2750 quandoque
491 2703 748 2749 nominaliter,
771 2707 811 2740 ut
832 2703 870 2739 in

77 2749 315 2804 Apocalypsi,
356 2751 418 2787 ubi
457 2750 614 2789 dieitur:
656 2753 738 2787 Haec
779 2752 870 2788 dicit

78 2797 210 2843 Amen,
224 2798 262 2835 id
277 2802 334 2836 est
354 2801 520 2844 Veritas,·
548 2798 776 2846 quandoque
791 2809 870 2836 ver-

972 243 1122 288 baliter,
1159 248 1198 280 ut
1234 244 1458 292 ubicumque
1495 245 1534 282 in
1555 245 1756 284 psalmista

973 290 1134 326 dicitur:
1172 293 1253 327 Fiat
1285 295 1365 337 fiat,
1401 293 1498 329 idem
1535 297 1591 329 est
1630 294 1752 340 quod:

972 338 1087 372 Amen
1108 350 1225 382 cumn,
1239 342 1275 374 et
1293 340 1343 375 sic
1355 340 1505 386 ponitur
1524 341 1559 376 iu
1577 341 1652 377 line
1673 352 1757 378 ora-

972 383 1131 426 tionum,
1149 390 1185 420 ut
1212 386 1283 430 liic;
1305 387 1529 433 quaudoque
1551 392 1675 425 autem
1693 389 1760 425 ad-

972 431 1201 476 verbialiter,
1225 437 1257 468 ut
1292 433 1326 468 iu
1359 435 1556 480 Evangelio
1589 436 1756 472 ubicum-

971 487 1043 523 que
1066 478 1226 514 dicitur:
1250 481 1378 516 Amen.
1401 482 1482 517 (lico
1500 483 1614 526 t'obz'S,
1640 483 1675 519 id
1698 486 1755 519 est

968 535 1055 560 vere
1087 528 1121 560 et
1154 526 1327 562 fideliter.
1370 529 1487 564 llabet
1516 533 1643 566 autem
1675 531 1756 566 haec

968 571 1081 607 dictio
1099 574 1232 616 Amen,
1262 574 1383 619 posita
1404 575 1439 610 iu
1461 576 1547 620 line,
1572 577 1756 623 triplis-em

969 619 1175 655 efficaciam
1196 623 1431 657 etvirtutem.
1450 624 1541 658 Nam
1564 624 1756 660 concludit

969 666 1193 711 orationem,
1223 667 1325 713 quia,
1349 670 1553 705 secundum
1577 673 1756 716 Hierony-

968 725 1078 758 mum,
1119 719 1175 750 est
1208 714 1390 751 orationis
1425 716 1674 762 signaculum,
1717 721 1755 754 ut

968 761 1065 797 sicut
1082 772 1148 808 per
1170 761 1335 807 sIgillum
1349 763 1536 799 clauditur
1552 764 1752 810 scriptura,

967 808 1019 843 sic
1046 819 1111 854 per
1125 820 1235 845 amen
1257 809 1445 846 clauditur
1466 810 1599 847 oratio.
1624 812 1755 847 Recol-

966 855 1048 901 ligit
1068 856 1182 892 etiam
1202 856 1466 902 intentionem,
1491 868 1577 894 nam
1600 859 1752 903 quando

967 903 1103 938 dicitur
1121 914 1246 948 amen,
1268 905 1424 941 intentio
1446 905 1662 941 summatim
1683 906 1754 942 ser-

966 953 1026 985 tur
1058 962 1170 997 super
1203 951 1329 987 omnia
1351 952 1628 998 praecedentia;
1655 956 1692 989 et
1723 953 1754 989 si

965 997 1105 1043 aliquid
1127 1010 1168 1033 ex
1180 998 1381 1044 fragilitate
1403 1000 1568 1036 humana
1586 1011 1654 1046 per
1674 999 1752 1036 dis-

963 1045 1187 1081 tractionem
1226 1046 1360 1082 meutis
1392 1046 1431 1082 in
1465 1047 1636 1083 oratione
1667 1048 1753 1084 abs-

964 1101 1035 1136 que
1070 1092 1204 1128 actuali
1239 1093 1450 1129 intentione
1482 1094 1753 1139 pertransitum

962 1138 1086 1179 suerit.
1112 1140 1159 1175 ad
1188 1139 1224 1175 id
1254 1140 1413 1176 intentio
1445 1142 1540 1177 redit
1562 1141 1748 1178 dicendo:

962 1187 1094 1221 Amen.
1129 1188 1307 1232 Impetrat
1330 1187 1574 1224 nihilominus
1596 1189 1752 1226 exaudi-

961 1233 1119 1277 tionem,
1143 1238 1198 1269 cst
1231 1236 1332 1270 enim
1362 1246 1463 1271 amen
1499 1235 1750 1272 exauditionis

963 1285 1277 1326 uotaetsiguum.
1302 1283 1405 1318 Unde
1428 1284 1622 1319 uubanus:
1646 1285 1750 1320 «Per

962 1327 1030 1363 lioe
1065 1329 1163 1373 quod
1193 1329 1375 1365 Dominus
1405 1330 1540 1365 dixerit
1568 1331 1752 1375 amen‚si-

959 1379 1048 1418 ,enat
1071 1376 1328 1412 indubitanter
1347 1377 1421 1413 illis
1439 1387 1461 1413 a
1482 1377 1642 1414 Domino
1664 1389 1749 1414 con-

959 1422 1046 1457 ferri
1075 1423 1203 1459 onmia
1228 1434 1309 1469 quie
1345 1424 1416 1460 rite
1447 1425 1655 1470 postulant,
1684 1425 1748 1472 qui

959 1469 1184 1506 conditionis
1222 1471 1361 1507 addito:
1407 1482 1558 1508 servare
1592 1475 1744 1519 pactum

958 1527 1033 1552 non
1063 1517 1270 1563 negligunt,
1296 1529 1379 1563 quse
1405 1519 1556 1565 quidem
1579 1520 1743 1557 conditio

957 1568 1013 1599 est
1041 1564 1232 1601 dimittere
1259 1566 1495 1602 debitoribus
1522 1567 1676 1612 nostris,
1699 1568 1746 1604 de

958 1621 1030 1656 qua
1060 1612 1200 1648 dictum
1240 1616 1321 1649 est:
1344 1627 1363 1646 »
1403 1614 1480 1649 liaec
1507 1613 1692 1650 [tabanus.
1717 1615 1745 1651 O

955 1658 1127 1703 Domine,
1170 1670 1304 1705 parum
1351 1663 1408 1697 est
1451 1661 1551 1707 quod
1587 1661 1746 1698 dixerim

955 1716 1065 1742 amen
1088 1707 1144 1743 vel
1169 1707 1236 1743 fiat
1266 1708 1444 1754 optando„
1470 1707 1541 1744 nisi
1575 1711 1617 1744 tu
1643 1709 1747 1746 dicas

954 1764 1065 1789 amen
1088 1753 1325 1801 imperando,
1351 1754 1389 1791 id
1411 1758 1467 1791 est
1493 1755 1583 1792 fiat!
1608 1756 1636 1793 Ο
1666 1767 1745 1793 ma-

954 1801 1133 1845 gnificum
1171 1805 1208 1838 et
1251 1802 1554 1839 efficacissimum
1589 1804 1745 1841 verbum

953 1849 1033 1892 fiat,
1054 1850 1124 1885 hoc
1145 1849 1245 1885 enim
1262 1851 1376 1887 verbo
1395 1854 1447 1895 tu,
1465 1849 1577 1887 Pater
1598 1861 1746 1888 summe

953 1895 991 1931 in
1016 1896 1216 1943 principio,
1238 1897 1275 1933 id
1297 1901 1352 1934 est
1381 1897 1421 1934 in
1441 1899 1564 1934 Verbo
1592 1902 1656 1934 tuo
1681 1910 1743 1935 co-

953 1947 1096 1979 aeterno
1117 1945 1245 1980 omnia
1266 1945 1415 1989 creasti,
1441 1945 1565 1981 dixisti
1587 1948 1624 1981 et
1641 1946 1741 1983 saeta

953 1994 1064 2035 sunt3
1086 1992 1158 2027 hoe
1189 1992 1303 2027 etiam
1330 1993 1444 2028 verbo
1471 2003 1541 2028 nos
1572 1993 1741 2038 perditos

953 2038 1153 2083 reparasti,
1172 2038 1319 2075 dicente
1333 2038 1396 2075 illa
1414 2039 1654 2076 sanctissima
1668 2041 1741 2077 Re-

952 2086 1140 2131 paratrice
1176 2090 1307 2122 nostra
1340 2087 1388 2122 ad
1414 2087 1622 2131 Angelum:
1658 2090 1743 2125 Fiat

952 2134 1250 2169 miltz'scczmdum
1273 2134 1420 2170 verbum
1441 2138 1542 2171 tuum
1561 2135 1568 2171 l
1591 2135 1618 2171 O
1641 2135 1742 2172 salu-

951 2180 1101 2216 tiferum
1123 2181 1278 2217 verbum
1308 2181 1388 2226 fiat,
1414 2192 1435 2218 o
1470 2192 1594 2227 amen,
1616 2193 1637 2218 o
1659 2182 1740 2228 fiat,

951 2238 972 2263 o
995 2228 1149 2264 verbum
1171 2228 1472 2274 omnipotentiae,
1495 2230 1652 2266 verbum
1671 2229 1741 2266 mi-

950 2286 1002 2311 rae
1029 2275 1229 2312 efficaciae!
1260 2276 1340 2322 Eia,
1373 2276 1423 2313 mi
1460 2277 1618 2314 Domine
1650 2279 1740 2314 Jesu

950 2322 1062 2368 bone,
1080 2324 1245 2360 Verbum
1268 2324 1405 2369 Patris,
1428 2325 1575 2371 comple
1598 2328 1637 2361 tu
1657 2335 1740 2362 ora-

948 2369 1090 2406 tionem
1112 2381 1250 2416 meam,
1282 2371 1424 2418 perfice
1444 2375 1485 2409 tu
1515 2372 1628 2409 verba
1654 2382 1739 2409 mea

948 2428 1015 2464 per
1047 2422 1082 2454 te
1115 2418 1254 2455 dictata
1275 2422 1312 2455 et
1340 2419 1378 2455 in
1405 2430 1448 2456 os
1481 2429 1606 2456 meum
1639 2430 1739 2456 com-

948 2466 1140 2511 mendata,
1162 2467 1304 2512 perfice
1323 2477 1369 2503 ea
1388 2470 1423 2503 et
1445 2466 1504 2503 dic
1526 2476 1653 2510 amen,
1676 2466 1737 2503 dic

948 2512 1028 2558 fiat,
1048 2513 1107 2549 dic
1128 2514 1220 2550 mihi
1242 2513 1337 2550 sicut
1365 2513 1489 2550 dixisti
1509 2513 1562 2549 illi
1584 2513 1733 2550 mulieri

948 2561 1274 2607 Syrophoenissae:
1309 2563 1390 2597 Fiat
1410 2562 1478 2596 tibi
1495 2563 1591 2597 sicut
1609 2563 1679 2597 vis.
1704 2561 1732 2598 Ο

946 2608 1069 2644 dulcis
1089 2619 1196 2645 amor
1219 2611 1322 2652 Jesu,
1354 2619 1375 2644 o
1396 2607 1515 2644 dulcis
1535 2607 1688 2652 veritas,
1711 2618 1732 2645 ο

945 2655 1053 2692 dulce
1067 2667 1192 2700 amen,
1206 2668 1226 2692 o
1245 2656 1353 2692 dulce
1366 2656 1521 2692 verbum
1534 2655 1599 2692 liat
1622 2667 1630 2691 :
1649 2657 1734 2692 Fiat

944 2705 1038 2739 mihi
1071 2705 1267 2740 secundum
1293 2703 1440 2739 verbum
1476 2707 1609 2748 tuum3
1649 2703 1730 2748 fiat,

944 2762 1070 2788 amen.

997 2812 1036 2836 ιε
1060 2800 1273 2835 Paruimus
1293 2811 1313 2834 A
1337 2799 1433 2835 Luci
1453 2809 1602 2835 omssAE.
1623 2819 1668 2824 —
1689 2799 1733 2834 Et
