<?xml version="1.0" encoding="UTF-8"?>
<!DOCTYPE html PUBLIC "-//W3C//DTD XHTML 1.0 Transitional//EN"
    "http://www.w3.org/TR/xhtml1/DTD/xhtml1-transitional.dtd">
<html xmlns="http://www.w3.org/1999/xhtml" xml:lang="en" lang="en">
 <head>
  <title>
</title>
<meta http-equiv="Content-Type" content="text/html;charset=utf-8" />
  <meta name='ocr-system' content='tesseract 3.04.00' />
  <meta name='ocr-capabilities' content='ocr_page ocr_carea ocr_par ocr_line ocrx_word'/>
</head>
<body>
  <div class='ocr_page' id='page_1' title='image "./vitajesuchristie01ludouoft_0229.png"; bbox 0 0 1902 3126; ppageno 0'>
   <div class='ocr_carea' id='block_1_1' title="bbox 469 190 1748 237">
    <p class='ocr_par' dir='ltr' id='par_1_1' title="bbox 469 190 1748 237">
     <span class='ocr_line' id='line_1_1' title="bbox 469 190 1748 237; baseline 0.01 -13"><span class='ocrx_word' id='word_1_1' title='bbox 469 192 519 225; x_wconf 84' lang='lat' dir='ltr'>DE</span> <span class='ocrx_word' id='word_1_2' title='bbox 557 190 691 225; x_wconf 77' lang='lat' dir='ltr'>PRIMA</span> <span class='ocrx_word' id='word_1_3' title='bbox 730 191 1066 230; x_wconf 81' lang='lat' dir='ltr'>DISCIPULORUM</span> <span class='ocrx_word' id='word_1_4' title='bbox 1105 197 1373 233; x_wconf 71' lang='lat' dir='ltr'>VOCATIONE.</span> <span class='ocrx_word' id='word_1_5' title='bbox 1689 203 1748 237; x_wconf 75' lang='lat'>2¹5</span> 
     </span>
    </p>
   </div>
   <div class='ocr_carea' id='block_1_2' title="bbox 98 260 897 2871">
    <p class='ocr_par' dir='ltr' id='par_1_2' title="bbox 101 260 897 2678">
     <span class='ocr_line' id='line_1_2' title="bbox 112 260 896 306; baseline 0.001 -9"><span class='ocrx_word' id='word_1_6' title='bbox 112 260 245 306; x_wconf 77' lang='lat' dir='ltr'>situm,</span> <span class='ocrx_word' id='word_1_7' title='bbox 269 260 488 298; x_wconf 88' lang='lat' dir='ltr'>desiderans</span> <span class='ocrx_word' id='word_1_8' title='bbox 524 271 612 297; x_wconf 85' lang='lat' dir='ltr'>eum</span> <span class='ocrx_word' id='word_1_9' title='bbox 645 261 786 298; x_wconf 86' lang='lat' dir='ltr'>habere</span> <span class='ocrx_word' id='word_1_10' title='bbox 821 262 896 298; x_wconf 79' lang='lat' dir='ltr'>sra-</span> 
     </span>
     <span class='ocr_line' id='line_1_3' title="bbox 117 307 896 353; baseline 0.001 -9"><span class='ocrx_word' id='word_1_11' title='bbox 117 312 213 344; x_wconf 88' lang='lat' dir='ltr'>trem</span> <span class='ocrx_word' id='word_1_12' title='bbox 250 308 288 344; x_wconf 90' lang='lat' dir='ltr'>in</span> <span class='ocrx_word' id='word_1_13' title='bbox 312 307 493 353; x_wconf 71' lang='lat' dir='ltr'><strong>religione</strong></span> <span class='ocrx_word' id='word_1_14' title='bbox 533 307 636 352; x_wconf 85' lang='lat' dir='ltr'>fidei,</span> <span class='ocrx_word' id='word_1_15' title='bbox 665 308 760 345; x_wconf 86' lang='lat' dir='ltr'>sicut</span> <span class='ocrx_word' id='word_1_16' title='bbox 796 313 833 346; x_wconf 87' lang='lat' dir='ltr'>et</span> <span class='ocrx_word' id='word_1_17' title='bbox 859 310 896 345; x_wconf 93' lang='lat' dir='ltr'>in</span> 
     </span>
     <span class='ocr_line' id='line_1_4' title="bbox 112 354 896 402; baseline 0.003 -11"><span class='ocrx_word' id='word_1_18' title='bbox 112 355 396 402; x_wconf 81' lang='lat' dir='ltr'>propinquitate</span> <span class='ocrx_word' id='word_1_19' title='bbox 434 354 588 390; x_wconf 88' lang='lat' dir='ltr'>carnali.</span> <span class='ocrx_word' id='word_1_20' title='bbox 631 355 771 392; x_wconf 79' lang='lat' dir='ltr'>Contra</span> <span class='ocrx_word' id='word_1_21' title='bbox 812 356 896 393; x_wconf 89' lang='lat' dir='ltr'>illos</span> 
     </span>
     <span class='ocr_line' id='line_1_5' title="bbox 115 401 893 448; baseline 0.003 -10"><span class='ocrx_word' id='word_1_22' title='bbox 115 402 178 448; x_wconf 88' lang='lat' dir='ltr'>qui</span> <span class='ocrx_word' id='word_1_23' title='bbox 199 401 369 448; x_wconf 89' lang='lat' dir='ltr'>proprios</span> <span class='ocrx_word' id='word_1_24' title='bbox 388 401 531 437; x_wconf 87' lang='lat' dir='ltr'>amicos</span> <span class='ocrx_word' id='word_1_25' title='bbox 550 403 749 439; x_wconf 85' lang='lat' dir='ltr'>retrahunt</span> <span class='ocrx_word' id='word_1_26' title='bbox 769 404 816 440; x_wconf 90' lang='lat' dir='ltr'>ab</span> <span class='ocrx_word' id='word_1_27' title='bbox 837 405 893 440; x_wconf 90' lang='lat' dir='ltr'>in-</span> 
     </span>
     <span class='ocr_line' id='line_1_6' title="bbox 114 447 896 496; baseline 0.004 -12"><span class='ocrx_word' id='word_1_28' title='bbox 114 459 246 495; x_wconf 89' lang='lat' dir='ltr'>gressu</span> <span class='ocrx_word' id='word_1_29' title='bbox 281 447 488 494; x_wconf 79' lang='lat' dir='ltr'>religionis,</span> <span class='ocrx_word' id='word_1_30' title='bbox 528 449 586 485; x_wconf 90' lang='lat' dir='ltr'>vel</span> <span class='ocrx_word' id='word_1_31' title='bbox 613 449 762 496; x_wconf 80' lang='lat' dir='ltr'>aliquos</span> <span class='ocrx_word' id='word_1_32' title='bbox 787 461 810 487; x_wconf 90' lang='lat' dir='ltr'>a</span> <span class='ocrx_word' id='word_1_33' title='bbox 835 451 896 487; x_wconf 89' lang='lat' dir='ltr'>via</span> 
     </span>
     <span class='ocr_line' id='line_1_7' title="bbox 115 494 895 535; baseline 0.005 -4"><span class='ocrx_word' id='word_1_34' title='bbox 115 494 284 532; x_wconf 87' lang='lat' dir='ltr'>veritatis</span> <span class='ocrx_word' id='word_1_35' title='bbox 315 500 353 531; x_wconf 91' lang='lat' dir='ltr'>et</span> <span class='ocrx_word' id='word_1_36' title='bbox 387 495 549 532; x_wconf 88' lang='lat' dir='ltr'>virtutis.</span> <span class='ocrx_word' id='word_1_37' title='bbox 572 499 619 532; x_wconf 81' lang='lat' dir='ltr'>Et</span> <span class='ocrx_word' id='word_1_38' title='bbox 638 498 729 534; x_wconf 76' lang='lat' dir='ltr'>dicit</span> <span class='ocrx_word' id='word_1_39' title='bbox 749 500 782 533; x_wconf 74' lang='lat' dir='ltr'>ei</span> <span class='ocrx_word' id='word_1_40' title='bbox 803 512 813 534; x_wconf 90' lang='lat'>.·</span> <span class='ocrx_word' id='word_1_41' title='bbox 833 501 895 535; x_wconf 88' lang='grc' dir='ltr'>1η-</span> 
     </span>
     <span class='ocr_line' id='line_1_8' title="bbox 112 541 897 590; baseline 0.006 -13"><span class='ocrx_word' id='word_1_42' title='bbox 112 544 287 583; x_wconf 82' lang='lat' dir='ltr'>venimus,</span> <span class='ocrx_word' id='word_1_43' title='bbox 308 541 404 578; x_wconf 88' lang='lat' dir='ltr'>sicut</span> <span class='ocrx_word' id='word_1_44' title='bbox 426 543 589 589; x_wconf 84' lang='lat' dir='ltr'>lapidem</span> <span class='ocrx_word' id='word_1_45' title='bbox 612 544 836 590; x_wconf 87' lang='lat' dir='ltr'>pretiosum,</span> <span class='ocrx_word' id='word_1_46' title='bbox 859 551 897 583; x_wconf 86' lang='lat' dir='ltr'>et</span> 
     </span>
     <span class='ocr_line' id='line_1_9' title="bbox 111 588 895 637; baseline 0.004 -11"><span class='ocrx_word' id='word_1_47' title='bbox 111 588 209 626; x_wconf 85' lang='lat' dir='ltr'>sicut</span> <span class='ocrx_word' id='word_1_48' title='bbox 243 590 464 626; x_wconf 89' lang='lat' dir='ltr'>thesaurum</span> <span class='ocrx_word' id='word_1_49' title='bbox 500 592 895 637; x_wconf 84' lang='lat' dir='ltr'>absconditum,ll1es-</span> 
     </span>
     <span class='ocr_line' id='line_1_10' title="bbox 109 635 896 687; baseline 0.008 -16"><span class='ocrx_word' id='word_1_50' title='bbox 109 638 218 678; x_wconf 74' lang='lat' dir='ltr'>siam,</span> <span class='ocrx_word' id='word_1_51' title='bbox 236 635 276 672; x_wconf 92' lang='lat' dir='ltr'>in</span> <span class='ocrx_word' id='word_1_52' title='bbox 307 638 404 682; x_wconf 83' lang='lat' dir='ltr'>Lege</span> <span class='ocrx_word' id='word_1_53' title='bbox 440 642 478 674; x_wconf 90' lang='lat' dir='ltr'>et</span> <span class='ocrx_word' id='word_1_54' title='bbox 511 639 710 685; x_wconf 77' lang='lat' dir='ltr'>Prophetis</span> <span class='ocrx_word' id='word_1_55' title='bbox 734 641 896 687; x_wconf 86' lang='lat' dir='ltr'>promis-</span> 
     </span>
     <span class='ocr_line' id='line_1_11' title="bbox 109 684 894 734; baseline 0.009 -16"><span class='ocrx_word' id='word_1_56' title='bbox 109 693 209 728; x_wconf 81' lang='lat' dir='ltr'>sum,</span> <span class='ocrx_word' id='word_1_57' title='bbox 231 693 275 720; x_wconf 83' lang='lat' dir='ltr'>ac</span> <span class='ocrx_word' id='word_1_58' title='bbox 306 684 370 720; x_wconf 90' lang='lat' dir='ltr'>diu</span> <span class='ocrx_word' id='word_1_59' title='bbox 404 689 662 732; x_wconf 86' lang='lat' dir='ltr'>exspectatum</span> <span class='ocrx_word' id='word_1_60' title='bbox 687 691 725 723; x_wconf 92' lang='lat' dir='ltr'>et</span> <span class='ocrx_word' id='word_1_61' title='bbox 757 688 894 734; x_wconf 77' lang='lat' dir='ltr'>quaesi-</span> 
     </span>
     <span class='ocr_line' id='line_1_12' title="bbox 108 732 892 780; baseline 0.009 -15"><span class='ocrx_word' id='word_1_62' title='bbox 108 733 205 775; x_wconf 87' lang='lat' dir='ltr'>tum,</span> <span class='ocrx_word' id='word_1_63' title='bbox 227 732 324 776; x_wconf 83' lang='lat' dir='ltr'>quod</span> <span class='ocrx_word' id='word_1_64' title='bbox 347 736 399 768; x_wconf 81' lang='lat' dir='ltr'>est</span> <span class='ocrx_word' id='word_1_65' title='bbox 416 735 694 780; x_wconf 69' lang='lat' dir='ltr'>interpretatu-m</span> <span class='ocrx_word' id='word_1_66' title='bbox 714 736 892 778; x_wconf 67' lang='lat' dir='ltr'>Christus,</span> 
     </span>
     <span class='ocr_line' id='line_1_13' title="bbox 109 776 892 822; baseline 0.008 -9"><span class='ocrx_word' id='word_1_67' title='bbox 109 776 149 814; x_wconf 90' lang='lat' dir='ltr'>id</span> <span class='ocrx_word' id='word_1_68' title='bbox 180 782 249 822; x_wconf 88' lang='lat' dir='ltr'>est,</span> <span class='ocrx_word' id='word_1_69' title='bbox 271 783 413 815; x_wconf 79' lang='lat' dir='ltr'>unctus.</span> <span class='ocrx_word' id='word_1_70' title='bbox 441 782 481 816; x_wconf 83' lang='lat' dir='ltr'>Et</span> <span class='ocrx_word' id='word_1_71' title='bbox 514 782 611 817; x_wconf 84' lang='lat' dir='ltr'>bene</span> <span class='ocrx_word' id='word_1_72' title='bbox 645 781 761 818; x_wconf 90' lang='lat' dir='ltr'>dicit:</span> <span class='ocrx_word' id='word_1_73' title='bbox 786 785 892 820; x_wconf 88' lang='lat' dir='ltr'>lnve-</span> 
     </span>
     <span class='ocr_line' id='line_1_14' title="bbox 109 823 896 871; baseline 0.008 -11"><span class='ocrx_word' id='word_1_74' title='bbox 109 823 252 869; x_wconf 90' lang='lat' dir='ltr'>nimus,</span> <span class='ocrx_word' id='word_1_75' title='bbox 267 826 357 871; x_wconf 83' lang='lat' dir='ltr'>quia</span> <span class='ocrx_word' id='word_1_76' title='bbox 373 827 744 865; x_wconf 81' lang='lat' dir='ltr'>sufficientersuerat</span> <span class='ocrx_word' id='word_1_77' title='bbox 761 841 782 866; x_wconf 87' lang='lat' dir='ltr'>a</span> <span class='ocrx_word' id='word_1_78' title='bbox 795 830 896 867; x_wconf 90' lang='lat' dir='ltr'>Chri—</span> 
     </span>
     <span class='ocr_line' id='line_1_15' title="bbox 110 871 895 920; baseline 0.009 -13"><span class='ocrx_word' id='word_1_79' title='bbox 110 875 169 908; x_wconf 86' lang='lat' dir='ltr'>sto</span> <span class='ocrx_word' id='word_1_80' title='bbox 190 871 411 911; x_wconf 86' lang='lat' dir='ltr'>instructus.</span> <span class='ocrx_word' id='word_1_81' title='bbox 437 876 495 920; x_wconf 88' lang='lat' dir='ltr'>Et,</span> <span class='ocrx_word' id='word_1_82' title='bbox 517 879 560 912; x_wconf 92' lang='lat' dir='ltr'>ut</span> <span class='ocrx_word' id='word_1_83' title='bbox 578 875 669 912; x_wconf 84' lang='lat' dir='ltr'>dicit</span> <span class='ocrx_word' id='word_1_84' title='bbox 689 878 801 918; x_wconf 80' lang='lat' dir='ltr'>Beda,</span> <span class='ocrx_word' id='word_1_85' title='bbox 826 879 895 914; x_wconf 90' lang='lat' dir='ltr'>hoc</span> 
     </span>
     <span class='ocr_line' id='line_1_16' title="bbox 108 921 893 968; baseline 0.008 -13"><span class='ocrx_word' id='word_1_86' title='bbox 108 923 167 956; x_wconf 90' lang='lat' dir='ltr'>est</span> <span class='ocrx_word' id='word_1_87' title='bbox 183 930 270 956; x_wconf 88' lang='lat' dir='ltr'>vere</span> <span class='ocrx_word' id='word_1_88' title='bbox 294 921 493 958; x_wconf 89' lang='lat' dir='ltr'>Dominum</span> <span class='ocrx_word' id='word_1_89' title='bbox 528 923 711 968; x_wconf 86' lang='lat' dir='ltr'>invenire,</span> <span class='ocrx_word' id='word_1_90' title='bbox 733 935 822 961; x_wconf 88' lang='lat' dir='ltr'>vera</span> <span class='ocrx_word' id='word_1_91' title='bbox 848 925 893 961; x_wconf 92' lang='lat' dir='ltr'>il-</span> 
     </span>
     <span class='ocr_line' id='line_1_17' title="bbox 106 965 893 1018; baseline 0.009 -16"><span class='ocrx_word' id='word_1_92' title='bbox 106 965 182 1003; x_wconf 89' lang='lat' dir='ltr'>lius</span> <span class='ocrx_word' id='word_1_93' title='bbox 209 967 409 1006; x_wconf 79' lang='lat' dir='ltr'>dilectione</span> <span class='ocrx_word' id='word_1_94' title='bbox 434 971 592 1014; x_wconf 79' lang='lat' dir='ltr'>fervere,</span> <span class='ocrx_word' id='word_1_95' title='bbox 613 971 787 1008; x_wconf 78' lang='lat' dir='ltr'>sraternae</span> <span class='ocrx_word' id='word_1_96' title='bbox 805 983 893 1018; x_wconf 85' lang='lat' dir='ltr'>quo-</span> 
     </span>
     <span class='ocr_line' id='line_1_18' title="bbox 111 1016 892 1064; baseline 0.006 -14"><span class='ocrx_word' id='word_1_97' title='bbox 111 1023 185 1059; x_wconf 90' lang='lat' dir='ltr'>que</span> <span class='ocrx_word' id='word_1_98' title='bbox 221 1016 355 1052; x_wconf 86' lang='lat' dir='ltr'>salutis</span> <span class='ocrx_word' id='word_1_99' title='bbox 396 1028 526 1053; x_wconf 89' lang='lat' dir='ltr'>curam</span> <span class='ocrx_word' id='word_1_100' title='bbox 562 1028 708 1064; x_wconf 77' lang='lat' dir='ltr'>gerere.</span> <span class='ocrx_word' id='word_1_101' title='bbox 737 1021 892 1056; x_wconf 73' lang='lat' dir='ltr'>Messius</span> 
     </span>
     <span class='ocr_line' id='line_1_19' title="bbox 107 1066 892 1116; baseline 0.008 -14"><span class='ocrx_word' id='word_1_102' title='bbox 107 1066 305 1112; x_wconf 87' lang='lat' dir='ltr'>Hebraice,</span> <span class='ocrx_word' id='word_1_103' title='bbox 345 1072 489 1114; x_wconf 80' lang='grc' dir='ltr'>χριστὸς</span> <span class='ocrx_word' id='word_1_104' title='bbox 516 1071 659 1116; x_wconf 82' lang='lat' dir='ltr'>Graece,</span> <span class='ocrx_word' id='word_1_105' title='bbox 689 1076 726 1108; x_wconf 92' lang='lat' dir='ltr'>et</span> <span class='ocrx_word' id='word_1_106' title='bbox 764 1077 892 1109; x_wconf 75' lang='lat' dir='ltr'>unctus</span> 
     </span>
     <span class='ocr_line' id='line_1_20' title="bbox 107 1113 893 1164; baseline 0.009 -15"><span class='ocrx_word' id='word_1_107' title='bbox 107 1113 238 1151; x_wconf 85' lang='lat' dir='ltr'>Latine</span> <span class='ocrx_word' id='word_1_108' title='bbox 284 1116 443 1162; x_wconf 76' lang='lat' dir='ltr'>dicitur3</span> <span class='ocrx_word' id='word_1_109' title='bbox 487 1118 658 1154; x_wconf 86' lang='lat' dir='ltr'>Christus</span> <span class='ocrx_word' id='word_1_110' title='bbox 702 1120 801 1155; x_wconf 90' lang='lat' dir='ltr'>enim</span> <span class='ocrx_word' id='word_1_111' title='bbox 819 1148 828 1164; x_wconf 90' lang='lat'>,</span> <span class='ocrx_word' id='word_1_112' title='bbox 872 1131 893 1156; x_wconf 88' lang='lat' dir='ltr'>a</span> 
     </span>
     <span class='ocr_line' id='line_1_21' title="bbox 108 1160 891 1208; baseline 0.009 -12"><span class='ocrx_word' id='word_1_113' title='bbox 108 1160 325 1208; x_wconf 88' lang='lat' dir='ltr'>chrismate,</span> <span class='ocrx_word' id='word_1_114' title='bbox 346 1163 383 1200; x_wconf 88' lang='lat' dir='ltr'>id</span> <span class='ocrx_word' id='word_1_115' title='bbox 405 1170 461 1200; x_wconf 91' lang='lat' dir='ltr'>est</span> <span class='ocrx_word' id='word_1_116' title='bbox 484 1170 620 1202; x_wconf 90' lang='lat' dir='ltr'>unctus</span> <span class='ocrx_word' id='word_1_117' title='bbox 641 1167 688 1202; x_wconf 88' lang='lat' dir='ltr'>ab</span> <span class='ocrx_word' id='word_1_118' title='bbox 711 1168 891 1203; x_wconf 88' lang='lat' dir='ltr'>unctione</span> 
     </span>
     <span class='ocr_line' id='line_1_22' title="bbox 105 1206 891 1257; baseline 0.009 -14"><span class='ocrx_word' id='word_1_119' title='bbox 105 1206 259 1252; x_wconf 87' lang='lat' dir='ltr'>dicitur,</span> <span class='ocrx_word' id='word_1_120' title='bbox 280 1221 302 1247; x_wconf 89' lang='lat' dir='ltr'>a</span> <span class='ocrx_word' id='word_1_121' title='bbox 322 1222 397 1257; x_wconf 81' lang='lat' dir='ltr'>quo</span> <span class='ocrx_word' id='word_1_122' title='bbox 431 1223 562 1248; x_wconf 90' lang='lat' dir='ltr'>omnes</span> <span class='ocrx_word' id='word_1_123' title='bbox 596 1213 799 1250; x_wconf 79' lang='lat' dir='ltr'>Christiani</span> <span class='ocrx_word' id='word_1_124' title='bbox 821 1226 891 1250; x_wconf 91' lang='lat' dir='ltr'>un-</span> 
     </span>
     <span class='ocr_line' id='line_1_23' title="bbox 106 1259 892 1306; baseline 0.009 -15"><span class='ocrx_word' id='word_1_125' title='bbox 106 1260 260 1301; x_wconf 89' lang='lat' dir='ltr'>guntur.</span> <span class='ocrx_word' id='word_1_126' title='bbox 277 1259 340 1294; x_wconf 92' lang='lat' dir='ltr'>llle</span> <span class='ocrx_word' id='word_1_127' title='bbox 355 1263 481 1295; x_wconf 90' lang='lat' dir='ltr'>autem</span> <span class='ocrx_word' id='word_1_128' title='bbox 499 1260 743 1306; x_wconf 74' lang='lat' dir='ltr'>singulariter</span> <span class='ocrx_word' id='word_1_129' title='bbox 757 1267 892 1298; x_wconf 88' lang='lat' dir='ltr'>unctus</span> 
     </span>
     <span class='ocr_line' id='line_1_24' title="bbox 106 1304 891 1354; baseline 0.008 -16"><span class='ocrx_word' id='word_1_130' title='bbox 106 1307 180 1347; x_wconf 89' lang='lat' dir='ltr'>est,</span> <span class='ocrx_word' id='word_1_131' title='bbox 218 1304 302 1340; x_wconf 89' lang='lat' dir='ltr'>oleo</span> <span class='ocrx_word' id='word_1_132' title='bbox 335 1305 527 1350; x_wconf 79' lang='lat' dir='ltr'>invisibili,</span> <span class='ocrx_word' id='word_1_133' title='bbox 566 1308 707 1343; x_wconf 84' lang='lat' dir='ltr'>scilicet</span> <span class='ocrx_word' id='word_1_134' title='bbox 730 1309 891 1354; x_wconf 80' lang='lat' dir='ltr'>Spiritus</span> 
     </span>
     <span class='ocr_line' id='line_1_25' title="bbox 107 1349 890 1400; baseline 0.009 -15"><span class='ocrx_word' id='word_1_135' title='bbox 107 1349 247 1392; x_wconf 79' lang='lat' dir='ltr'>Sancti,</span> <span class='ocrx_word' id='word_1_136' title='bbox 273 1363 350 1398; x_wconf 81' lang='lat' dir='ltr'>prae</span> <span class='ocrx_word' id='word_1_137' title='bbox 382 1354 627 1400; x_wconf 78' lang='lat' dir='ltr'>participibus</span> <span class='ocrx_word' id='word_1_138' title='bbox 651 1355 742 1391; x_wconf 86' lang='lat' dir='ltr'>suis.</span> <span class='ocrx_word' id='word_1_139' title='bbox 770 1356 890 1392; x_wconf 82' lang='lat' dir='ltr'>Parti-</span> 
     </span>
     <span class='ocr_line' id='line_1_26' title="bbox 107 1396 888 1447; baseline 0.009 -15"><span class='ocrx_word' id='word_1_140' title='bbox 107 1396 209 1443; x_wconf 88' lang='lat' dir='ltr'>cipes</span> <span class='ocrx_word' id='word_1_141' title='bbox 241 1399 341 1435; x_wconf 90' lang='lat' dir='ltr'>enim</span> <span class='ocrx_word' id='word_1_142' title='bbox 363 1401 445 1446; x_wconf 85' lang='lat' dir='ltr'>ejus</span> <span class='ocrx_word' id='word_1_143' title='bbox 467 1407 554 1437; x_wconf 88' lang='lat' dir='ltr'>sunt</span> <span class='ocrx_word' id='word_1_144' title='bbox 584 1413 716 1438; x_wconf 86' lang='lat' dir='ltr'>omnes</span> <span class='ocrx_word' id='word_1_145' title='bbox 748 1403 888 1447; x_wconf 81' lang='lat' dir='ltr'>Sancti,</span> 
     </span>
     <span class='ocr_line' id='line_1_27' title="bbox 106 1444 889 1496; baseline 0.008 -16"><span class='ocrx_word' id='word_1_146' title='bbox 106 1444 196 1490; x_wconf 86' lang='lat' dir='ltr'>quia</span> <span class='ocrx_word' id='word_1_147' title='bbox 222 1445 294 1482; x_wconf 91' lang='lat' dir='ltr'>isto</span> <span class='ocrx_word' id='word_1_148' title='bbox 327 1448 410 1483; x_wconf 90' lang='lat' dir='ltr'>oleo</span> <span class='ocrx_word' id='word_1_149' title='bbox 445 1454 642 1494; x_wconf 86' lang='lat' dir='ltr'>unguntur</span> <span class='ocrx_word' id='word_1_150' title='bbox 659 1454 696 1486; x_wconf 88' lang='lat' dir='ltr'>et</span> <span class='ocrx_word' id='word_1_151' title='bbox 719 1450 802 1496; x_wconf 89' lang='lat' dir='ltr'>ipsi,</span> <span class='ocrx_word' id='word_1_152' title='bbox 825 1452 889 1486; x_wconf 91' lang='lat' dir='ltr'>sed</span> 
     </span>
     <span class='ocr_line' id='line_1_28' title="bbox 102 1490 890 1543; baseline 0.008 -16"><span class='ocrx_word' id='word_1_153' title='bbox 102 1490 169 1528; x_wconf 84' lang='lat' dir='ltr'>ille</span> <span class='ocrx_word' id='word_1_154' title='bbox 194 1497 250 1529; x_wconf 88' lang='lat' dir='ltr'>est</span> <span class='ocrx_word' id='word_1_155' title='bbox 270 1494 516 1541; x_wconf 82' lang='lat' dir='ltr'>singulariter</span> <span class='ocrx_word' id='word_1_156' title='bbox 535 1501 701 1541; x_wconf 85' lang='lat' dir='ltr'>sanctus,</span> <span class='ocrx_word' id='word_1_157' title='bbox 725 1497 890 1543; x_wconf 81' lang='lat' dir='ltr'>singula-</span> 
     </span>
     <span class='ocr_line' id='line_1_29' title="bbox 104 1538 890 1588; baseline 0.008 -14"><span class='ocrx_word' id='word_1_158' title='bbox 104 1538 198 1575; x_wconf 85' lang='lat' dir='ltr'>riter</span> <span class='ocrx_word' id='word_1_159' title='bbox 234 1546 381 1578; x_wconf 88' lang='lat' dir='ltr'>unctus.</span> <span class='ocrx_word' id='word_1_160' title='bbox 408 1545 510 1580; x_wconf 84' lang='lat' dir='ltr'>Unde</span> <span class='ocrx_word' id='word_1_161' title='bbox 545 1545 705 1588; x_wconf 65' lang='lat' dir='ltr'>Cyrinus</span> <span class='ocrx_word' id='word_1_162' title='bbox 726 1558 736 1580; x_wconf 89' lang='lat'>:</span> <span class='ocrx_word' id='word_1_163' title='bbox 759 1558 776 1578; x_wconf 94' lang='lat'>«</span> <span class='ocrx_word' id='word_1_164' title='bbox 806 1545 890 1580; x_wconf 90' lang='lat' dir='ltr'>Fuit</span> 
     </span>
     <span class='ocr_line' id='line_1_30' title="bbox 102 1589 886 1637; baseline 0.009 -16"><span class='ocrx_word' id='word_1_165' title='bbox 102 1589 230 1623; x_wconf 84' lang='lat' dir='ltr'>autem</span> <span class='ocrx_word' id='word_1_166' title='bbox 247 1594 383 1625; x_wconf 89' lang='lat' dir='ltr'>unctus</span> <span class='ocrx_word' id='word_1_167' title='bbox 395 1591 566 1627; x_wconf 81' lang='lat' dir='ltr'>Salvator</span> <span class='ocrx_word' id='word_1_168' title='bbox 579 1591 717 1637; x_wconf 87' lang='lat' dir='ltr'>Spiritu</span> <span class='ocrx_word' id='word_1_169' title='bbox 735 1594 886 1636; x_wconf 88' lang='lat' dir='ltr'>Sancto,</span> 
     </span>
     <span class='ocr_line' id='line_1_31' title="bbox 103 1632 885 1685; baseline 0.009 -17"><span class='ocrx_word' id='word_1_170' title='bbox 103 1632 323 1672; x_wconf 87' lang='lat' dir='ltr'>humanitus</span> <span class='ocrx_word' id='word_1_171' title='bbox 362 1637 399 1673; x_wconf 84' lang='lat' dir='ltr'>in</span> <span class='ocrx_word' id='word_1_172' title='bbox 432 1638 554 1674; x_wconf 83' lang='lat' dir='ltr'>forma</span> <span class='ocrx_word' id='word_1_173' title='bbox 586 1638 699 1683; x_wconf 87' lang='lat' dir='ltr'>servi,</span> <span class='ocrx_word' id='word_1_174' title='bbox 726 1650 885 1685; x_wconf 89' lang='lat' dir='ltr'>ungens,</span> 
     </span>
     <span class='ocr_line' id='line_1_32' title="bbox 104 1682 886 1730; baseline 0.008 -14"><span class='ocrx_word' id='word_1_175' title='bbox 104 1683 148 1717; x_wconf 93' lang='lat' dir='ltr'>ut</span> <span class='ocrx_word' id='word_1_176' title='bbox 163 1682 277 1727; x_wconf 92' lang='lat' dir='ltr'>Deus,</span> <span class='ocrx_word' id='word_1_177' title='bbox 297 1683 437 1730; x_wconf 89' lang='lat' dir='ltr'>Spiritu</span> <span class='ocrx_word' id='word_1_178' title='bbox 460 1686 609 1730; x_wconf 85' lang='lat' dir='ltr'>Sancto,</span> <span class='ocrx_word' id='word_1_179' title='bbox 634 1687 830 1723; x_wconf 85' lang='lat' dir='ltr'>credentes</span> <span class='ocrx_word' id='word_1_180' title='bbox 849 1686 886 1722; x_wconf 91' lang='lat' dir='ltr'>in</span> 
     </span>
     <span class='ocr_line' id='line_1_33' title="bbox 104 1731 887 1779; baseline 0.009 -16"><span class='ocrx_word' id='word_1_181' title='bbox 104 1737 206 1764; x_wconf 88' lang='lat' dir='ltr'>eum.</span> <span class='ocrx_word' id='word_1_182' title='bbox 234 1742 251 1763; x_wconf 91' lang='lat'>»</span> <span class='ocrx_word' id='word_1_183' title='bbox 272 1731 443 1769; x_wconf 86' lang='lat' dir='ltr'>Christus</span> <span class='ocrx_word' id='word_1_184' title='bbox 463 1744 553 1779; x_wconf 88' lang='lat' dir='ltr'>ergo</span> <span class='ocrx_word' id='word_1_185' title='bbox 578 1737 635 1770; x_wconf 85' lang='lat' dir='ltr'>est</span> <span class='ocrx_word' id='word_1_186' title='bbox 665 1735 739 1769; x_wconf 84' lang='lat' dir='ltr'>Rex</span> <span class='ocrx_word' id='word_1_187' title='bbox 766 1737 803 1770; x_wconf 87' lang='lat' dir='ltr'>et</span> <span class='ocrx_word' id='word_1_188' title='bbox 825 1735 887 1770; x_wconf 89' lang='lat' dir='ltr'>Sa·</span> 
     </span>
     <span class='ocr_line' id='line_1_34' title="bbox 103 1776 887 1824; baseline 0.008 -13"><span class='ocrx_word' id='word_1_189' title='bbox 103 1776 236 1813; x_wconf 90' lang='lat' dir='ltr'>cerdos</span> <span class='ocrx_word' id='word_1_190' title='bbox 256 1783 409 1824; x_wconf 89' lang='lat' dir='ltr'>unctus,</span> <span class='ocrx_word' id='word_1_191' title='bbox 438 1792 513 1816; x_wconf 91' lang='lat' dir='ltr'>non</span> <span class='ocrx_word' id='word_1_192' title='bbox 543 1781 721 1817; x_wconf 86' lang='lat' dir='ltr'>unctione</span> <span class='ocrx_word' id='word_1_193' title='bbox 756 1782 887 1818; x_wconf 83' lang='lat' dir='ltr'>huma-</span> 
     </span>
     <span class='ocr_line' id='line_1_35' title="bbox 104 1825 886 1874; baseline 0.009 -16"><span class='ocrx_word' id='word_1_194' title='bbox 104 1832 169 1867; x_wconf 90' lang='lat' dir='ltr'>na,</span> <span class='ocrx_word' id='word_1_195' title='bbox 192 1825 257 1861; x_wconf 85' lang='lat' dir='ltr'>sed</span> <span class='ocrx_word' id='word_1_196' title='bbox 280 1825 421 1872; x_wconf 86' lang='lat' dir='ltr'>divina,</span> <span class='ocrx_word' id='word_1_197' title='bbox 451 1828 541 1874; x_wconf 83' lang='lat' dir='ltr'>quia</span> <span class='ocrx_word' id='word_1_198' title='bbox 573 1828 613 1864; x_wconf 90' lang='lat' dir='ltr'>in</span> <span class='ocrx_word' id='word_1_199' title='bbox 648 1828 886 1865; x_wconf 88' lang='lat' dir='ltr'>humanitate</span> 
     </span>
     <span class='ocr_line' id='line_1_36' title="bbox 101 1872 888 1922; baseline 0.01 -17"><span class='ocrx_word' id='word_1_200' title='bbox 101 1879 172 1916; x_wconf 91' lang='lat' dir='ltr'>pro</span> <span class='ocrx_word' id='word_1_201' title='bbox 210 1872 320 1909; x_wconf 91' lang='lat' dir='ltr'>nobis</span> <span class='ocrx_word' id='word_1_202' title='bbox 356 1879 564 1922; x_wconf 87' lang='lat' dir='ltr'>assumpta,</span> <span class='ocrx_word' id='word_1_203' title='bbox 601 1875 674 1912; x_wconf 80' lang='lat' dir='ltr'>fuit</span> <span class='ocrx_word' id='word_1_204' title='bbox 708 1880 844 1913; x_wconf 89' lang='lat' dir='ltr'>unctus</span> <span class='ocrx_word' id='word_1_205' title='bbox 866 1888 888 1912; x_wconf 90' lang='lat' dir='ltr'>a</span> 
     </span>
     <span class='ocr_line' id='line_1_37' title="bbox 105 1918 888 1970; baseline 0.01 -18"><span class='ocrx_word' id='word_1_206' title='bbox 105 1918 183 1954; x_wconf 89' lang='lat' dir='ltr'>Deo</span> <span class='ocrx_word' id='word_1_207' title='bbox 206 1920 330 1964; x_wconf 85' lang='lat' dir='ltr'>Patre,</span> <span class='ocrx_word' id='word_1_208' title='bbox 353 1922 429 1958; x_wconf 91' lang='lat' dir='ltr'>imo</span> <span class='ocrx_word' id='word_1_209' title='bbox 451 1934 472 1959; x_wconf 91' lang='lat' dir='ltr'>a</span> <span class='ocrx_word' id='word_1_210' title='bbox 493 1927 571 1959; x_wconf 87' lang='lat' dir='ltr'>tota</span> <span class='ocrx_word' id='word_1_211' title='bbox 600 1923 796 1968; x_wconf 90' lang='lat' dir='ltr'>Trinitate,</span> <span class='ocrx_word' id='word_1_212' title='bbox 812 1925 888 1970; x_wconf 88' lang='lat' dir='ltr'>ple-</span> 
     </span>
     <span class='ocr_line' id='line_1_38' title="bbox 105 1964 886 2016; baseline 0.012 -17"><span class='ocrx_word' id='word_1_213' title='bbox 105 1964 280 2003; x_wconf 88' lang='lat' dir='ltr'>nitudine</span> <span class='ocrx_word' id='word_1_214' title='bbox 305 1970 451 2014; x_wconf 83' lang='lat' dir='ltr'>gratiae,</span> <span class='ocrx_word' id='word_1_215' title='bbox 476 1970 572 2006; x_wconf 89' lang='lat' dir='ltr'>sicut</span> <span class='ocrx_word' id='word_1_216' title='bbox 596 1972 718 2016; x_wconf 82' lang='lat' dir='ltr'>Reges</span> <span class='ocrx_word' id='word_1_217' title='bbox 748 1976 786 2007; x_wconf 89' lang='lat' dir='ltr'>et</span> <span class='ocrx_word' id='word_1_218' title='bbox 821 1973 886 2007; x_wconf 89' lang='lat' dir='ltr'>Sa-</span> 
     </span>
     <span class='ocr_line' id='line_1_39' title="bbox 104 2013 886 2054; baseline 0.009 -7"><span class='ocrx_word' id='word_1_219' title='bbox 104 2013 278 2051; x_wconf 88' lang='lat' dir='ltr'>cerdotes</span> <span class='ocrx_word' id='word_1_220' title='bbox 312 2016 347 2052; x_wconf 90' lang='lat' dir='ltr'>in</span> <span class='ocrx_word' id='word_1_221' title='bbox 384 2017 507 2054; x_wconf 90' lang='lat' dir='ltr'>Veteri</span> <span class='ocrx_word' id='word_1_222' title='bbox 541 2019 781 2054; x_wconf 85' lang='lat' dir='ltr'>Testamento</span> <span class='ocrx_word' id='word_1_223' title='bbox 815 2029 886 2054; x_wconf 90' lang='lat' dir='ltr'>un-</span> 
     </span>
     <span class='ocr_line' id='line_1_40' title="bbox 104 2060 889 2111; baseline 0.008 -16"><span class='ocrx_word' id='word_1_224' title='bbox 104 2060 292 2106; x_wconf 87' lang='lat' dir='ltr'>gebantur</span> <span class='ocrx_word' id='word_1_225' title='bbox 309 2065 494 2111; x_wconf 89' lang='lat' dir='ltr'>corporali</span> <span class='ocrx_word' id='word_1_226' title='bbox 516 2065 706 2109; x_wconf 83' lang='lat' dir='ltr'>unctione,</span> <span class='ocrx_word' id='word_1_227' title='bbox 735 2069 778 2101; x_wconf 93' lang='lat' dir='ltr'>ut</span> <span class='ocrx_word' id='word_1_228' title='bbox 797 2065 889 2101; x_wconf 88' lang='lat' dir='ltr'>dicit</span> 
     </span>
     <span class='ocr_line' id='line_1_41' title="bbox 104 2107 886 2158; baseline 0.01 -17"><span class='ocrx_word' id='word_1_229' title='bbox 104 2107 276 2146; x_wconf 78' lang='lat' dir='ltr'>Albinus.</span> <span class='ocrx_word' id='word_1_230' title='bbox 301 2113 340 2148; x_wconf 92' lang='lat' dir='ltr'>In</span> <span class='ocrx_word' id='word_1_231' title='bbox 362 2113 448 2157; x_wconf 85' lang='lat' dir='ltr'>tide,</span> <span class='ocrx_word' id='word_1_232' title='bbox 473 2124 548 2149; x_wconf 90' lang='lat' dir='ltr'>non</span> <span class='ocrx_word' id='word_1_233' title='bbox 566 2113 751 2158; x_wconf 81' lang='lat' dir='ltr'>quaeritur</span> <span class='ocrx_word' id='word_1_234' title='bbox 769 2124 886 2149; x_wconf 90' lang='lat' dir='ltr'>anno-</span> 
     </span>
     <span class='ocr_line' id='line_1_42' title="bbox 104 2158 886 2207; baseline 0.009 -18"><span class='ocrx_word' id='word_1_235' title='bbox 104 2164 190 2191; x_wconf 88' lang='lat' dir='ltr'>rum</span> <span class='ocrx_word' id='word_1_236' title='bbox 207 2158 422 2204; x_wconf 90' lang='lat' dir='ltr'>multitudo,</span> <span class='ocrx_word' id='word_1_237' title='bbox 436 2171 501 2196; x_wconf 90' lang='lat' dir='ltr'>nec</span> <span class='ocrx_word' id='word_1_238' title='bbox 513 2161 696 2207; x_wconf 84' lang='lat' dir='ltr'>paucitas.</span> <span class='ocrx_word' id='word_1_239' title='bbox 714 2160 886 2196; x_wconf 82' lang='lat' dir='ltr'>Andreas</span> 
     </span>
     <span class='ocr_line' id='line_1_43' title="bbox 108 2202 885 2252; baseline 0.006 -14"><span class='ocrx_word' id='word_1_240' title='bbox 108 2202 232 2239; x_wconf 90' lang='lat' dir='ltr'>minor</span> <span class='ocrx_word' id='word_1_241' title='bbox 256 2212 337 2243; x_wconf 85' lang='lat' dir='ltr'>erat</span> <span class='ocrx_word' id='word_1_242' title='bbox 358 2208 523 2252; x_wconf 80' lang='lat' dir='ltr'>Simone,</span> <span class='ocrx_word' id='word_1_243' title='bbox 547 2212 676 2252; x_wconf 81' lang='lat' dir='ltr'>aetate3</span> <span class='ocrx_word' id='word_1_244' title='bbox 699 2211 737 2244; x_wconf 88' lang='lat' dir='ltr'>et</span> <span class='ocrx_word' id='word_1_245' title='bbox 761 2212 885 2243; x_wconf 87' lang='lat' dir='ltr'>tamen</span> 
     </span>
     <span class='ocr_line' id='line_1_44' title="bbox 106 2250 886 2301; baseline 0.008 -17"><span class='ocrx_word' id='word_1_246' title='bbox 106 2250 235 2287; x_wconf 88' lang='lat' dir='ltr'>Jesum</span> <span class='ocrx_word' id='word_1_247' title='bbox 259 2255 380 2300; x_wconf 90' lang='lat' dir='ltr'>primo</span> <span class='ocrx_word' id='word_1_248' title='bbox 414 2255 570 2299; x_wconf 73' lang='lat' dir='ltr'>invenit,</span> <span class='ocrx_word' id='word_1_249' title='bbox 601 2255 802 2301; x_wconf 77' lang='lat' dir='ltr'>statimque</span> <span class='ocrx_word' id='word_1_250' title='bbox 831 2255 886 2290; x_wconf 92' lang='lat' dir='ltr'>in-</span> 
     </span>
     <span class='ocr_line' id='line_1_45' title="bbox 105 2301 886 2347; baseline 0.009 -16"><span class='ocrx_word' id='word_1_251' title='bbox 105 2301 259 2336; x_wconf 88' lang='lat' dir='ltr'>ventum</span> <span class='ocrx_word' id='word_1_252' title='bbox 292 2302 441 2338; x_wconf 87' lang='lat' dir='ltr'>nuntiat</span> <span class='ocrx_word' id='word_1_253' title='bbox 471 2303 592 2347; x_wconf 78' lang='lat' dir='ltr'>tratri,</span> <span class='ocrx_word' id='word_1_254' title='bbox 618 2303 829 2339; x_wconf 83' lang='lat' dir='ltr'>traditurus</span> <span class='ocrx_word' id='word_1_255' title='bbox 851 2302 886 2338; x_wconf 88' lang='lat' dir='ltr'>ei</span> 
     </span>
     <span class='ocr_line' id='line_1_46' title="bbox 104 2343 884 2396; baseline 0.006 -16"><span class='ocrx_word' id='word_1_256' title='bbox 104 2343 300 2396; x_wconf 81' lang='lat' dir='ltr'>bonaquae</span> <span class='ocrx_word' id='word_1_257' title='bbox 312 2349 497 2396; x_wconf 83' lang='lat' dir='ltr'>suscepit3</span> <span class='ocrx_word' id='word_1_258' title='bbox 517 2355 557 2386; x_wconf 93' lang='lat' dir='ltr'>ut</span> <span class='ocrx_word' id='word_1_259' title='bbox 571 2351 667 2387; x_wconf 87' lang='lat' dir='ltr'>sicut</span> <span class='ocrx_word' id='word_1_260' title='bbox 685 2350 884 2396; x_wconf 83' lang='lat' dir='ltr'>sanguine,</span> 
     </span>
     <span class='ocr_line' id='line_1_47' title="bbox 106 2398 888 2444; baseline 0.008 -17"><span class='ocrx_word' id='word_1_261' title='bbox 106 2401 159 2427; x_wconf 84' lang='lat' dir='ltr'>Slc</span> <span class='ocrx_word' id='word_1_262' title='bbox 185 2402 388 2438; x_wconf 85' lang='lat' dir='ltr'>germanus</span> <span class='ocrx_word' id='word_1_263' title='bbox 419 2401 515 2434; x_wconf 81' lang='lat' dir='ltr'>cssct</span> <span class='ocrx_word' id='word_1_264' title='bbox 535 2402 573 2434; x_wconf 90' lang='lat' dir='ltr'>et</span> <span class='ocrx_word' id='word_1_265' title='bbox 594 2399 668 2434; x_wconf 84' lang='lat' dir='ltr'>fide</span> <span class='ocrx_word' id='word_1_266' title='bbox 692 2409 700 2433; x_wconf 81' lang='lat' dir='ltr'><strong><em>z</em></strong></span> <span class='ocrx_word' id='word_1_267' title='bbox 723 2408 811 2433; x_wconf 90' lang='lat' dir='ltr'>vera</span> <span class='ocrx_word' id='word_1_268' title='bbox 835 2398 888 2444; x_wconf 92' lang='lat' dir='ltr'>pi-</span> 
     </span>
     <span class='ocr_line' id='line_1_48' title="bbox 108 2441 886 2485; baseline 0.004 -8"><span class='ocrx_word' id='word_1_269' title='bbox 108 2441 204 2485; x_wconf 81' lang='lat' dir='ltr'>etas,</span> <span class='ocrx_word' id='word_1_270' title='bbox 245 2443 372 2479; x_wconf 90' lang='lat' dir='ltr'>statim</span> <span class='ocrx_word' id='word_1_271' title='bbox 427 2446 647 2482; x_wconf 85' lang='lat' dir='ltr'>thesaurum</span> <span class='ocrx_word' id='word_1_272' title='bbox 693 2445 886 2481; x_wconf 86' lang='lat' dir='ltr'>inventum</span> 
     </span>
     <span class='ocr_line' id='line_1_49' title="bbox 105 2485 887 2539; baseline 0.01 -18"><span class='ocrx_word' id='word_1_273' title='bbox 105 2485 214 2538; x_wconf 61' lang='lat' dir='ltr'>tratri</span> <span class='ocrx_word' id='word_1_274' title='bbox 248 2491 447 2536; x_wconf 86' lang='lat' dir='ltr'>nuntiavit,</span> <span class='ocrx_word' id='word_1_275' title='bbox 477 2493 566 2538; x_wconf 87' lang='lat' dir='ltr'>quia</span> <span class='ocrx_word' id='word_1_276' title='bbox 601 2504 688 2529; x_wconf 91' lang='lat' dir='ltr'>eum</span> <span class='ocrx_word' id='word_1_277' title='bbox 723 2492 887 2539; x_wconf 88' lang='lat' dir='ltr'>primum</span> 
     </span>
     <span class='ocr_line' id='line_1_50' title="bbox 102 2536 885 2586; baseline 0.006 -15"><span class='ocrx_word' id='word_1_278' title='bbox 102 2536 260 2582; x_wconf 82' lang='lat' dir='ltr'>Invenit,</span> <span class='ocrx_word' id='word_1_279' title='bbox 283 2542 319 2573; x_wconf 89' lang='lat' dir='ltr'>et</span> <span class='ocrx_word' id='word_1_280' title='bbox 340 2539 369 2575; x_wconf 89' lang='lat' dir='ltr'>si</span> <span class='ocrx_word' id='word_1_281' title='bbox 395 2539 510 2575; x_wconf 87' lang='lat' dir='ltr'>alium</span> <span class='ocrx_word' id='word_1_282' title='bbox 539 2540 643 2586; x_wconf 87' lang='lat' dir='ltr'>prius</span> <span class='ocrx_word' id='word_1_283' title='bbox 667 2540 885 2584; x_wconf 89' lang='lat' dir='ltr'>invenisset,</span> 
     </span>
     <span class='ocr_line' id='line_1_51' title="bbox 103 2583 886 2630; baseline 0.003 -9"><span class='ocrx_word' id='word_1_284' title='bbox 103 2583 139 2621; x_wconf 77' lang='lat' dir='ltr'>ei</span> <span class='ocrx_word' id='word_1_285' title='bbox 173 2585 398 2630; x_wconf 81' lang='lat' dir='ltr'>nuntiasset,</span> <span class='ocrx_word' id='word_1_286' title='bbox 417 2591 452 2622; x_wconf 91' lang='lat' dir='ltr'>et</span> <span class='ocrx_word' id='word_1_287' title='bbox 476 2587 522 2623; x_wconf 89' lang='lat' dir='ltr'>ad</span> <span class='ocrx_word' id='word_1_288' title='bbox 546 2588 777 2624; x_wconf 71' lang='lat' dir='ltr'>Salvator-em</span> <span class='ocrx_word' id='word_1_289' title='bbox 799 2598 886 2624; x_wconf 91' lang='lat' dir='ltr'>eum</span> 
     </span>
     <span class='ocr_line' id='line_1_52' title="bbox 104 2632 884 2678; baseline 0 -8"><span class='ocrx_word' id='word_1_290' title='bbox 104 2632 337 2678; x_wconf 79' lang='lat' dir='ltr'>adduxisset,</span> <span class='ocrx_word' id='word_1_291' title='bbox 356 2635 482 2670; x_wconf 89' lang='lat' dir='ltr'>nullus</span> <span class='ocrx_word' id='word_1_292' title='bbox 501 2635 602 2670; x_wconf 88' lang='lat' dir='ltr'>enim</span> <span class='ocrx_word' id='word_1_293' title='bbox 623 2636 722 2671; x_wconf 90' lang='lat' dir='ltr'>bono</span> <span class='ocrx_word' id='word_1_294' title='bbox 740 2635 884 2671; x_wconf 87' lang='lat' dir='ltr'>invidit.</span> 
     </span>
    </p>

    <p class='ocr_par' dir='ltr' id='par_1_3' title="bbox 98 2681 888 2871">
     <span class='ocr_line' id='line_1_53' title="bbox 155 2681 886 2719; baseline 0.003 -3"><span class='ocrx_word' id='word_1_295' title='bbox 155 2683 176 2716; x_wconf 88' lang='lat'>6</span> <span class='ocrx_word' id='word_1_296' title='bbox 192 2681 367 2717; x_wconf 78' lang='lat' dir='ltr'>Cnmsrus</span> <span class='ocrx_word' id='word_1_297' title='bbox 383 2683 544 2718; x_wconf 51' lang='lat' dir='ltr'>Sinos-en</span> <span class='ocrx_word' id='word_1_298' title='bbox 555 2685 711 2718; x_wconf 69' lang='lat' dir='ltr'>ANDREAE</span> <span class='ocrx_word' id='word_1_299' title='bbox 726 2694 886 2719; x_wconf 66' lang='lat' dir='ltr'>ranam</span> 
     </span>
     <span class='ocr_line' id='line_1_54' title="bbox 108 2730 884 2771; baseline 0.003 -7"><span class='ocrx_word' id='word_1_300' title='bbox 108 2738 296 2765; x_wconf 70' lang='lat' dir='ltr'>liv-fumun.</span> <span class='ocrx_word' id='word_1_301' title='bbox 307 2750 353 2754; x_wconf 97' lang='lat'><strong>—</strong></span> <span class='ocrx_word' id='word_1_302' title='bbox 363 2732 409 2765; x_wconf 77' lang='lat' dir='ltr'>Et</span> <span class='ocrx_word' id='word_1_303' title='bbox 423 2730 584 2766; x_wconf 76' lang='lat' dir='ltr'>adduaeit</span> <span class='ocrx_word' id='word_1_304' title='bbox 597 2742 676 2766; x_wconf 77' lang='lat' dir='ltr'>eum</span> <span class='ocrx_word' id='word_1_305' title='bbox 690 2731 738 2766; x_wconf 78' lang='lat' dir='ltr'>ad</span> <span class='ocrx_word' id='word_1_306' title='bbox 751 2732 884 2771; x_wconf 84' lang='lat' dir='ltr'>Jesum,</span> 
     </span>
     <span class='ocr_line' id='line_1_55' title="bbox 106 2774 886 2823; baseline 0.004 -12"><span class='ocrx_word' id='word_1_307' title='bbox 106 2774 145 2811; x_wconf 89' lang='lat' dir='ltr'>id</span> <span class='ocrx_word' id='word_1_308' title='bbox 156 2779 214 2812; x_wconf 86' lang='lat' dir='ltr'>est</span> <span class='ocrx_word' id='word_1_309' title='bbox 225 2777 471 2821; x_wconf 86' lang='lat' dir='ltr'>Salvatorem,</span> <span class='ocrx_word' id='word_1_310' title='bbox 483 2777 572 2823; x_wconf 84' lang='lat' dir='ltr'>quia</span> <span class='ocrx_word' id='word_1_311' title='bbox 585 2789 660 2814; x_wconf 93' lang='lat' dir='ltr'>non</span> <span class='ocrx_word' id='word_1_312' title='bbox 671 2778 886 2814; x_wconf 84' lang='lat' dir='ltr'>confidebat</span> 
     </span>
     <span class='ocr_line' id='line_1_56' title="bbox 98 2821 888 2871; baseline 0.003 -12"><span class='ocrx_word' id='word_1_313' title='bbox 98 2821 154 2859; x_wconf 13' lang='lat' dir='ltr'>..de</span> <span class='ocrx_word' id='word_1_314' title='bbox 177 2833 231 2868; x_wconf 88' lang='lat' dir='ltr'>se,</span> <span class='ocrx_word' id='word_1_315' title='bbox 256 2824 357 2870; x_wconf 90' lang='lat' dir='ltr'>quod</span> <span class='ocrx_word' id='word_1_316' title='bbox 382 2829 510 2871; x_wconf 88' lang='lat' dir='ltr'>posset</span> <span class='ocrx_word' id='word_1_317' title='bbox 539 2836 625 2861; x_wconf 91' lang='lat' dir='ltr'>eum</span> <span class='ocrx_word' id='word_1_318' title='bbox 653 2825 888 2862; x_wconf 80' lang='lat' dir='ltr'>sufficienter</span> 
     </span>
    </p>
   </div>
   <div class='ocr_carea' id='block_1_3' title="bbox 959 264 1751 2869">
    <p class='ocr_par' dir='ltr' id='par_1_4' title="bbox 960 264 1751 2053">
     <span class='ocr_line' id='line_1_57' title="bbox 971 264 1750 317; baseline 0.013 -17"><span class='ocrx_word' id='word_1_319' title='bbox 971 264 1171 303; x_wconf 86' lang='lat' dir='ltr'>instruere.</span> <span class='ocrx_word' id='word_1_320' title='bbox 1193 270 1235 304; x_wconf 88' lang='lat' dir='ltr'>Et</span> <span class='ocrx_word' id='word_1_321' title='bbox 1255 280 1298 305; x_wconf 77' lang='lat' dir='ltr'>ex</span> <span class='ocrx_word' id='word_1_322' title='bbox 1321 271 1389 305; x_wconf 86' lang='lat' dir='ltr'>hoc</span> <span class='ocrx_word' id='word_1_323' title='bbox 1409 271 1553 317; x_wconf 80' lang='lat' dir='ltr'>accepit</span> <span class='ocrx_word' id='word_1_324' title='bbox 1571 272 1750 310; x_wconf 82' lang='lat' dir='ltr'>Ecclesiai</span> 
     </span>
     <span class='ocr_line' id='line_1_58' title="bbox 970 313 1749 366; baseline 0.014 -20"><span class='ocrx_word' id='word_1_325' title='bbox 970 313 1071 357; x_wconf 82' lang='lat' dir='ltr'>quod</span> <span class='ocrx_word' id='word_1_326' title='bbox 1090 313 1126 349; x_wconf 92' lang='lat' dir='ltr'>in</span> <span class='ocrx_word' id='word_1_327' title='bbox 1147 322 1381 353; x_wconf 82' lang='lat' dir='ltr'>sacramento</span> <span class='ocrx_word' id='word_1_328' title='bbox 1403 319 1581 363; x_wconf 77' lang='lat' dir='ltr'>Baptismi</span> <span class='ocrx_word' id='word_1_329' title='bbox 1602 324 1637 356; x_wconf 90' lang='lat' dir='ltr'>et</span> <span class='ocrx_word' id='word_1_330' title='bbox 1656 321 1749 366; x_wconf 90' lang='lat' dir='ltr'>Con,</span> 
     </span>
     <span class='ocr_line' id='line_1_59' title="bbox 970 360 1751 414; baseline 0.013 -21"><span class='ocrx_word' id='word_1_331' title='bbox 970 360 1211 405; x_wconf 74' lang='lat' dir='ltr'>firmationis,</span> <span class='ocrx_word' id='word_1_332' title='bbox 1230 363 1350 398; x_wconf 89' lang='lat' dir='ltr'>utitur</span> <span class='ocrx_word' id='word_1_333' title='bbox 1372 366 1662 410; x_wconf 79' lang='lat' dir='ltr'>adducentibus,</span> <span class='ocrx_word' id='word_1_334' title='bbox 1685 379 1751 414; x_wconf 85' lang='lat' dir='ltr'>qu-</span> 
     </span>
     <span class='ocr_line' id='line_1_60' title="bbox 969 410 1749 456; baseline 0.013 -15"><span class='ocrx_word' id='word_1_335' title='bbox 969 411 1199 451; x_wconf 81' lang='lat' dir='ltr'>praesenteut</span> <span class='ocrx_word' id='word_1_336' title='bbox 1238 410 1484 456; x_wconf 73' lang='lat' dir='ltr'>suscipientes</span> <span class='ocrx_word' id='word_1_337' title='bbox 1536 425 1749 451; x_wconf 71' lang='lat' dir='ltr'>sacramen-</span> 
     </span>
     <span class='ocr_line' id='line_1_61' title="bbox 970 454 1750 501; baseline 0.014 -13"><span class='ocrx_word' id='word_1_338' title='bbox 970 457 1063 495; x_wconf 79' lang='lat' dir='ltr'>tum,</span> <span class='ocrx_word' id='word_1_339' title='bbox 1087 454 1149 500; x_wconf 80' lang='lat' dir='ltr'>qui</span> <span class='ocrx_word' id='word_1_340' title='bbox 1175 455 1311 501; x_wconf 88' lang='lat' dir='ltr'>patrini</span> <span class='ocrx_word' id='word_1_341' title='bbox 1338 458 1457 494; x_wconf 84' lang='lat' dir='ltr'>solent</span> <span class='ocrx_word' id='word_1_342' title='bbox 1482 461 1617 497; x_wconf 83' lang='lat' dir='ltr'>vocari.</span> <span class='ocrx_word' id='word_1_343' title='bbox 1640 464 1750 498; x_wconf 67' lang='lat' dir='ltr'>jesus</span> 
     </span>
     <span class='ocr_line' id='line_1_62' title="bbox 970 502 1751 553; baseline 0.014 -18"><span class='ocrx_word' id='word_1_344' title='bbox 970 511 1058 537; x_wconf 90' lang='lat' dir='ltr'>vero</span> <span class='ocrx_word' id='word_1_345' title='bbox 1089 502 1265 538; x_wconf 81' lang='lat' dir='ltr'>alacriter</span> <span class='ocrx_word' id='word_1_346' title='bbox 1296 514 1381 539; x_wconf 88' lang='lat' dir='ltr'>eum</span> <span class='ocrx_word' id='word_1_347' title='bbox 1409 508 1584 553; x_wconf 74' lang='lat' dir='ltr'>suscepit.</span> <span class='ocrx_word' id='word_1_348' title='bbox 1608 509 1751 546; x_wconf 82' lang='lat' dir='ltr'>sciebat</span> 
     </span>
     <span class='ocr_line' id='line_1_63' title="bbox 969 547 1751 595; baseline 0.014 -12"><span class='ocrx_word' id='word_1_349' title='bbox 969 547 1070 584; x_wconf 91' lang='lat' dir='ltr'>enim</span> <span class='ocrx_word' id='word_1_350' title='bbox 1086 549 1175 594; x_wconf 79' lang='lat' dir='ltr'>quid</span> <span class='ocrx_word' id='word_1_351' title='bbox 1192 551 1238 585; x_wconf 91' lang='lat' dir='ltr'>de</span> <span class='ocrx_word' id='word_1_352' title='bbox 1253 549 1332 595; x_wconf 88' lang='lat' dir='ltr'>ipso</span> <span class='ocrx_word' id='word_1_353' title='bbox 1348 552 1514 589; x_wconf 81' lang='lat' dir='ltr'>facturus</span> <span class='ocrx_word' id='word_1_354' title='bbox 1531 560 1639 591; x_wconf 71' lang='lat' dir='ltr'>esset.</span> <span class='ocrx_word' id='word_1_355' title='bbox 1660 556 1751 594; x_wconf 75' lang='lat' dir='ltr'>vide</span> 
     </span>
     <span class='ocr_line' id='line_1_64' title="bbox 969 595 1749 648; baseline 0.014 -18"><span class='ocrx_word' id='word_1_356' title='bbox 969 595 1028 630; x_wconf 91' lang='lat' dir='ltr'>hic</span> <span class='ocrx_word' id='word_1_357' title='bbox 1043 596 1141 632; x_wconf 88' lang='lat' dir='ltr'>Petri</span> <span class='ocrx_word' id='word_1_358' title='bbox 1161 597 1411 634; x_wconf 86' lang='lat' dir='ltr'>humilitatem</span> <span class='ocrx_word' id='word_1_359' title='bbox 1429 604 1463 635; x_wconf 84' lang='lat' dir='ltr'>et</span> <span class='ocrx_word' id='word_1_360' title='bbox 1479 602 1749 648; x_wconf 75' lang='lat' dir='ltr'>obedientiam,</span> 
     </span>
     <span class='ocr_line' id='line_1_65' title="bbox 969 642 1751 694; baseline 0.009 -16"><span class='ocrx_word' id='word_1_361' title='bbox 969 642 1056 688; x_wconf 85' lang='lat' dir='ltr'>quia</span> <span class='ocrx_word' id='word_1_362' title='bbox 1078 654 1152 679; x_wconf 91' lang='lat' dir='ltr'>non</span> <span class='ocrx_word' id='word_1_363' title='bbox 1175 645 1401 690; x_wconf 84' lang='lat' dir='ltr'>dedignatur</span> <span class='ocrx_word' id='word_1_364' title='bbox 1419 648 1541 693; x_wconf 87' lang='lat' dir='ltr'>major</span> <span class='ocrx_word' id='word_1_365' title='bbox 1560 650 1663 694; x_wconf 80' lang='lat' dir='ltr'>sequi</span> <span class='ocrx_word' id='word_1_366' title='bbox 1685 652 1751 686; x_wconf 92' lang='lat' dir='ltr'>mi-</span> 
     </span>
     <span class='ocr_line' id='line_1_66' title="bbox 969 692 1748 739; baseline 0.009 -14"><span class='ocrx_word' id='word_1_367' title='bbox 969 701 1114 735; x_wconf 89' lang='lat' dir='ltr'>norem,</span> <span class='ocrx_word' id='word_1_368' title='bbox 1125 692 1190 727; x_wconf 86' lang='lat' dir='ltr'>sed</span> <span class='ocrx_word' id='word_1_369' title='bbox 1206 693 1405 729; x_wconf 84' lang='lat' dir='ltr'>confestim</span> <span class='ocrx_word' id='word_1_370' title='bbox 1421 695 1596 739; x_wconf 87' lang='lat' dir='ltr'>occurrit,</span> <span class='ocrx_word' id='word_1_371' title='bbox 1608 699 1643 731; x_wconf 87' lang='lat' dir='ltr'>et</span> <span class='ocrx_word' id='word_1_372' title='bbox 1658 697 1748 732; x_wconf 92' lang='lat' dir='ltr'>nihil</span> 
     </span>
     <span class='ocr_line' id='line_1_67' title="bbox 968 738 1750 779; baseline 0.009 -7"><span class='ocrx_word' id='word_1_373' title='bbox 968 738 1121 774; x_wconf 87' lang='lat' dir='ltr'>tardans</span> <span class='ocrx_word' id='word_1_374' title='bbox 1157 739 1297 775; x_wconf 88' lang='lat' dir='ltr'>obedit.</span> <span class='ocrx_word' id='word_1_375' title='bbox 1325 743 1484 776; x_wconf 73' lang='lat' dir='ltr'>Intuitns</span> <span class='ocrx_word' id='word_1_376' title='bbox 1519 746 1639 778; x_wconf 76' lang='lat' dir='ltr'>autem</span> <span class='ocrx_word' id='word_1_377' title='bbox 1670 755 1750 779; x_wconf 76' lang='lat' dir='ltr'>eum</span> 
     </span>
     <span class='ocr_line' id='line_1_68' title="bbox 967 787 1748 832; baseline 0.009 -13"><span class='ocrx_word' id='word_1_378' title='bbox 967 787 1070 821; x_wconf 81' lang='lat' dir='ltr'>Jcsus</span> <span class='ocrx_word' id='word_1_379' title='bbox 1089 787 1196 822; x_wconf 85' lang='lat' dir='ltr'>oculo</span> <span class='ocrx_word' id='word_1_380' title='bbox 1219 787 1504 832; x_wconf 78' lang='lat' dir='ltr'>miscricordiae,</span> <span class='ocrx_word' id='word_1_381' title='bbox 1530 800 1603 825; x_wconf 85' lang='lat' dir='ltr'>non</span> <span class='ocrx_word' id='word_1_382' title='bbox 1626 790 1748 826; x_wconf 91' lang='lat' dir='ltr'>solum</span> 
     </span>
     <span class='ocr_line' id='line_1_69' title="bbox 968 833 1748 879; baseline 0.009 -12"><span class='ocrx_word' id='word_1_383' title='bbox 968 833 1144 874; x_wconf 77' lang='lat' dir='ltr'>exterius.</span> <span class='ocrx_word' id='word_1_384' title='bbox 1161 835 1226 870; x_wconf 87' lang='lat' dir='ltr'>sed</span> <span class='ocrx_word' id='word_1_385' title='bbox 1244 838 1281 871; x_wconf 88' lang='lat' dir='ltr'>et</span> <span class='ocrx_word' id='word_1_386' title='bbox 1299 834 1470 879; x_wconf 84' lang='lat' dir='ltr'>interius,</span> <span class='ocrx_word' id='word_1_387' title='bbox 1487 836 1617 872; x_wconf 90' lang='lat' dir='ltr'>videns</span> <span class='ocrx_word' id='word_1_388' title='bbox 1634 838 1748 874; x_wconf 88' lang='lat' dir='ltr'>devo-</span> 
     </span>
     <span class='ocr_line' id='line_1_70' title="bbox 968 880 1750 928; baseline 0.008 -14"><span class='ocrx_word' id='word_1_389' title='bbox 968 880 1108 916; x_wconf 89' lang='lat' dir='ltr'>tionem</span> <span class='ocrx_word' id='word_1_390' title='bbox 1129 882 1225 927; x_wconf 89' lang='lat' dir='ltr'>ejus,</span> <span class='ocrx_word' id='word_1_391' title='bbox 1245 882 1336 928; x_wconf 87' lang='lat' dir='ltr'>quia</span> <span class='ocrx_word' id='word_1_392' title='bbox 1359 893 1423 918; x_wconf 91' lang='lat' dir='ltr'>cor</span> <span class='ocrx_word' id='word_1_393' title='bbox 1444 883 1626 928; x_wconf 85' lang='lat' dir='ltr'>intuetur,</span> <span class='ocrx_word' id='word_1_394' title='bbox 1648 885 1750 920; x_wconf 68' lang='lat' dir='ltr'>dimit</span> 
     </span>
     <span class='ocr_line' id='line_1_71' title="bbox 969 927 1748 976; baseline 0.006 -14"><span class='ocrx_word' id='word_1_395' title='bbox 969 927 1000 962; x_wconf 90' lang='lat' dir='ltr'>ei</span> <span class='ocrx_word' id='word_1_396' title='bbox 1017 939 1024 962; x_wconf 91' lang='lat'>:</span> <span class='ocrx_word' id='word_1_397' title='bbox 1042 930 1094 963; x_wconf 73' lang='lat' dir='ltr'>Tu</span> <span class='ocrx_word' id='word_1_398' title='bbox 1113 939 1148 963; x_wconf 83' lang='lat' dir='ltr'>es</span> <span class='ocrx_word' id='word_1_399' title='bbox 1168 931 1305 969; x_wconf 77' lang='lat' dir='ltr'>Simon,</span> <span class='ocrx_word' id='word_1_400' title='bbox 1323 929 1358 965; x_wconf 91' lang='lat' dir='ltr'>id</span> <span class='ocrx_word' id='word_1_401' title='bbox 1383 934 1437 965; x_wconf 90' lang='lat' dir='ltr'>est</span> <span class='ocrx_word' id='word_1_402' title='bbox 1460 942 1540 966; x_wconf 74' lang='lat' dir='ltr'>vere</span> <span class='ocrx_word' id='word_1_403' title='bbox 1560 932 1748 976; x_wconf 78' lang='lat' dir='ltr'>obediens;</span> 
     </span>
     <span class='ocr_line' id='line_1_72' title="bbox 968 975 1748 1025; baseline 0.008 -15"><span class='ocrx_word' id='word_1_404' title='bbox 968 975 1076 1020; x_wconf 79' lang='lat' dir='ltr'>quasi</span> <span class='ocrx_word' id='word_1_405' title='bbox 1098 976 1238 1012; x_wconf 88' lang='lat' dir='ltr'>diceret</span> <span class='ocrx_word' id='word_1_406' title='bbox 1261 988 1268 1012; x_wconf 90' lang='lat'>:</span> <span class='ocrx_word' id='word_1_407' title='bbox 1292 978 1435 1013; x_wconf 83' lang='lat' dir='ltr'>Nomen</span> <span class='ocrx_word' id='word_1_408' title='bbox 1455 982 1562 1014; x_wconf 90' lang='lat' dir='ltr'>tuum</span> <span class='ocrx_word' id='word_1_409' title='bbox 1584 983 1641 1014; x_wconf 87' lang='lat' dir='ltr'>est</span> <span class='ocrx_word' id='word_1_410' title='bbox 1661 990 1748 1025; x_wconf 89' lang='lat' dir='ltr'>pro-</span> 
     </span>
     <span class='ocr_line' id='line_1_73' title="bbox 969 1022 1748 1070; baseline 0.006 -13"><span class='ocrx_word' id='word_1_411' title='bbox 969 1022 1117 1067; x_wconf 84' lang='lat' dir='ltr'>prietati</span> <span class='ocrx_word' id='word_1_412' title='bbox 1135 1028 1206 1059; x_wconf 59' lang='lat' dir='ltr'>tua¹</span> <span class='ocrx_word' id='word_1_413' title='bbox 1224 1027 1551 1070; x_wconf 75' lang='lat' dir='ltr'>consonum,filz&#39;us</span> <span class='ocrx_word' id='word_1_414' title='bbox 1564 1028 1669 1067; x_wconf 78' lang='lat' dir='ltr'>Jomz,</span> <span class='ocrx_word' id='word_1_415' title='bbox 1681 1037 1748 1063; x_wconf 89' lang='lat' dir='ltr'>seu</span> 
     </span>
     <span class='ocr_line' id='line_1_74' title="bbox 968 1071 1746 1117; baseline 0.006 -13"><span class='ocrx_word' id='word_1_416' title='bbox 968 1071 1166 1115; x_wconf 80' lang='lat' dir='ltr'>Bar-Jona,</span> <span class='ocrx_word' id='word_1_417' title='bbox 1181 1071 1217 1106; x_wconf 92' lang='lat' dir='ltr'>id</span> <span class='ocrx_word' id='word_1_418' title='bbox 1237 1075 1294 1107; x_wconf 85' lang='lat' dir='ltr'>est</span> <span class='ocrx_word' id='word_1_419' title='bbox 1307 1073 1385 1116; x_wconf 76' lang='lat' dir='ltr'>eJ&#39;us</span> <span class='ocrx_word' id='word_1_420' title='bbox 1398 1074 1435 1107; x_wconf 82' lang='lat' dir='ltr'>z&#39;n</span> <span class='ocrx_word' id='word_1_421' title='bbox 1454 1084 1523 1117; x_wconf 74' lang='lat' dir='ltr'>quo</span> <span class='ocrx_word' id='word_1_422' title='bbox 1542 1078 1593 1108; x_wconf 76' lang='lat' dir='ltr'>est</span> <span class='ocrx_word' id='word_1_423' title='bbox 1608 1076 1746 1117; x_wconf 68' lang='lat' dir='ltr'>qratia,</span> 
     </span>
     <span class='ocr_line' id='line_1_75' title="bbox 967 1119 1749 1165; baseline 0.008 -14"><span class='ocrx_word' id='word_1_424' title='bbox 967 1128 1032 1152; x_wconf 90' lang='lat' dir='ltr'>seu</span> <span class='ocrx_word' id='word_1_425' title='bbox 1046 1119 1146 1162; x_wconf 73' lang='lat' dir='ltr'>filius</span> <span class='ocrx_word' id='word_1_426' title='bbox 1165 1119 1476 1165; x_wconf 62' lang='lat' dir='ltr'>eolcaerrtboe5q11asi</span> <span class='ocrx_word' id='word_1_427' title='bbox 1493 1119 1656 1156; x_wconf 84' lang='lat' dir='ltr'>diceret:</span> <span class='ocrx_word' id='word_1_428' title='bbox 1674 1122 1749 1157; x_wconf 86' lang='lat' dir='ltr'>Hoc</span> 
     </span>
     <span class='ocr_line' id='line_1_76' title="bbox 967 1167 1749 1213; baseline 0.006 -15"><span class='ocrx_word' id='word_1_429' title='bbox 967 1174 1177 1209; x_wconf 79' lang='lat' dir='ltr'>cognomen</span> <span class='ocrx_word' id='word_1_430' title='bbox 1198 1170 1381 1202; x_wconf 86' lang='lat' dir='ltr'>consonat</span> <span class='ocrx_word' id='word_1_431' title='bbox 1398 1170 1462 1202; x_wconf 86' lang='lat' dir='ltr'>tuo</span> <span class='ocrx_word' id='word_1_432' title='bbox 1481 1168 1638 1211; x_wconf 87' lang='lat' dir='ltr'>nomini,</span> <span class='ocrx_word' id='word_1_433' title='bbox 1660 1167 1749 1213; x_wconf 77' lang='lat' dir='ltr'>quia</span> 
     </span>
     <span class='ocr_line' id='line_1_77' title="bbox 966 1210 1749 1257; baseline 0.008 -12"><span class='ocrx_word' id='word_1_434' title='bbox 966 1210 1028 1246; x_wconf 89' lang='lat' dir='ltr'>ille</span> <span class='ocrx_word' id='word_1_435' title='bbox 1059 1212 1121 1257; x_wconf 82' lang='lat' dir='ltr'>qui</span> <span class='ocrx_word' id='word_1_436' title='bbox 1156 1216 1212 1249; x_wconf 89' lang='lat' dir='ltr'>est</span> <span class='ocrx_word' id='word_1_437' title='bbox 1241 1224 1327 1249; x_wconf 85' lang='lat' dir='ltr'>vere</span> <span class='ocrx_word' id='word_1_438' title='bbox 1354 1214 1547 1257; x_wconf 87' lang='lat' dir='ltr'>obediens,</span> <span class='ocrx_word' id='word_1_439' title='bbox 1570 1219 1626 1251; x_wconf 88' lang='lat' dir='ltr'>est</span> <span class='ocrx_word' id='word_1_440' title='bbox 1649 1215 1749 1252; x_wconf 86' lang='lat' dir='ltr'>filius</span> 
     </span>
     <span class='ocr_line' id='line_1_78' title="bbox 965 1259 1748 1307; baseline 0.009 -15"><span class='ocrx_word' id='word_1_441' title='bbox 965 1259 1097 1303; x_wconf 70' lang='lat' dir='ltr'>gratur</span> <span class='ocrx_word' id='word_1_442' title='bbox 1114 1260 1275 1305; x_wconf 76' lang='lat' dir='ltr'>Spiritus</span> <span class='ocrx_word' id='word_1_443' title='bbox 1289 1261 1429 1305; x_wconf 80' lang='lat' dir='ltr'>Sancti,</span> <span class='ocrx_word' id='word_1_444' title='bbox 1442 1272 1601 1307; x_wconf 74' lang='lat' dir='ltr'>quaeper</span> <span class='ocrx_word' id='word_1_445' title='bbox 1612 1263 1748 1299; x_wconf 89' lang='lat' dir='ltr'>colum-</span> 
     </span>
     <span class='ocr_line' id='line_1_79' title="bbox 967 1307 1748 1353; baseline 0.009 -14"><span class='ocrx_word' id='word_1_446' title='bbox 967 1307 1051 1341; x_wconf 84' lang='lat' dir='ltr'>bam</span> <span class='ocrx_word' id='word_1_447' title='bbox 1079 1307 1312 1353; x_wconf 79' lang='lat' dir='ltr'>designatur.</span> <span class='ocrx_word' id='word_1_448' title='bbox 1338 1309 1468 1344; x_wconf 83' lang='lat' dir='ltr'>Merito</span> <span class='ocrx_word' id='word_1_449' title='bbox 1495 1309 1623 1345; x_wconf 87' lang='lat' dir='ltr'>Simon</span> <span class='ocrx_word' id='word_1_450' title='bbox 1648 1309 1748 1346; x_wconf 90' lang='lat' dir='ltr'>tilius</span> 
     </span>
     <span class='ocr_line' id='line_1_80' title="bbox 962 1354 1748 1400; baseline 0.006 -12"><span class='ocrx_word' id='word_1_451' title='bbox 962 1354 1111 1390; x_wconf 78' lang='lat' dir='ltr'>Joanna</span> <span class='ocrx_word' id='word_1_452' title='bbox 1131 1366 1195 1390; x_wconf 90' lang='lat' dir='ltr'>seu</span> <span class='ocrx_word' id='word_1_453' title='bbox 1217 1357 1406 1391; x_wconf 86' lang='lat' dir='ltr'>Bar-Jona</span> <span class='ocrx_word' id='word_1_454' title='bbox 1424 1356 1573 1400; x_wconf 88' lang='lat' dir='ltr'>dicitur,</span> <span class='ocrx_word' id='word_1_455' title='bbox 1590 1357 1666 1393; x_wconf 86' lang='lat' dir='ltr'>sive</span> <span class='ocrx_word' id='word_1_456' title='bbox 1687 1367 1748 1394; x_wconf 91' lang='lat' dir='ltr'>vo-</span> 
     </span>
     <span class='ocr_line' id='line_1_81' title="bbox 965 1401 1749 1449; baseline 0.006 -14"><span class='ocrx_word' id='word_1_457' title='bbox 965 1405 1084 1436; x_wconf 84' lang='lat' dir='ltr'>catur.</span> <span class='ocrx_word' id='word_1_458' title='bbox 1108 1401 1237 1437; x_wconf 86' lang='lat' dir='ltr'>Simon</span> <span class='ocrx_word' id='word_1_459' title='bbox 1259 1402 1359 1438; x_wconf 88' lang='lat' dir='ltr'>enim</span> <span class='ocrx_word' id='word_1_460' title='bbox 1381 1403 1652 1449; x_wconf 85' lang='lat' dir='ltr'>interpretatur</span> <span class='ocrx_word' id='word_1_461' title='bbox 1670 1405 1749 1440; x_wconf 85' lang='lat' dir='ltr'>obe-</span> 
     </span>
     <span class='ocr_line' id='line_1_82' title="bbox 964 1448 1749 1496; baseline 0.008 -15"><span class='ocrx_word' id='word_1_462' title='bbox 964 1448 1092 1490; x_wconf 51' lang='lat' dir='ltr'>ruens,-</span> <span class='ocrx_word' id='word_1_463' title='bbox 1114 1451 1274 1493; x_wconf 84' lang='lat' dir='ltr'>Joanna,</span> <span class='ocrx_word' id='word_1_464' title='bbox 1294 1452 1438 1494; x_wconf 64' lang='lat' dir='ltr'>mutia,-</span> <span class='ocrx_word' id='word_1_465' title='bbox 1462 1453 1548 1493; x_wconf 81' lang='lat' dir='ltr'>Bar,</span> <span class='ocrx_word' id='word_1_466' title='bbox 1568 1453 1688 1496; x_wconf 65' lang='lat' dir='ltr'>libius,-</span> <span class='ocrx_word' id='word_1_467' title='bbox 1712 1454 1749 1488; x_wconf 80' lang='lat' dir='ltr'>et</span> 
     </span>
     <span class='ocr_line' id='line_1_83' title="bbox 963 1496 1748 1542; baseline 0.006 -12"><span class='ocrx_word' id='word_1_468' title='bbox 963 1496 1073 1538; x_wconf 81' lang='lat' dir='ltr'>Jona,</span> <span class='ocrx_word' id='word_1_469' title='bbox 1096 1498 1284 1537; x_wconf 75' lang='lat' dir='ltr'>columba,-</span> <span class='ocrx_word' id='word_1_470' title='bbox 1309 1497 1416 1542; x_wconf 85' lang='lat' dir='ltr'>quasi</span> <span class='ocrx_word' id='word_1_471' title='bbox 1440 1498 1473 1533; x_wconf 90' lang='lat' dir='ltr'>ei</span> <span class='ocrx_word' id='word_1_472' title='bbox 1498 1498 1640 1534; x_wconf 86' lang='lat' dir='ltr'>diceret</span> <span class='ocrx_word' id='word_1_473' title='bbox 1662 1509 1670 1534; x_wconf 79' lang='lat' dir='ltr'><strong><em>z</em></strong></span> <span class='ocrx_word' id='word_1_474' title='bbox 1693 1500 1748 1535; x_wconf 92' lang='lat' dir='ltr'>Tu</span> 
     </span>
     <span class='ocr_line' id='line_1_84' title="bbox 964 1543 1748 1589; baseline 0.004 -11"><span class='ocrx_word' id='word_1_475' title='bbox 964 1553 1004 1578; x_wconf 80' lang='lat' dir='ltr'>es</span> <span class='ocrx_word' id='word_1_476' title='bbox 1037 1543 1220 1579; x_wconf 85' lang='lat' dir='ltr'>obediens</span> <span class='ocrx_word' id='word_1_477' title='bbox 1248 1543 1350 1579; x_wconf 88' lang='lat' dir='ltr'>filius</span> <span class='ocrx_word' id='word_1_478' title='bbox 1380 1544 1526 1589; x_wconf 71' lang='lat' dir='ltr'>gratiae,</span> <span class='ocrx_word' id='word_1_479' title='bbox 1554 1546 1612 1581; x_wconf 91' lang='lat' dir='ltr'>vel</span> <span class='ocrx_word' id='word_1_480' title='bbox 1646 1544 1748 1582; x_wconf 84' lang='lat' dir='ltr'>filius</span> 
     </span>
     <span class='ocr_line' id='line_1_85' title="bbox 963 1590 1748 1638; baseline 0.004 -13"><span class='ocrx_word' id='word_1_481' title='bbox 963 1590 1162 1634; x_wconf 64' lang='lat' dir='ltr'>columbfe,</span> <span class='ocrx_word' id='word_1_482' title='bbox 1182 1591 1219 1626; x_wconf 91' lang='lat' dir='ltr'>id</span> <span class='ocrx_word' id='word_1_483' title='bbox 1240 1594 1296 1626; x_wconf 89' lang='lat' dir='ltr'>est</span> <span class='ocrx_word' id='word_1_484' title='bbox 1318 1590 1477 1637; x_wconf 88' lang='lat' dir='ltr'>Spiritus</span> <span class='ocrx_word' id='word_1_485' title='bbox 1499 1591 1640 1635; x_wconf 85' lang='lat' dir='ltr'>Sancti,</span> <span class='ocrx_word' id='word_1_486' title='bbox 1659 1591 1748 1638; x_wconf 90' lang='lat' dir='ltr'>quia</span> 
     </span>
     <span class='ocr_line' id='line_1_86' title="bbox 962 1637 1745 1685; baseline 0.004 -13"><span class='ocrx_word' id='word_1_487' title='bbox 962 1637 1215 1673; x_wconf 86' lang='lat' dir='ltr'>humilitatem</span> <span class='ocrx_word' id='word_1_488' title='bbox 1234 1638 1280 1674; x_wconf 90' lang='lat' dir='ltr'>de</span> <span class='ocrx_word' id='word_1_489' title='bbox 1299 1638 1422 1684; x_wconf 85' lang='lat' dir='ltr'>gratia</span> <span class='ocrx_word' id='word_1_490' title='bbox 1440 1639 1600 1685; x_wconf 88' lang='lat' dir='ltr'>Spiritus</span> <span class='ocrx_word' id='word_1_491' title='bbox 1621 1638 1745 1675; x_wconf 88' lang='lat' dir='ltr'>Sancti</span> 
     </span>
     <span class='ocr_line' id='line_1_87' title="bbox 961 1684 1747 1730; baseline 0.004 -11"><span class='ocrx_word' id='word_1_492' title='bbox 961 1684 1153 1730; x_wconf 86' lang='lat' dir='ltr'>accepisti,</span> <span class='ocrx_word' id='word_1_493' title='bbox 1175 1689 1229 1729; x_wconf 89' lang='lat' dir='ltr'>ut,</span> <span class='ocrx_word' id='word_1_494' title='bbox 1252 1689 1409 1722; x_wconf 85' lang='lat' dir='ltr'>vocante</span> <span class='ocrx_word' id='word_1_495' title='bbox 1428 1687 1595 1730; x_wconf 87' lang='lat' dir='ltr'>Andrea,</span> <span class='ocrx_word' id='word_1_496' title='bbox 1618 1687 1747 1723; x_wconf 89' lang='lat' dir='ltr'>videre</span> 
     </span>
     <span class='ocr_line' id='line_1_88' title="bbox 960 1732 1747 1780; baseline 0.004 -13"><span class='ocrx_word' id='word_1_497' title='bbox 960 1743 1020 1768; x_wconf 90' lang='lat' dir='ltr'>me</span> <span class='ocrx_word' id='word_1_498' title='bbox 1041 1732 1290 1769; x_wconf 88' lang='lat' dir='ltr'>desiderares.</span> <span class='ocrx_word' id='word_1_499' title='bbox 1313 1734 1533 1779; x_wconf 83' lang='lat' dir='ltr'>Congruunt</span> <span class='ocrx_word' id='word_1_500' title='bbox 1553 1744 1642 1780; x_wconf 86' lang='lat' dir='ltr'>ergo</span> <span class='ocrx_word' id='word_1_501' title='bbox 1665 1735 1747 1770; x_wconf 87' lang='lat' dir='ltr'>haec</span> 
     </span>
     <span class='ocr_line' id='line_1_89' title="bbox 960 1780 1746 1828; baseline 0.004 -13"><span class='ocrx_word' id='word_1_502' title='bbox 960 1780 1114 1815; x_wconf 74' lang='lat' dir='ltr'>numina</span> <span class='ocrx_word' id='word_1_503' title='bbox 1132 1780 1325 1827; x_wconf 84' lang='lat' dir='ltr'>mysterio,</span> <span class='ocrx_word' id='word_1_504' title='bbox 1348 1785 1390 1817; x_wconf 89' lang='lat' dir='ltr'>ut</span> <span class='ocrx_word' id='word_1_505' title='bbox 1411 1781 1628 1818; x_wconf 86' lang='lat' dir='ltr'>insinuetur</span> <span class='ocrx_word' id='word_1_506' title='bbox 1645 1782 1746 1828; x_wconf 84' lang='lat' dir='ltr'>quod</span> 
     </span>
     <span class='ocr_line' id='line_1_90' title="bbox 961 1828 1745 1866; baseline 0.004 -3"><span class='ocrx_word' id='word_1_507' title='bbox 961 1828 1175 1864; x_wconf 86' lang='lat' dir='ltr'>obedientia</span> <span class='ocrx_word' id='word_1_508' title='bbox 1190 1828 1405 1864; x_wconf 90' lang='lat' dir='ltr'>necessaria</span> <span class='ocrx_word' id='word_1_509' title='bbox 1420 1833 1476 1865; x_wconf 90' lang='lat' dir='ltr'>est</span> <span class='ocrx_word' id='word_1_510' title='bbox 1490 1829 1684 1865; x_wconf 88' lang='lat' dir='ltr'>conversis</span> <span class='ocrx_word' id='word_1_511' title='bbox 1697 1829 1745 1866; x_wconf 88' lang='lat' dir='ltr'>ad</span> 
     </span>
     <span class='ocr_line' id='line_1_91' title="bbox 961 1875 1745 1929; baseline 0.001 -18"><span class='ocrx_word' id='word_1_512' title='bbox 961 1875 1147 1912; x_wconf 82' lang='lat' dir='ltr'>Christum</span> <span class='ocrx_word' id='word_1_513' title='bbox 1167 1887 1234 1922; x_wconf 88' lang='lat' dir='ltr'>per</span> <span class='ocrx_word' id='word_1_514' title='bbox 1250 1876 1377 1920; x_wconf 78' lang='lat' dir='ltr'>tidem,</span> <span class='ocrx_word' id='word_1_515' title='bbox 1394 1880 1429 1912; x_wconf 87' lang='lat' dir='ltr'>et</span> <span class='ocrx_word' id='word_1_516' title='bbox 1450 1877 1550 1922; x_wconf 84' lang='lat' dir='ltr'>quod</span> <span class='ocrx_word' id='word_1_517' title='bbox 1570 1876 1745 1929; x_wconf 76' lang='lat' dir='ltr'>homines</span> 
     </span>
     <span class='ocr_line' id='line_1_92' title="bbox 962 1922 1742 1969; baseline 0.001 -11"><span class='ocrx_word' id='word_1_518' title='bbox 962 1934 1028 1969; x_wconf 87' lang='lat' dir='ltr'>per</span> <span class='ocrx_word' id='word_1_519' title='bbox 1043 1923 1203 1969; x_wconf 82' lang='lat' dir='ltr'>gratiam</span> <span class='ocrx_word' id='word_1_520' title='bbox 1220 1922 1376 1959; x_wconf 88' lang='lat' dir='ltr'>veniunt</span> <span class='ocrx_word' id='word_1_521' title='bbox 1393 1924 1440 1959; x_wconf 87' lang='lat' dir='ltr'>ad</span> <span class='ocrx_word' id='word_1_522' title='bbox 1462 1924 1573 1959; x_wconf 77' lang='lat' dir='ltr'>tidem</span> <span class='ocrx_word' id='word_1_523' title='bbox 1590 1923 1742 1968; x_wconf 80' lang='lat' dir='ltr'>Christi,</span> 
     </span>
     <span class='ocr_line' id='line_1_93' title="bbox 961 1970 1742 2016; baseline 0.003 -11"><span class='ocrx_word' id='word_1_524' title='bbox 961 1975 997 2005; x_wconf 89' lang='lat' dir='ltr'>et</span> <span class='ocrx_word' id='word_1_525' title='bbox 1016 1970 1114 2016; x_wconf 88' lang='lat' dir='ltr'>quod</span> <span class='ocrx_word' id='word_1_526' title='bbox 1133 1980 1200 2016; x_wconf 90' lang='lat' dir='ltr'>per</span> <span class='ocrx_word' id='word_1_527' title='bbox 1218 1970 1396 2016; x_wconf 90' lang='lat' dir='ltr'>Spiritum</span> <span class='ocrx_word' id='word_1_528' title='bbox 1416 1972 1595 2007; x_wconf 88' lang='lat' dir='ltr'>Sanctum</span> <span class='ocrx_word' id='word_1_529' title='bbox 1614 1970 1742 2007; x_wconf 84' lang='lat' dir='ltr'>firma-</span> 
     </span>
     <span class='ocr_line' id='line_1_94' title="bbox 962 2017 1359 2053; baseline 0 -1"><span class='ocrx_word' id='word_1_530' title='bbox 962 2028 1047 2052; x_wconf 89' lang='lat' dir='ltr'>mur</span> <span class='ocrx_word' id='word_1_531' title='bbox 1069 2017 1104 2052; x_wconf 93' lang='lat' dir='ltr'>in</span> <span class='ocrx_word' id='word_1_532' title='bbox 1129 2028 1257 2053; x_wconf 87' lang='lat' dir='ltr'>amore</span> <span class='ocrx_word' id='word_1_533' title='bbox 1280 2017 1359 2053; x_wconf 89' lang='lat' dir='ltr'>Dei.</span> 
     </span>
    </p>

    <p class='ocr_par' dir='ltr' id='par_1_5' title="bbox 959 2065 1745 2869">
     <span class='ocr_line' id='line_1_95' title="bbox 1009 2065 1742 2110; baseline 0.003 -11"><span class='ocrx_word' id='word_1_534' title='bbox 1009 2080 1026 2110; x_wconf 85' lang='lat'><strong>7</strong></span> <span class='ocrx_word' id='word_1_535' title='bbox 1047 2066 1087 2099; x_wconf 82' lang='lat' dir='ltr'>Ei</span> <span class='ocrx_word' id='word_1_536' title='bbox 1102 2076 1223 2100; x_wconf 57' lang='lat' dir='ltr'>xoium</span> <span class='ocrx_word' id='word_1_537' title='bbox 1243 2066 1383 2101; x_wconf 70' lang='lat' dir='ltr'>CsspnAs</span> <span class='ocrx_word' id='word_1_538' title='bbox 1398 2076 1466 2100; x_wconf 68' lang='lat' dir='ltr'>vm„</span> <span class='ocrx_word' id='word_1_539' title='bbox 1481 2065 1622 2101; x_wconf 71' lang='lat' dir='ltr'>PETRus</span> <span class='ocrx_word' id='word_1_540' title='bbox 1639 2076 1742 2101; x_wconf 78' lang='lat' dir='ltr'>mpo-</span> 
     </span>
     <span class='ocr_line' id='line_1_96' title="bbox 962 2112 1740 2149; baseline 0.003 -3"><span class='ocrx_word' id='word_1_541' title='bbox 962 2124 1105 2147; x_wconf 60' lang='lat' dir='ltr'>Nexncn</span> <span class='ocrx_word' id='word_1_542' title='bbox 1136 2124 1317 2148; x_wconf 58' lang='lat' dir='ltr'>[uminicrr.</span> <span class='ocrx_word' id='word_1_543' title='bbox 1350 2134 1395 2138; x_wconf 93' lang='lat'>-—</span> <span class='ocrx_word' id='word_1_544' title='bbox 1418 2112 1550 2149; x_wconf 84' lang='lat' dir='ltr'>Subdit</span> <span class='ocrx_word' id='word_1_545' title='bbox 1580 2115 1740 2148; x_wconf 84' lang='lat' dir='ltr'>autem:</span> 
     </span>
     <span class='ocr_line' id='line_1_97' title="bbox 963 2159 1741 2205; baseline 0.003 -11"><span class='ocrx_word' id='word_1_546' title='bbox 963 2162 1014 2194; x_wconf 77' lang='lat' dir='ltr'>Tu</span> <span class='ocrx_word' id='word_1_547' title='bbox 1036 2160 1220 2195; x_wconf 67' lang='lat' dir='ltr'>vocaberis</span> <span class='ocrx_word' id='word_1_548' title='bbox 1238 2160 1391 2205; x_wconf 75' lang='lat' dir='ltr'>t&#39;ephas,</span> <span class='ocrx_word' id='word_1_549' title='bbox 1415 2161 1512 2205; x_wconf 75' lang='lat' dir='ltr'>quod</span> <span class='ocrx_word' id='word_1_550' title='bbox 1534 2159 1665 2196; x_wconf 89' lang='lat' dir='ltr'>Latine</span> <span class='ocrx_word' id='word_1_551' title='bbox 1686 2162 1741 2196; x_wconf 81' lang='lat' dir='ltr'>in-</span> 
     </span>
     <span class='ocr_line' id='line_1_98' title="bbox 959 2207 1736 2253; baseline 0.003 -12"><span class='ocrx_word' id='word_1_552' title='bbox 959 2211 1184 2252; x_wconf 71' lang='lat' dir='ltr'>terpretatur</span> <span class='ocrx_word' id='word_1_553' title='bbox 1197 2209 1340 2248; x_wconf 80' lang='lat' dir='ltr'>Petrus,</span> <span class='ocrx_word' id='word_1_554' title='bbox 1356 2211 1393 2243; x_wconf 90' lang='lat' dir='ltr'>et</span> <span class='ocrx_word' id='word_1_555' title='bbox 1408 2207 1447 2242; x_wconf 89' lang='lat' dir='ltr'>in</span> <span class='ocrx_word' id='word_1_556' title='bbox 1465 2208 1594 2243; x_wconf 82' lang='lat' dir='ltr'>Graeco</span> <span class='ocrx_word' id='word_1_557' title='bbox 1614 2210 1736 2253; x_wconf 75' lang='lat' dir='ltr'>caput,</span> 
     </span>
     <span class='ocr_line' id='line_1_99' title="bbox 959 2253 1738 2301; baseline 0.004 -13"><span class='ocrx_word' id='word_1_558' title='bbox 959 2254 1012 2290; x_wconf 87' lang='lat' dir='ltr'>vel</span> <span class='ocrx_word' id='word_1_559' title='bbox 1041 2257 1266 2300; x_wconf 74' lang='lat' dir='ltr'>capitaneus.</span> <span class='ocrx_word' id='word_1_560' title='bbox 1291 2256 1335 2290; x_wconf 92' lang='lat' dir='ltr'>Et</span> <span class='ocrx_word' id='word_1_561' title='bbox 1357 2253 1530 2301; x_wconf 80' lang='lat' dir='ltr'>congruit</span> <span class='ocrx_word' id='word_1_562' title='bbox 1547 2254 1738 2300; x_wconf 87' lang='lat' dir='ltr'>mysterio,</span> 
     </span>
     <span class='ocr_line' id='line_1_100' title="bbox 959 2301 1740 2348; baseline 0.003 -12"><span class='ocrx_word' id='word_1_563' title='bbox 959 2306 999 2337; x_wconf 92' lang='lat' dir='ltr'>ut</span> <span class='ocrx_word' id='word_1_564' title='bbox 1015 2301 1075 2337; x_wconf 83' lang='lat' dir='ltr'>ille</span> <span class='ocrx_word' id='word_1_565' title='bbox 1090 2301 1152 2347; x_wconf 86' lang='lat' dir='ltr'>qui</span> <span class='ocrx_word' id='word_1_566' title='bbox 1171 2302 1332 2338; x_wconf 84' lang='lat' dir='ltr'>debebat</span> <span class='ocrx_word' id='word_1_567' title='bbox 1347 2302 1508 2338; x_wconf 89' lang='lat' dir='ltr'>aliorum</span> <span class='ocrx_word' id='word_1_568' title='bbox 1528 2313 1610 2338; x_wconf 92' lang='lat' dir='ltr'>esse</span> <span class='ocrx_word' id='word_1_569' title='bbox 1629 2305 1740 2348; x_wconf 87' lang='lat' dir='ltr'>caput</span> 
     </span>
     <span class='ocr_line' id='line_1_101' title="bbox 959 2349 1741 2394; baseline 0 -9"><span class='ocrx_word' id='word_1_570' title='bbox 959 2353 995 2385; x_wconf 86' lang='lat' dir='ltr'>et</span> <span class='ocrx_word' id='word_1_571' title='bbox 1011 2349 1146 2386; x_wconf 86' lang='lat' dir='ltr'>Christi</span> <span class='ocrx_word' id='word_1_572' title='bbox 1164 2349 1568 2393; x_wconf 79' lang='lat' dir='ltr'>vicarius,f1rmitatem</span> <span class='ocrx_word' id='word_1_573' title='bbox 1590 2350 1741 2394; x_wconf 86' lang='lat' dir='ltr'>habeat,</span> 
     </span>
     <span class='ocr_line' id='line_1_102' title="bbox 961 2396 1744 2444; baseline -0.003 -11"><span class='ocrx_word' id='word_1_574' title='bbox 961 2407 1075 2443; x_wconf 86' lang='lat' dir='ltr'>quam</span> <span class='ocrx_word' id='word_1_575' title='bbox 1097 2396 1270 2444; x_wconf 87' lang='lat' dir='ltr'>designat</span> <span class='ocrx_word' id='word_1_576' title='bbox 1288 2399 1429 2433; x_wconf 77' lang='lat' dir='ltr'>Petrus.</span> <span class='ocrx_word' id='word_1_577' title='bbox 1456 2397 1582 2433; x_wconf 90' lang='lat' dir='ltr'>Simon</span> <span class='ocrx_word' id='word_1_578' title='bbox 1605 2396 1744 2443; x_wconf 83' lang='lat' dir='ltr'>quippe</span> 
     </span>
     <span class='ocr_line' id='line_1_103' title="bbox 960 2444 1745 2495; baseline -0.001 -15"><span class='ocrx_word' id='word_1_579' title='bbox 960 2448 1042 2480; x_wconf 89' lang='lat' dir='ltr'>erat</span> <span class='ocrx_word' id='word_1_580' title='bbox 1062 2455 1199 2481; x_wconf 91' lang='lat' dir='ltr'>nomen</span> <span class='ocrx_word' id='word_1_581' title='bbox 1234 2445 1316 2491; x_wconf 77' lang='lat' dir='ltr'>eJus</span> <span class='ocrx_word' id='word_1_582' title='bbox 1341 2448 1429 2481; x_wconf 85' lang='lat' dir='ltr'>ante</span> <span class='ocrx_word' id='word_1_583' title='bbox 1450 2444 1685 2495; x_wconf 62' lang='lat' dir='ltr'>vocationem</span> <span class='ocrx_word' id='word_1_584' title='bbox 1707 2446 1745 2479; x_wconf 87' lang='lat' dir='ltr'>et</span> 
     </span>
     <span class='ocr_line' id='line_1_104' title="bbox 960 2491 1741 2543; baseline -0.003 -16"><span class='ocrx_word' id='word_1_585' title='bbox 960 2492 1263 2537; x_wconf 83' lang='lat' dir='ltr'>conversionem,</span> <span class='ocrx_word' id='word_1_586' title='bbox 1300 2493 1365 2529; x_wconf 89' lang='lat' dir='ltr'>sed</span> <span class='ocrx_word' id='word_1_587' title='bbox 1405 2495 1489 2538; x_wconf 88' lang='lat' dir='ltr'>post</span> <span class='ocrx_word' id='word_1_588' title='bbox 1526 2491 1741 2543; x_wconf 63' lang='lat' dir='ltr'>imposdum</span> 
     </span>
     <span class='ocr_line' id='line_1_105' title="bbox 960 2538 1742 2577; baseline -0.004 -2"><span class='ocrx_word' id='word_1_589' title='bbox 960 2539 1028 2576; x_wconf 83' lang='lat' dir='ltr'>suit</span> <span class='ocrx_word' id='word_1_590' title='bbox 1056 2539 1125 2576; x_wconf 89' lang='lat' dir='ltr'>sihi</span> <span class='ocrx_word' id='word_1_591' title='bbox 1154 2550 1292 2577; x_wconf 89' lang='lat' dir='ltr'>nomen</span> <span class='ocrx_word' id='word_1_592' title='bbox 1325 2541 1469 2575; x_wconf 83' lang='lat' dir='ltr'>Petrus.</span> <span class='ocrx_word' id='word_1_593' title='bbox 1501 2538 1601 2574; x_wconf 86' lang='lat' dir='ltr'>Sicut</span> <span class='ocrx_word' id='word_1_594' title='bbox 1628 2541 1742 2573; x_wconf 81' lang='lat' dir='ltr'>etiam</span> 
     </span>
     <span class='ocr_line' id='line_1_106' title="bbox 959 2585 1742 2633; baseline -0.003 -10"><span class='ocrx_word' id='word_1_595' title='bbox 959 2588 1109 2633; x_wconf 86' lang='lat' dir='ltr'>quando</span> <span class='ocrx_word' id='word_1_596' title='bbox 1130 2587 1342 2633; x_wconf 89' lang='lat' dir='ltr'>baptizatur</span> <span class='ocrx_word' id='word_1_597' title='bbox 1355 2587 1522 2629; x_wconf 83' lang='lat' dir='ltr'>adultus,</span> <span class='ocrx_word' id='word_1_598' title='bbox 1539 2589 1575 2620; x_wconf 90' lang='lat' dir='ltr'>et</span> <span class='ocrx_word' id='word_1_599' title='bbox 1592 2585 1742 2630; x_wconf 74' lang='lat' dir='ltr'>(mando</span> 
     </span>
     <span class='ocr_line' id='line_1_107' title="bbox 960 2634 1743 2684; baseline -0.003 -14"><span class='ocrx_word' id='word_1_600' title='bbox 960 2634 1095 2681; x_wconf 85' lang='lat' dir='ltr'>aliquis</span> <span class='ocrx_word' id='word_1_601' title='bbox 1109 2635 1146 2670; x_wconf 90' lang='lat' dir='ltr'>in</span> <span class='ocrx_word' id='word_1_602' title='bbox 1163 2637 1302 2681; x_wconf 83' lang='lat' dir='ltr'>Papam</span> <span class='ocrx_word' id='word_1_603' title='bbox 1325 2638 1382 2671; x_wconf 90' lang='lat' dir='ltr'>est</span> <span class='ocrx_word' id='word_1_604' title='bbox 1400 2637 1561 2676; x_wconf 86' lang='lat' dir='ltr'>creatus,</span> <span class='ocrx_word' id='word_1_605' title='bbox 1576 2636 1743 2684; x_wconf 76' lang='lat' dir='ltr'>mutatur</span> 
     </span>
     <span class='ocr_line' id='line_1_108' title="bbox 960 2683 1742 2729; baseline -0.003 -11"><span class='ocrx_word' id='word_1_606' title='bbox 960 2693 1095 2718; x_wconf 86' lang='lat' dir='ltr'>nomen</span> <span class='ocrx_word' id='word_1_607' title='bbox 1113 2683 1206 2729; x_wconf 86' lang='lat' dir='ltr'>ejus.</span> <span class='ocrx_word' id='word_1_608' title='bbox 1227 2683 1354 2719; x_wconf 87' lang='lat' dir='ltr'>Simon</span> <span class='ocrx_word' id='word_1_609' title='bbox 1371 2691 1459 2726; x_wconf 85' lang='lat' dir='ltr'>ergo</span> <span class='ocrx_word' id='word_1_610' title='bbox 1475 2685 1529 2716; x_wconf 87' lang='lat' dir='ltr'>cst</span> <span class='ocrx_word' id='word_1_611' title='bbox 1548 2689 1742 2726; x_wconf 84' lang='lat' dir='ltr'>proprium</span> 
     </span>
     <span class='ocr_line' id='line_1_109' title="bbox 960 2731 1740 2779; baseline -0.005 -13"><span class='ocrx_word' id='word_1_612' title='bbox 960 2740 1112 2775; x_wconf 89' lang='lat' dir='ltr'>nomen,</span> <span class='ocrx_word' id='word_1_613' title='bbox 1147 2731 1278 2765; x_wconf 84' lang='lat' dir='ltr'>Petrus</span> <span class='ocrx_word' id='word_1_614' title='bbox 1306 2740 1394 2764; x_wconf 83' lang='lat' dir='ltr'>vero</span> <span class='ocrx_word' id='word_1_615' title='bbox 1428 2732 1484 2763; x_wconf 90' lang='lat' dir='ltr'>est</span> <span class='ocrx_word' id='word_1_616' title='bbox 1515 2737 1740 2779; x_wconf 80' lang='lat' dir='ltr'>cognomen,</span> 
     </span>
     <span class='ocr_line' id='line_1_110' title="bbox 961 2774 1743 2818; baseline -0.006 -4"><span class='ocrx_word' id='word_1_617' title='bbox 961 2779 1145 2814; x_wconf 85' lang='lat' dir='ltr'>Bar-Jona</span> <span class='ocrx_word' id='word_1_618' title='bbox 1159 2780 1214 2813; x_wconf 87' lang='lat' dir='ltr'>est</span> <span class='ocrx_word' id='word_1_619' title='bbox 1232 2778 1444 2818; x_wconf 65' lang='lat' dir='ltr'>Hebraeum,</span> <span class='ocrx_word' id='word_1_620' title='bbox 1460 2779 1496 2810; x_wconf 88' lang='lat' dir='ltr'>et</span> <span class='ocrx_word' id='word_1_621' title='bbox 1516 2779 1621 2810; x_wconf 87' lang='lat' dir='ltr'>sonat</span> <span class='ocrx_word' id='word_1_622' title='bbox 1643 2774 1743 2810; x_wconf 79' lang='lat' dir='ltr'>filius</span> 
     </span>
     <span class='ocr_line' id='line_1_111' title="bbox 959 2821 1743 2869; baseline -0.006 -7"><span class='ocrx_word' id='word_1_623' title='bbox 959 2827 1068 2862; x_wconf 85' lang='lat' dir='ltr'>Jona.</span> <span class='ocrx_word' id='word_1_624' title='bbox 1089 2826 1174 2868; x_wconf 88' lang='lat' dir='ltr'>Sed,</span> <span class='ocrx_word' id='word_1_625' title='bbox 1195 2824 1401 2860; x_wconf 88' lang='lat' dir='ltr'>secundum</span> <span class='ocrx_word' id='word_1_626' title='bbox 1417 2822 1531 2858; x_wconf 89' lang='lat' dir='ltr'>alium</span> <span class='ocrx_word' id='word_1_627' title='bbox 1548 2821 1743 2869; x_wconf 82' lang='lat' dir='ltr'>Evangeli-</span> 
     </span>
    </p>
   </div>
  </div>
 </body>
</html>
