1902 3126
342 174 457 213 QUOD
495 172 608 206 PUER
647 171 784 205 JESUS
822 171 1046 205 INVENTUS
1084 174 1160 206 EST
1199 174 1239 207 lx
1279 174 1467 208 TEMPLO.
1677 177 1731 212 ¹27

84 244 223 291 aliique
240 243 505 289 consanguinei
528 245 563 278 et
583 240 693 278 amici
717 251 869 277 coneur-

84 296 188 335 runt‚
212 295 249 328 et
272 293 317 328 ad
343 290 568 326 visitandum
589 299 654 325 eos
673 288 866 324 festinant.

86 339 159 386 Ipsi
199 343 322 376 autem
364 337 545 373 Nazareth
582 339 793 379 remanent,
834 338 870 371 et

84 397 287 433 pauperem
318 384 430 420 vitam
464 384 615 419 ducunt.
647 383 729 426 Ubi,
764 393 868 418 more

84 433 208 476 solito,
229 432 366 477 Joseph
390 441 523 477 operas
545 429 698 466 fabriles
718 429 867 473 locavit,

85 484 120 517 et
145 479 262 516 Maria
285 479 439 522 filando,
466 482 502 513 et
526 478 682 521 suendo,
704 481 739 514 et
761 477 868 521 alias,

83 530 194 574 prout
215 526 348 572 potuit,
379 525 577 568 laboravit,
611 536 653 561 ae
680 524 869 561 nihilomi-

82 585 153 611 nus
166 573 265 609 circa
284 573 413 609 Filium
434 583 543 608 suum
563 572 724 619 diligens
742 576 778 609 et
797 572 870 608 sol-

83 620 186 657 licita
221 619 304 656 suit.
340 622 383 656 Ut
419 620 520 655 euim
551 619 601 655 ait
636 621 868 656 Anselmus:

85 682 104 702 «
126 669 199 704 Nee
226 671 281 704 est
304 667 429 713 aliqua
451 667 620 710 srientia,
651 678 732 713 quse
755 667 873 714 possit

82 717 295 762 penetrare,
324 726 391 750 nec
418 714 648 760 eloquentia,
674 726 756 761 qua¹
787 726 872 762 pos-

82 761 130 799 sit
155 762 376 808 praedimre,
406 767 545 808 quanta
577 763 787 799 dulcedinis
816 773 874 799 se-

82 809 239 846 dulitate
262 811 302 845 B.
327 810 435 855 Virgo
455 809 571 845 Maria
595 811 795 846 Parvulum
821 810 874 845 so-

81 856 191 901 verit‚
224 861 363 902 quanta
397 857 592 901 diligentia
618 857 876 903 obsequioque

80 903 380 947 Adolescentem,

82 951 294 998 provexerit
326 952 539 988 vadentem.
572 953 615 987 Et
650 956 690 988 ut
718 952 878 998 ipsamet

83 998 230 1035 cuidam
277 999 419 1035 devotae
467 1010 636 1045 personae
684 1000 878 1044 revelavit,

83 1046 276 1082 multoties
308 1057 391 1083 cum
428 1047 557 1082 Filium
592 1058 699 1082 suum
735 1047 879 1091 gremio

82 1093 311 1138 confoveret,
332 1104 406 1140 prae
429 1094 546 1130 nimia
569 1094 780 1131 devotionis
795 1095 879 1131 dul-

84 1140 231 1185 cedine,
259 1146 369 1187 caput
390 1152 498 1177 suum
525 1141 636 1187 capiti
663 1142 743 1177 Filii
770 1142 880 1178 accli-

83 1197 194 1232 nans,
210 1192 336 1224 tantas
355 1189 538 1235 lacrymas
555 1189 700 1232 effudit,
716 1193 754 1226 ut
773 1193 882 1235 caput

85 1238 120 1271 et
142 1238 258 1271 totam
281 1237 361 1281 ejus
390 1237 521 1272 sat-iem
545 1237 720 1283 lacrymis
743 1237 883 1273 amoris

86 1281 241 1328 rigaret,
255 1288 289 1319 et
303 1284 451 1320 dicebat
468 1296 475 1319 :
493 1288 521 1320 O
538 1285 644 1320 salus
653 1288 689 1320 et
706 1284 882 1330 gaudium

87 1329 223 1366 animae
251 1331 363 1367 meas!
398 1331 486 1374 Quis
518 1332 596 1367 hate
624 1331 794 1376 audiens,
827 1332 884 1367 vel

87 1381 215 1414 mente
235 1381 414 1417 tractans,
439 1390 477 1414 se
504 1389 526 1414 a
553 1379 728 1425 lacrymis
749 1378 886 1426 poterit

88 1424 315 1462 continere?
336 1441 353 1458 »
375 1427 455 1462 haec
473 1428 681 1462 Anselmus.

429 908 461 939 et
510 904 548 939 in
600 905 716 941 robur
756 904 899 955 aetatis,

995 244 1186 279 ioCunisTt
1201 255 1360 280 thAths
1374 258 1578 282 ()l·'1-·1ClA.—
1594 248 1733 286 Exinde

943 299 1060 335 usque
1089 290 1135 325 ad
1162 290 1427 328 duodecimum
1455 305 1594 330 aunum
1625 297 1731 342 pueri

941 337 1046 377 Jesu,
1070 347 1145 371 non
1171 336 1306 381 legitur
1326 340 1465 385 aliquid
1489 342 1534 377 de
1558 343 1651 388 ipso,
1674 344 1731 380 vel

943 383 989 419 de
1010 384 1090 429 ejus
1114 384 1345 428 parentibus.
1372 387 1512 423 ltivitur
1533 394 1673 434 tamen,
1695 394 1734 427 et

943 429 1145 467 verisimile
1161 434 1230 474 est,
1247 432 1346 476 quod
1364 432 1398 467 iu
1416 436 1594 472 Nazareth
1611 438 1733 475 adhue

945 481 1001 514 est
1020 478 1102 514 sons
1120 488 1271 523 parvus,
1293 479 1339 514 ad
1363 490 1471 525 quem
1494 485 1651 520 Domina
1668 486 1733 522 ali-

945 525 1097 571 quando
1125 524 1214 568 ibat,
1245 529 1282 560 et
1318 526 1364 561 de
1392 538 1464 572 quo
1504 541 1593 575 puer
1621 534 1732 569 Jesus

946 575 1166 619 frequenter
1191 583 1330 618 aquam
1358 574 1567 620 hauriebat,
1593 583 1625 614 et
1656 582 1732 616 Ma-

946 620 993 656 tri
1028 619 1278 663 ministrabat,
1311 624 1438 666 utpote
1469 623 1529 668 qui
1562 627 1733 663 subditus

946 667 998 703 illi
1029 670 1122 703 erat.
1158 668 1229 702 Pro
1261 668 1417 703 summis
1451 681 1539 715 ergo
1575 672 1732 718 deliciis,

947 715 1136 751 interdum
1172 725 1307 760 aquam
1348 715 1477 752 tribuit
1511 729 1586 753 suat
1626 721 1732 756 Matri

948 762 1010 809 qui
1031 762 1096 798 dat
1118 772 1241 798 escam
1267 762 1367 798 omni
1390 764 1508 800 carni.
1533 766 1599 801 Ubi
1621 767 1736 804 etiam

950 810 1086 846 herbas
1098 809 1137 845 in
1151 809 1252 855 agris
1270 810 1433 856 collegit,
1449 812 1494 847 de
1508 813 1642 858 quibus
1658 816 1735 851 Ma-

951 861 1007 893 ter
1036 857 1139 893 olera
1163 856 1379 893 conticeret.
1410 859 1583 896 Faciebat
1608 862 1737 908 hujus-

951 904 1052 941 modi
1074 904 1225 940 servitia
1240 904 1347 940 Matri
1369 906 1520 942 humilis
1536 909 1735 954 Dominus;

953 963 1028 988 non
1053 951 1152 987 enim
1173 953 1335 988 habebat
1355 953 1468 989 alium
1494 955 1735 1002 servientem,

953 1000 1010 1035 vel
1028 1000 1221 1045 juvantem
1244 999 1280 1035 in
1296 1001 1595 1038 necessitatibus.
1617 1005 1654 1039 ln
1672 1005 1738 1040 hu-

956 1047 1112 1083 militate
1128 1057 1165 1082 se
1178 1047 1399 1092 tempestive
1417 1060 1590 1086 exercere
1609 1051 1736 1098 coepit,

956 1095 1002 1131 de
1020 1105 1094 1140 qua
1119 1095 1358 1140 postmodum
1377 1106 1453 1140 prae
1473 1097 1607 1133 veteris
1626 1098 1737 1135 virtu-

957 1142 1055 1178 tibus
1078 1141 1290 1187 gloriando,
1312 1142 1400 1177 dixit
1425 1156 1435 1178 .·
1460 1146 1592 1179 Discite
1617 1157 1638 1180 α
1666 1157 1734 1187 me,

957 1191 1045 1235 quia
1059 1192 1160 1224 mitis
1173 1201 1266 1230 sum,
1284 1194 1316 1225 et
1332 1191 1480 1225 humilis
1498 1193 1613 1227 corde.
1631 1193 1736 1229 Unde

958 1238 1175 1273 Anselmus:
1193 1251 1210 1269 «
1230 1236 1324 1272 Nihil
1344 1238 1561 1274 vesanitatis
1573 1240 1737 1276 :estimes

957 1283 1024 1320 tibi
1051 1294 1304 1328 accessurum,
1327 1284 1356 1319 si
1385 1296 1468 1320 eum
1495 1287 1593 1332 apud
1620 1289 1735 1324 Naza-

958 1332 1041 1367 reth
1058 1342 1214 1377 puerum
1231 1331 1328 1367 inter
1347 1342 1484 1377 pueros
1504 1335 1736 1381 contemple-

958 1378 1024 1422 ris,
1045 1379 1073 1414 si
1095 1379 1365 1424 obsequentem
1379 1380 1500 1423 Matri,
1515 1380 1544 1415 si
1565 1382 1733 1427 operanti

960 1426 1114 1462 nutritio
1138 1426 1379 1462 assistentem
1399 1426 1594 1464 intuearis.
1620 1443 1638 1461 »

826 1544 998 1581 ORATIO

138 1639 167 1676 Ο
187 1640 277 1676 Jesu
298 1639 510 1683 mitissime,
536 1639 598 1685 qui
620 1639 666 1676 de
688 1639 844 1686 Virgine
870 1643 981 1675 natus
1001 1639 1039 1675 in
1065 1643 1193 1686 partes
1219 1641 1364 1687 AEgypti
1393 1641 1595 1687 secessisti,
1624 1651 1662 1679 et
1686 1655 1733 1680 an

89 1688 132 1724 AE
210 1689 247 1723 to
268 1691 437 1731 vocatus,
460 1687 497 1722 in
518 1689 657 1723 terram
679 1687 792 1723 Israel
813 1687 972 1731 rediisti,
999 1698 1134 1724 revoca
1156 1698 1229 1732 me,
1259 1688 1432 1733 Domine,
1456 1700 1606 1726 servum
1627 1694 1733 1727 tuum

92 1744 115 1772 a
134 1745 182 1771 vu
199 1737 239 1770 tu
259 1735 454 1771 oculorum
476 1738 626 1771 tuorum
645 1734 683 1770 in
699 1737 855 1782 AEgypto
877 1735 988 1781 hujus
1006 1734 1104 1771 exilii
1126 1736 1349 1782 prOJ'eetum,
1376 1736 1414 1772 in
1432 1737 1545 1783 hujus
1565 1739 1734 1784 peregri-

91 1781 256 1818 nationis
276 1782 442 1818 tenebris
469 1782 672 1826 exulatum,
700 1783 747 1818 ab
770 1782 916 1829 AEgypti
946 1782 1126 1828 partibus,
1153 1793 1176 1818 a
1206 1784 1408 1820 mundante
1437 1786 1734 1822 conversationis

93 1828 260 1866 tenebris
281 1830 393 1865 reduc
414 1840 585 1876 corpore,
608 1830 721 1866 redue
742 1834 882 1873 mente,
904 1830 1019 1866 reduc
1041 1834 1077 1866 et
1099 1830 1292 1867 voluntate
1316 1843 1324 1866 ε
1348 1832 1405 1867 sae
1426 1843 1485 1867 me
1513 1832 1602 1868 vitia
1629 1833 1736 1870 dese—

93 1887 191 1922 rere,
218 1877 317 1913 etad
330 1877 486 1913 virtutes
500 1877 660 1913 transire
681 1881 718 1913 et
738 1877 932 1913 interram
947 1877 1208 1923 promissionis
1221 1889 1279 1915 me
1294 1878 1463 1925 digneris
1478 1879 1732 1925 introducere,

94 1924 319 2007 PodoAfide,
342 1935 420 1971 spe,
443 1928 479 1961 et
496 1925 693 1970 charitate,
715 1924 754 1961 in
773 1925 899 1961 futuro
920 1935 1008 1961 vero
1030 1936 1083 1970 re,
1109 1925 1247 1972 speeie,
1275 1926 1553 1972 glorificatione
1577 1931 1614 1963 et
1635 1927 1732 1964 veri-

113 1982 135 2008 a
155 1981 188 2008 θ.
244 1982 344 2008 men.

774 2141 954 2188 CAPUT
976 2143 1058 2188 XV

143 2290 193 2318 DE
224 2289 272 2319 EO
297 2290 401 2324 QUOD
428 2292 528 2320 PUER
547 2291 664 2320 JESUS
688 2291 890 2319 REMANSIT
919 2291 958 2319 IN
983 2291 1226 2329 JERUSALEM,
1255 2293 1305 2320 ΕΤ
1329 2294 1524 2323 INVENTUS
1548 2295 1619 2323 EST
1643 2296 1683 2324 IN

831 2345 1000 2375 Tl'JMPLO·

774 2468 880 2504 Lucae
902 2478 983 2515 cap.
1008 2470 1052 2505 ΙΙ.

147 2619 160 2641 ι
184 2604 262 2648 Quo
287 2615 396 2639 513st
424 2604 598 2640 Cmusws
619 2615 784 2639 cnnwssn
804 2616 889 2640 nici-

95 2651 192 2689 Tua‘?
221 2673 266 2677 —
292 2653 386 2687 Puer
422 2656 541 2687 autem
571 2653 680 2688 Jesus
711 2653 888 2688 crescebat

95 2699 135 2736 in
156 2702 375 2745 augmento,
401 2703 433 2734 et
456 2700 744 2742 confortabatur,
774 2699 811 2735 in
834 2700 885 2735 vi-

95 2757 186 2793 gore
206 2746 360 2786 scilicet,
387 2751 568 2792 quantum
596 2747 643 2783 ad
667 2757 815 2793 corpus.
845 2748 887 2783 Et

97 2804 143 2831 ne
169 2795 253 2841 quis
275 2793 505 2840 imaginetur
530 2794 582 2830 ita
613 2805 698 2831 eum
726 2795 886 2831 crevisse

955 2605 1159 2642 seeundum
1171 2606 1351 2652 animam,
1369 2607 1463 2644 sicut
1476 2608 1591 2643 crevit
1606 2618 1737 2643 seeun-

954 2653 1043 2689 dum
1067 2664 1217 2700 corpus,
1250 2654 1333 2691 ideo
1366 2655 1491 2691 subdit
1527 2655 1625 2700 quod
1660 2659 1739 2691 erat

950 2702 1080 2746 plenus
1102 2704 1299 2748 sapientia,
1325 2702 1465 2738 scilieet
1488 2707 1667 2747 quantum
1692 2703 1738 2738 ad

952 2748 1138 2793 animam;
1161 2753 1195 2785 et
1215 2752 1339 2794 qratia
1378 2752 1442 2785 Dm·
1475 2754 1551 2785 erat
1585 2752 1619 2784 ίη
1661 2751 1738 2791 illo.

952 2796 1095 2833 scilicet
1114 2802 1296 2843 quantum
1317 2797 1364 2832 ad
1383 2801 1594 2843 utrumque.
1620 2797 1739 2842 Unde,
