1902 3126
361 144 552 178 JOANNES
587 145 611 178 A
648 144 731 177 DEO
769 144 930 178 MISSUS
968 144 1102 178 VENIT
1139 146 1193 179 AD
1232 147 1472 184 PUBLICUM.
1684 152 1742 187 161

152 236 343 283 Quidquid
369 236 478 272 habes
498 235 635 279 meriti,
659 237 886 279 praeventriae

590 281 729 327 [qratia
751 282 884 327 donat3

151 330 218 369 Nil
235 332 329 366 Deus
349 331 387 365 in
412 328 530 374 nobis,
548 332 683 374 praeter
702 329 887 422 ῗῖἑινὲξῖοᾶιεα

103 447 207 486 Unde
223 446 276 484 ait
292 445 546 490 Auqustinus!
566 460 579 477 α
596 446 712 488 Quam
725 445 886 490 gratiam

101 494 225 543 primo
269 492 506 538 accepimus?
542 492 684 528 Fidem.
721 494 888 530 Vocatur

101 541 203 579 enIm
234 541 369 587 gratia,
395 540 574 585 quoniam
610 540 727 585 gratis
760 540 884 577 datur.

100 589 207 626 Hanc
240 598 330 633 ergo
364 586 500 633 accipit
531 587 691 633 gratiam
724 587 885 634 primam

97 637 287 682 peccator,
320 637 361 670 ut
394 635 474 680 ejus
506 638 660 680 peccata
691 635 884 671 dimittan-

98 686 172 719 tur.
192 695 211 714 »
234 683 279 717 Et
299 680 434 717 iterum
457 693 465 717 ε
491 695 507 715 «
525 682 692 718 Gratiam
709 693 776 728 pro
794 693 882 728 gra-

98 728 167 773 tia,
187 727 226 765 id
246 732 303 764 est
324 739 392 774 pro
420 729 489 764 hac
510 728 645 774 gratia,
674 729 712 764 in
740 739 814 775 qua
840 740 883 765 ex

98 775 174 813 fide
198 775 372 819 vivimus,
395 775 582 822 recepturi
612 786 740 812 sumus
769 776 883 812 aliam

97 822 138 860 in
161 821 275 859 vitam
297 826 491 858 aeternam.
511 822 595 858 Vita
611 823 710 858 enim
724 826 880 867 aeterna,

97 869 206 954 guasi
233 880 378 906 merces
399 874 455 906 est
473 869 574 906 fidei.
598 870 670 906 Sed
689 870 776 915 quia
801 870 884 916 ipsa

128 917 194 954 des
211 916 332 963 gratia
353 916 510 959 est,vita
528 920 669 953 aeterna
687 917 810 962 gratia
826 922 883 953 est

96 974 166 1012 pro
187 965 321 1010 gratia.
348 977 364 996 »
391 965 434 999 Et
455 963 556 1009 quia,
578 967 618 999 ut
644 963 784 1000 dictum
812 968 881 1009 est,

98 1011 146 1048 de
166 1010 399 1057 plenitudine
422 1011 516 1056 ejus,
543 1021 612 1046 nos
639 1021 771 1047 omnes
796 1022 881 1058 gra-

96 1058 190 1095 tiam
207 1058 435 1104 accepimus,
453 1057 604 1093 insonte
617 1062 743 1094 autem
756 1058 880 1103 pleno,

96 1114 163 1142 vas
189 1104 360 1150 accipere
384 1109 506 1150 potest
531 1115 669 1151 aquam
697 1109 881 1151 quantum

93 1154 234 1200 potest,
249 1153 456 1188 secundum
478 1163 585 1188 suam
613 1152 877 1198 capacitatem,

96 1202 134 1236 et
154 1198 335 1246 siparum
357 1199 514 1245 accipiat
537 1210 611 1235 non
631 1204 688 1235 est
714 1199 882 1236 desectus

96 1246 226 1289 fontis,
250 1246 314 1282 sed
341 1246 463 1291 vasis,
492 1246 544 1282 sic
569 1247 605 1282 in
637 1246 799 1291 Christo,
819 1247 880 1292 qui

96 1296 154 1330 est
177 1293 260 1329 sons
282 1293 367 1328 vitae
392 1293 539 1338 plenus,
557 1304 625 1329 nos
645 1294 804 1338 gratiam
826 1305 881 1330 re-

97 1340 278 1387 cepimus,
301 1340 504 1376 secundnm
533 1340 704 1376 cordium
736 1344 883 1376 nostro-

95 1398 182 1424 rum
203 1387 462 1433 capacitatvm.
487 1388 558 1424 Sed
586 1388 755 1424 videmus
780 1388 881 1433 quod

96 1435 183 1482 plus
198 1434 296 1481 capit
309 1445 371 1470 vas
393 1435 544 1470 bassum
561 1439 598 1470 et
619 1436 750 1478 latum,
767 1445 881 1480 quam

96 1492 164 1518 vas
178 1481 293 1518 altum
311 1485 346 1517 et
359 1482 550 1526 strictum3
571 1482 623 1517 sic
644 1493 710 1517 cor
728 1483 880 1518 bassum

94 1538 164 1576 per
187 1528 456 1572 humilitatem,
475 1532 509 1564 et
529 1529 647 1564 latum
667 1539 735 1574 per
755 1528 879 1564 chari-

94 1578 227 1620 tatem,
245 1576 329 1622 plus
351 1575 495 1622 recipit,
511 1579 547 1611 et
561 1575 681 1622 magis
697 1579 752 1611 est
764 1586 879 1621 capax

94 1622 241 1670 gratiae,
275 1633 387 1668 quam
427 1633 493 1659 cor
517 1623 634 1658 altum
662 1633 730 1668 per
752 1633 881 1669 super-

93 1669 212 1715 biam,
225 1673 261 1706 et
273 1670 444 1706 strictum
458 1680 525 1716 per
542 1670 754 1706 avaritiam.
774 1670 879 1706 Unde

93 1728 139 1755 ex
157 1721 264 1765 parte
277 1716 417 1762 dantis,
433 1728 509 1753 non
529 1720 587 1754 est
606 1717 796 1761 detectus3
813 1717 880 1753 sed

94 1775 138 1802 ex
161 1767 268 1818 parte
288 1768 433 1808 nostra,
461 1768 519 1800 est
539 1765 728 1808 desectus;
753 1764 783 1800 si
806 1775 879 1800 non

93 1811 300 1859 accipimus
332 1822 402 1858 per
430 1811 683 1848 humilitatem
717 1815 753 1848 et
785 1811 879 1847 dile-

93 1858 478 1905 ctionem-quantum
518 1870 731 1905 possumus.
773 1859 880 1894 Unde

90 1906 256 1944 Isidorus
279 1918 287 1942 :
312 1920 331 1939 «
352 1906 458 1942 Nullo
478 1906 596 1952 magis
617 1906 683 1942 Dei
704 1909 741 1942 et
759 1906 880 1942 homi-

93 1963 185 1990 num
209 1952 370 2000 gratiam
391 1963 595 1997 meremur,
623 1963 736 1999 quam
757 1953 788 1988 si
809 1953 880 1989 hu-

93 2000 203 2037 miles
232 1999 272 2036 in
302 1999 386 2036 sinu
407 2000 602 2037 charitatis
631 2011 712 2036 esse
733 2000 884 2036 studea·

94 2057 179 2084 mus
201 2058 210 2084 t
231 2061 250 2079 »
279 2048 359 2083 haec
379 2048 554 2083 Isidorus.

147 2097 187 2131 15
223 2096 467 2131 Dlrrnnsxrm
500 2106 605 2130 man
639 2106 708 2131 nco
744 2096 881 2130 TESTA-

95 2153 227 2179 nexu.
265 2162 311 2170 —
339 2143 421 2178 Non
453 2145 535 2178 erat
569 2142 642 2178 ista
671 2142 810 2187 gratia,
843 2145 883 2178 ut

95 2188 187 2226 dicit
229 2190 475 2234 Auwsstnus,
516 2189 555 2225 in
590 2189 716 2225 Veteri
752 2191 882 2226 'l'esta-

93 2240 243 2281 mento;
267 2237 354 2283 quia
378 2238 447 2273 Lex
466 2236 696 2280 minabatur,
713 2247 788 2272 non
804 2236 883 2282 opi-

95 2283 308 2327 tulabatur;
351 2284 527 2330 jubebat,
570 2295 647 2320 non
696 2285 880 2328 sanabat;

95 2329 322 2377 languorem
335 2331 571 2374 ostendebat,
582 2342 657 2367 non
671 2331 881 2375 auferebat,

94 2377 162 2414 sed
184 2378 420 2424 praeparabat
442 2378 588 2414 medico
605 2383 777 2422 venturo,
796 2389 882 2414 cum

97 2424 221 2472 gratia
241 2429 277 2461 et
292 2425 461 2461 veritate.
483 2426 527 2461 Et
547 2425 631 2462 ideo
650 2426 804 2462 modum
825 2436 884 2462 ac-

94 2471 278 2519 ceptionis
315 2471 446 2518 gratiae
477 2472 754 2518 determinans,
790 2474 882 2510 snb-

90 2519 215 2567 jungit
250 2531 258 2555 :
294 2520 388 2562 Quia
421 2521 496 2555 Lex
526 2530 591 2565 per
621 2522 770 2565 Moysen
791 2521 882 2556 data

92 2569 160 2608 est,
181 2577 265 2613 quae
286 2571 341 2603 est
363 2566 599 2603 annuntiatio
621 2568 776 2612 salutis;
798 2579 883 2612 qra-

93 2615 149 2650 tia
182 2624 271 2650 vero
299 2624 382 2660 quoe
408 2614 518 2650 datur
544 2613 582 2650 in
608 2614 821 2660 virtutibus,
846 2618 884 2652 et

93 2659 216 2706 donis,
257 2664 295 2697 et
336 2661 598 2706 sacramentis,
644 2666 681 2698 et
729 2673 803 2709 qua
841 2663 884 2698 fit

94 2707 199 2745 salus
220 2708 440 2752 hominum;
469 2712 502 2744 et
526 2711 675 2754 rer-itas,
695 2709 883 2756 impletio-

94 2754 156 2792 nis
176 2755 399 2804 figurarum,
427 2760 463 2793 et
488 2757 797 2804 promissionum,
816 2768 885 2805 per

216 2819 315 2892 (Vin
331 2820 418 2856 Jsssu
443 2819 604 2862 Cnmsn,
629 2831 744 2857 ‘tonus
764 2822 794 2856 1.

957 214 1092 266 Iesum,
1113 215 1359 261 Salvatorem,
1377 219 1571 261 Christum,
1587 225 1742 259 unctum

958 260 1097 306 Spiritu
1119 262 1270 306 Sancto,
1284 266 1387 306 facta
1403 270 1468 304 est,
1488 266 1524 302 iu
1547 278 1600 311 se,
1622 271 1658 304 et
1676 279 1744 314 per

957 317 996 342 se
1032 307 1276 344 sufficienter.
1306 311 1411 347 Unde
1440 312 1537 349 idem
1565 316 1743 358 „anqusti-

955 363 1054 389 nus:
1083 366 1100 387 «
1131 355 1287 390 Mortem
1311 357 1410 393 enim
1434 362 1682 405 temporalem
1703 366 1742 398 et

957 404 1136 436 aeternam
1177 401 1313 437 occidit
1351 414 1452 440 mors
1487 408 1630 443 Domini
1673 409 1739 446 tui.

957 449 1041 493 Ipsa
1060 451 1117 483 est
1135 447 1271 493 gratia,
1291 459 1372 494 quae
1390 453 1589 496 promissa,
1607 461 1642 490 et
1665 466 1741 493 non

956 494 1098 538 habita,
1131 497 1213 530 erat
1241 494 1280 530 in
1315 497 1433 542 Lege.
1465 512 1477 529 n
1514 501 1550 534 1-21
1586 503 1740 546 Chryso-

954 545 1090 577 stomus
1113 554 1122 577 :
1147 555 1164 575 «
1187 543 1239 577 Ea
1259 542 1359 578 enim
1383 554 1466 589 qute
1492 545 1526 580 in
1550 548 1649 583 Novo
1670 551 1740 586 Te-

955 591 1141 625 stamento
1162 589 1395 635 perficienda
1415 596 1536 635 erant,
1554 593 1589 628 in
1613 596 1740 632 Veteri

953 637 1190 672 Testamento
1230 636 1361 682 figuris
1411 640 1738 687 praescripserunt,

953 693 1049 728 quas
1091 683 1262 719 Christus
1301 684 1457 720 veniens
1502 686 1737 732 adimplevit.

954 730 1058 766 Unde
1077 730 1200 776 figura
1210 730 1298 766 data
1317 735 1373 767 est
1391 742 1459 778 per
1480 734 1656 778 Moysem
1680 745 1740 772 ve—

953 777 1045 813 ritas
1064 788 1132 823 per
1152 777 1340 814 Christum
1362 778 1460 815 sacta
1484 783 1554 815 est.
1579 793 1595 812 n

1004 828 1043 868 14
1066 825 1143 868 Quo
1167 836 1262 860 nono
1286 837 1434 861 valuns
1460 839 1500 862 ΕΤ
1522 838 1652 863 cmm
1673 839 1741 865 PER

953 871 1146 907 enum-cu.
1169 892 1215 897 --
1233 872 1400 915 Qualiter
1419 877 1544 910 autem
1564 875 1643 910 haec
1659 886 1743 920 gra-

952 918 1004 954 tia
1030 922 1068 954 et
1097 918 1236 955 veritas
1276 919 1373 955 sacta
1413 924 1482 962 est,
1512 922 1738 967 ostenditur,

952 976 1037 1001 cum
1065 966 1238 1002 subditur
1266 977 1273 1001 :
1304 969 1427 1007 Deum,
1457 972 1495 1003 ut
1523 973 1593 1011 est,
1621 980 1738 1014 nemo,

951 1012 985 1048 id
1011 1016 1066 1048 est
1083 1013 1184 1049 nulla
1203 1017 1392 1057 creatura,
1430 1015 1525 1050 vidit
1550 1027 1741 1062 umquam,

952 1059 989 1095 id
1011 1063 1066 1095 est
1081 1059 1222 1096 visione
1241 1061 1611 1106 comprehensionis:
1633 1063 1738 1108 quia,

953 1110 991 1141 ut
1012 1106 1101 1142 dicit
1117 1108 1404 1149 chrysostomus,
1423 1118 1489 1143 nec
1504 1109 1652 1153 AngeIL
1672 1120 1740 1146 nec

952 1153 1033 1199 ipsa
1072 1154 1284 1199 Seraphim,
1313 1155 1513 1191 essentiam
1544 1156 1606 1192 Dei
1636 1156 1739 1193 vide-

951 1204 1059 1244 runt;
1076 1200 1132 1236 vel
1158 1203 1274 1237 Deum
1290 1212 1415 1245 nemo,
1441 1202 1738 1240 scilicetmorta-

951 1247 1056 1291 lium,
1075 1247 1167 1283 vidit
1185 1259 1377 1294 umquam.
1397 1250 1501 1285 Unde
1515 1250 1710 1294 Gregorius
1727 1264 1737 1286 .·

953 1309 970 1327 «
993 1295 1176 1338 Quamdiu
1199 1295 1258 1331 hic
1284 1296 1494 1332 mortaliter
1516 1297 1665 1341 xix‘itnr,
1688 1298 1741 1334 vi·

951 1341 1030 1377 deri
1050 1352 1118 1387 per
1138 1342 1321 1387 quasdam
1343 1342 1526 1388 imagines
1547 1345 1643 1380 Dens
1660 1348 1740 1390 pot-

950 1392 1021 1432 est,
1043 1389 1109 1425 sed
1130 1399 1197 1434 per
1226 1389 1346 1435 ipsam
1377 1394 1521 1425 naturai
1547 1402 1624 1426 snze
1653 1402 1738 1437 spe-

951 1435 1059 1479 ciem,
1100 1446 1171 1471 non
1202 1440 1345 1480 potest;
1384 1441 1425 1472 ut
1452 1437 1581 1473 anima
1616 1438 1740 1483 gratia

950 1481 1105 1528 spiritus
1132 1483 1276 1526 afflata,
1304 1493 1372 1528 per
1390 1484 1531 1529 figuras
1554 1485 1740 1530 quasdam

950 1530 1067 1564 Deum
1090 1528 1229 1573 videat,
1251 1530 1318 1565 sed
1345 1530 1391 1566 ad
1416 1533 1534 1576 ipsam
1563 1531 1636 1566 vim
1658 1532 1739 1578 eJus

949 1575 1123 1611 essentiae
1138 1587 1213 1612 non
1234 1576 1436 1623 pertingat.
1454 1578 1491 1614 Si
1510 1589 1598 1614 vero
1620 1589 1641 1614 a
1659 1579 1762 1624 qui?

948 1623 1107 1659 busdam
1147 1627 1271 1669 potest
1310 1623 1349 1659 in
1393 1625 1464 1661 hac
1501 1625 1740 1671 corruptibili

949 1681 1062 1706 carne
1083 1670 1310 1714 viventibus,
1335 1675 1479 1708 aeterna
1498 1672 1652 1709 claritas
1671 1672 1739 1710 Dei

948 1717 1081 1762 videri,
1102 1718 1174 1754 hoc
1193 1718 1240 1754 ab
1267 1718 1337 1754 hac
1358 1720 1548 1755 sententia
1569 1731 1642 1756 non
1672 1721 1739 1758 ab·

948 1765 1097 1807 horret;
1118 1764 1296 1810 quoniam
1309 1765 1480 1812 quisquis
1496 1766 1738 1813 sapientiam,

950 1822 1032 1857 quae
1051 1816 1107 1848 est
1128 1814 1241 1857 Deus,
1263 1812 1377 1857 videt,
1399 1813 1488 1850 huie
1510 1815 1595 1850 vitre
1618 1815 1740 1851 sundi-

949 1863 1009 1895 tus
1043 1859 1217 1904 moritur,
1239 1870 1286 1895 ne
1318 1861 1398 1907 jam
1429 1862 1511 1907 eJus
1530 1872 1661 1898 amore
1681 1866 1738 1899 te-

950 1909 1096 1942 neatur.
1120 1921 1138 1939 >›
1162 1907 1266 1943 Unde
1284 1912 1320 1943 et
1334 1909 1568 1952 Auyustinus
1589 1922 1599 1944 :
1623 1922 1640 1942 «
1660 1909 1739 1945 Nisi

950 1953 1050 1989 enim
1068 1953 1115 1989 ab
1137 1954 1206 1989 hac
1226 1953 1302 1990 vita
1316 1956 1474 2000 quisque
1493 1956 1740 2000 quodammo-

950 2000 998 2036 do
1027 2000 1222 2044 moriatur,
1250 2011 1325 2037 non
1346 2000 1384 2037 in
1409 2002 1512 2038 illam
1537 2002 1683 2048 rapitur
1702 2007 1740 2039 et

951 2047 1172 2083 subvehitur
1186 2047 1386 2084 visionem.
1405 2062 1424 2081 υ
1441 2051 1483 2085 Et
1499 2050 1672 2086 subditur
1691 2050 1739 2086 de

951 2105 993 2130 eo
1023 2104 1044 2130 a
1081 2104 1154 2139 quo
1175 2096 1508 2141 comprehenditur
1530 2108 1538 2132 :
1565 2099 1740 2141 Unigeni-

951 2145 1023 2183 tus,
1056 2141 1197 2177 scilicet
1217 2144 1349 2183 Filius,
1385 2145 1452 2189 qui
1472 2147 1524 2179 est
1545 2148 1582 2180 et
1609 2148 1741 2180 manet

951 2191 990 2223 in
1032 2190 1130 2234 sinu,
1171 2188 1207 2225 id
1240 2193 1296 2226 est
1334 2189 1374 2226 in
1404 2190 1547 2227 intimis
1582 2191 1740 2228 secretis

950 2237 1073 2272 Patris
1107 2236 1255 2281 aeterni,
1286 2247 1354 2283 per
1386 2239 1501 2284 quod,
1530 2239 1740 2275 secundum

952 2283 1257 2329 Chr-ysostomum,
1283 2284 1455 2331 signatur
1484 2286 1738 2329 familiaritas,

951 2333 988 2366 et
1004 2331 1242 2368 coaeternitas
1254 2332 1338 2377 ejus
1354 2333 1454 2380 apud
1472 2335 1620 2369 Patrem
1636 2346 1644 2378 ;
1661 2336 1740 2380 ipse

951 2380 1141 2414 enarravit
1169 2378 1345 2416 fidelibus
1382 2381 1482 2426 quod
1510 2380 1626 2423 vidit3
1651 2380 1741 2426 quia

952 2435 1016 2461 eos
1043 2425 1090 2462 de
1118 2426 1273 2463 secretis
1295 2426 1506 2464 divinitatis
1534 2427 1676 2471 docuit,
1698 2431 1738 2464 ut

951 2472 997 2508 de
1027 2473 1207 2520 mysterio
1238 2473 1444 2518 Trinitatis,
1467 2480 1504 2511 et
1538 2476 1583 2511 de
1611 2473 1739 2510 multis

951 2519 1049 2563 aliis,
1079 2531 1163 2567 quae
1193 2532 1269 2557 non
1302 2522 1454 2559 fuerunt
1483 2522 1535 2558 ita
1566 2520 1739 2567 explicite

953 2568 1103 2612 tradita,
1146 2568 1186 2605 in
1205 2570 1300 2613 Lege
1337 2573 1373 2605 et
1398 2568 1609 2615 Prophetis,
1644 2568 1739 2604 sicut

952 2614 1123 2652 Christus
1162 2616 1378 2663 explicat-in
1423 2616 1550 2662 sicque
1597 2626 1661 2651 eos
1700 2615 1738 2651 in

952 2662 1027 2699 fide
1047 2666 1083 2699 et
1105 2663 1229 2710 gratia
1254 2663 1342 2700 fidei
1367 2663 1550 2707 fundavit,
1570 2673 1612 2698 ac
1636 2661 1736 2698 xiam

953 2709 1085 2746 salutis
1123 2711 1300 2747 omnibus
1336 2711 1515 2754 ostendit,
1553 2714 1588 2746 et
1623 2708 1661 2745 in
1697 2720 1737 2745 se

952 2757 1114 2805 aperuit.
1139 2758 1243 2795 Unde
1263 2758 1362 2795 Beda
1385 2771 1394 2793 :
1425 2772 1443 2791 «
1465 2759 1582 2794 Homo
1605 2757 1738 2801 sactuS,
1784 2795 1795 2806 ,

1578 2823 1612 2855 ss
