1876 3126
97 147 160 184 368
737 147 876 182 INDEX
913 147 1110 183 CAPITUM

122 213 766 265 9ConcursuspopuliadJoannem.
821 218 886 261 148
966 219 1007 261 14
1029 216 1115 253 Sola
1135 214 1250 252 officii
1281 214 1435 254 omissio
1456 216 1625 254 damnat.
1679 218 1743 255 151

101 279 142 304 10
166 265 361 319 Quomodo
382 266 548 300 Joannes
564 273 648 299 cum
666 263 767 299 Pha·
965 267 1005 301 15
1028 264 1284 311 Eleemosynae
1313 264 1496 301 faciendae
1525 275 1626 312 prae-

144 313 266 349 risaeis
278 317 315 348 et
335 309 524 348 Saducaeis
540 309 696 364 egerit?
819 314 885 360 149
1008 315 1171 358 ceptum.
1680 313 1746 349 152

101 373 139 398 ιι
165 359 347 398 Gloriatio
379 362 417 395 et
437 356 696 394 confidentia
687 368 766 394 lna-
964 363 1004 397 16
1027 360 1083 395 Ad
1113 361 1298 396 Joannem
1323 359 1478 396 veniunt
1503 357 1625 406 publi-

143 407 203 444 nis
224 406 570 454 reprehenduntur.
818 408 883 444 150
1007 406 1746 443 cani.155

101 468 140 492 12
163 455 323 508 Lapides
340 465 362 490 a
381 455 531 490 Joanne
548 453 762 500 monstrati,
963 468 1002 501 17
1020 453 1187 490 Veniunt
1204 457 1241 490 et
1262 453 1414 490 milites.
1679 454 1746 490 155

144 506 182 539 et
202 502 292 550 quid
314 500 470 553 mystice
491 500 734 546 significent?
816 503 882 538 150
962 505 1002 538 18
1030 501 1248 537 Exhortatio
1275 502 1323 537 ad
1344 499 1540 547 sequenda
1560 500 1628 538 Jo-

100 552 140 587 15
152 551 349 588 Exarbore
357 547 776 586 sumitsimilitudinem.
814 551 877 586 151
1003 548 1116 585 annis
1135 548 1314 595 Baptistae
1334 548 1492 585 monita.
1680 548 1748 592 154

347 705 498 742 CAPUT
518 703 646 740 XVIII.
672 704 765 738 —De
784 712 822 738 eo
842 701 941 747 quod
960 703 1118 737 Joannes
1140 712 1212 737 non
1231 712 1298 747 per
1315 704 1492 749 seipsum,

539 751 603 787 sed
620 761 643 786 α
659 752 730 786 Deo
751 751 885 786 missus
905 751 1004 786 venit
1024 750 1074 785 ad
1091 749 1298 796 publicum.

125 888 138 911 1
161 869 522 918 ,Ioannis-Baptistae
553 867 684 905 missio
719 865 772 904 di·
988 866 1284 916 9Manifestatio
1312 866 1444 913 gloriae
1472 865 1625 904 Christi.
1682 867 1748 914 159

145 919 235 956 vina
255 919 336 955 suit.
825 917 889 952 155
965 930 1006 952 ιο
1028 915 1204 951 Efficacia
1252 916 1455 951 verborum
1495 912 1630 961 capitis

123 969 240 1005 2Non
260 970 341 1002 erat
359 965 439 1012 ipse
457 965 533 1000 lux.
823 965 888 1000 155
1007 962 1120 1009 primi
1163 962 1358 1008 Evangelii
1417 962 1628 998 secundum

121 1018 141 1051 5
163 1014 239 1051 Soli
265 1015 388 1050 Verbo
422 1012 489 1048 Dei
520 1012 593 1047 hoe
630 1020 770 1046 nomen
1007 1012 1207 1047 ι1031166111.
1684 1010 1750 1046 160

145 1060 336 1098 convenit.
715 1102 722 1110 ·
823 1060 889 1094 156
964 1072 1002 1095 11
1027 1058 1224 1101 Quomodo
1266 1057 1439 1096 Christus
1495 1053 1628 1103 gratiae

120 1113 142 1153 4
162 1107 359 1152 Quomodo
376 1106 414 1142 in
427 1105 582 1153 propria
595 1103 771 1141 venerit?
824 1108 889 1142 156
1008 1105 1170 1151 plenus?
1684 1105 1751 1140 160

123 1160 143 1192 5
163 1155 277 1192 Filios
302 1154 365 1190 Dei
396 1154 480 1191 fieri
503 1156 671 1202 potestas
696 1153 766 1188 ho·
965 1166 1004 1189 12
1022 1154 1074 1188 De
1101 1152 1337 1198 plenitudine
1369 1153 1450 1200 ejus
1488 1149 1630 1198 accipi-

142 1202 312 1240 minibus
333 1203 434 1238 data.
822 1203 886 1248 157
1009 1211 1105 1235 mus.
1684 1199 1751 1235 160

120 1254 141 1288 6
162 1252 250 1287 Haee
275 1249 409 1286 filiatio
443 1252 523 1286 tota
559 1245 770 1296 spiritualis
965 1251 1004 1284 15
1027 1247 1249 1284 Differentia
1270 1246 1369 1284 inter
1396 1247 1470 1283 duo
1497 1247 1630 1282 Testa-

147 1301 219 1335 est.
822 1298 887 1342 157
1008 1299 1150 1330 menta.
1684 1295 1747 1331 161

122 1344 278 1393 7Verbi
299 1343 524 1381 incarnatio.
823 1346 888 1380 158
963 1346 1004 1387 14
1017 1340 1211 1385 Quomodo
1226 1340 1365 1377 veritas
1377 1343 1414 1376 et
1424 1339 1550 1386 gratia
1562 1350 1633 1388 per

122 1396 143 1429 8
162 1392 276 1431 Verbi
294 1391 519 1430 inhabitatio
539 1390 579 1428 in
594 1390 888 1428 nobis.158
1008 1388 1214 1426 Christum.
1688 1389 1752 1426 161

276 1565 426 1604 CAPUT
446 1564 539 1601 XIX.
562 1583 608 1591 —
628 1565 678 1598 De
700 1572 738 1598 eo
759 1560 858 1608 quod
879 1562 1037 1598 Joannes
1060 1561 1245 1605 confessus
1267 1563 1320 1596 est
1341 1571 1380 1597 se
1405 1571 1478 1598 non
1497 1570 1573 1598 esse

459 1613 657 1656 Christum,
678 1610 742 1646 sed
765 1610 844 1656 ejus
863 1619 1125 1657 praecursorem
1145 1612 1178 1644 et
1198 1610 1383 1645 nuntium.

130 1754 143 1777 1
163 1740 332 1784 Quatuor
360 1735 589 1784 quaestiones
616 1734 771 1773 cuilibet
966 1747 1007 1770 10
1027 1731 1237 1768 Praesentia
1254 1730 1391 1768 Christi
1413 1730 1558 1777 ignota.
1687 1735 1755 1771 166

147 1786 347 1824 faciendae.
823 1784 887 1819 162
966 1795 1002 1817 11
1024 1782 1132 1817 ι165115
1157 1783 1247 1832 post
1256 1781 1445 1815 Joannem
1463 1778 1631 1826 quinque

124 1848 141 1872 2
163 1832 357 1872 Confessio
398 1842 488 1868 vera
526 1834 563 1867 et
611 1828 768 1867 humilis
1010 1827 1134 1863 modis
1165 1838 1196 1860 v
1196 1826 1281 1870 nit,
1316 1830 1353 1861 et
1378 1830 1507 1862 tamen
1543 1828 1634 1863 ante
1746 1860 1750 1861 5

146 1880 522 1927 Joannis-Baptistae.
824 1879 888 1914 163
1008 1875 1066 1921 ips
1051 1885 1132 1910 sum
1154 1875 1210 1910 fac
1215 1878 1274 1909 tus
1293 1877 1362 1910 est.
1690 1878 1755 1924 167

124 1932 144 1966 5
166 1929 360 1965 Adventus
404 1926 550 1963 Messi‘e
589 1928 769 1978 tempora
966 1935 1005 1958 12
1028 1924 1078 1958 Ex
1100 1932 1257 1968 respons
1262 1921 1349 1956 ione
1377 1919 1534 1957 Joannis
1558 1921 1634 1958 hu-

147 1977 279 2013 adesse
302 1975 472 2011 sciebant
494 1972 630 2010 Judaei.
822 1974 886 2008 163
1010 1969 1150 2005 militas
1175 1973 1306 2005 contra
1333 1968 1538 2005 elationem
1581 1967 1639 2005 in-

125 2028 147 2068 4
169 2023 382 2060 Similitudo
394 2020 648 2059 Joanniseum
669 2019 765 2058 Elia.
820 2021 886 2062 164
1010 2016 1171 2053 ducitur.
1689 2019 1754 2065 167

125 2075 144 2107 5
167 2072 288 2115 Quare
309 2073 568 2107 ι16311116511011)
592 2067 769 2105 dicatur?
822 2069 888 2110 164
967 2069 1006 2104 15
1028 2063 1281 2101 Annuntiatur
1326 2062 1464 2100 Christi
1509 2062 1637 2111 Bapti-

124 2122 145 2155 6
165 2118 305 2155 Semita
323 2116 472 2153 Domini
494 2116 683 2163 quomodo
703 2126 770 2163 pa·
1011 2123 1136 2164 smus..
1362 2157 1369 2164 ο
1407 2157 1414 2163 .
1689 2113 1755 2150 168

146 2169 267 2202 ratur.
822 2164 888 2205 164
967 2164 1008 2205 14
1030 2160 1205 2196 Of'fimum
1232 2158 1372 2195 Christi
1405 2169 1444 2194 ln
1467 2157 1635 2195 secundo

125 2228 144 2259 7
169 2212 364 2256 Quomodo
403 2221 511 2247 mons
544 2210 768 2247 humiliatur
1012 2208 1190 2244 adventu.
1691 2208 1757 2244 168

149 2264 188 2297 et
207 2259 314 2295 vallis
335 2258 542 2305 impletur?
822 2259 886 2293 165
968 2259 1007 2293 15
1033 2254 1240 2298 Moraliter,
1268 2256 1434 2290 Joaunes
1466 2252 1532 2289 dat
1561 2252 1636 2289 for-

127 2310 148 2343 8
170 2307 363 2353 Baptizare
382 2306 888 2352 poteiatJoannes.165
1012 2313 1113 2338 mam
1143 2301 1307 2346 vivendi,
1335 2299 1570 2348 praedicandi
1596 2303 1635 2338 et

127 2370 147 2402 9
169 2354 387 2400 Baptizahat
412 2353 451 2389 iu
481 2363 593 2399 aqua,
628 2363 706 2389 non
729 2351 769 2388 in
1011 2349 1281 2386 fructificandi.
1689 2350 1755 2397 169

153 2401 309 2449 Spiritu.
826 2401 892 2436 166
968 2401 1008 2435 16
1030 2399 1083 2434 De
1103 2397 1305 2435 Bethania.
1688 2399 1755 2444 169

525 2561 675 2599 CAPUT
692 2559 767 2597 XX.
786 2579 832 2586 —
851 2562 903 2597 De
915 2561 1132 2607 poenitentia
1152 2558 1340 2604 facienda.

107 2694 111 2725 ἔ
136 2704 148 2726 1
174 2686 405 2725 Poenitentia
425 2687 498 2723 duo
521 2684 694 2732 requirit.
829 2698 894 2731 170
991 2687 1011 2721 5
1031 2682 1257 2720 Poenitentia
1275 2680 1424 2728 agenda
1443 2678 1525 2717 sine
1542 2679 1637 2719 dila·

133 2750 152 2773 2
174 2734 402 2772 Poenitentia
426 2735 473 2772 de
507 2734 643 2781 quihus
663 2743 775 2781 agen·
1014 2730 1118 2767 tione
1137 2759 1146 2775 ‚
1187 2741 1272 2767 sera
1312 2728 1415 2765 enim
1459 2739 1635 2767 securum

156 2783 205 2820 da
228 2783 288 2820 sit.
830 2792 896 2826 170
1015 2789 1093 2815 non
1118 2778 1220 2815 facit.
1689 2789 1751 2823 171
