1943 3141
124 185 164 218 72
647 179 791 212 PRIMAE
828 180 986 215 PARTls
1022 181 1157 214 (ἈΡΠΤ
1197 181 1244 214 IX

129 251 288 289 aedificia
321 249 557 295 reprobaret,
595 253 632 285 et
663 252 701 284 ut
734 260 805 285 nos
839 260 908 297 per

129 298 292 335 coelestis
331 296 435 342 regni
473 296 611 341 gaudia
646 296 835 341 dilataret,
872 300 909 333 et

128 356 197 382 nos
232 345 356 380 locum
374 322 520 379 ”cordis
560 343 679 379 nostii
717 343 786 380 sibi
819 355 887 390 pro

126 392 251 439 prium
272 390 532 434 dilataremus,
549 390 657 436 juxta
681 390 798 426 illud:
820 393 907 431 Fili,

124 440 246 491 piabe
286 441 486 474 cortuum
518 439 623 473 milti.
651 439 692 473 In
725 437 909 490 proesepio

127 485 241 522 etiam
276 484 479 521 reclinatus
505 487 574 528 est,
614 487 655 520 ut
689 495 772 529 nos,
804 483 909 530 quasi

129 536 263 569 sancta
307 531 513 576 animalia,
551 531 675 567 carnis
715 513 790 567 su3e
839 532 912 567 siu-

128 583 257 615 mento
288 578 483 622 reficeret,
519 581 555 614 et
599 582 638 614 ut
675 578 777 614 cibus
813 581 912 614 esset

126 628 408 672 Jumentorum;
432 626 544 661 homo
577 624 677 660 enim
710 625 830 661 sactus
856 629 913 660 est

125 674 341 720 jumentum
372 683 439 719 per
472 675 681 718 peccatum,
704 672 911 707 secundum

130 720 221 756 illud
245 731 253 755 z
276 722 389 755 Homo
417 730 496 754 cum
520 721 558 754 in
585 720 715 754 honore
735 722 824 754 esset
843 730 912 753 non

128 768 325 810 intelleoeit,
366 769 594 811 comparatus
647 769 699 800 est
736 766 914 810 jumentis

130 814 422 859 insipientibus,
462 816 495 847 et
532 813 668 847 similis
705 813 826 855 factus
862 815 914 847 est

130 862 231 902 illis‚·
250 860 336 896 ideo
356 859 536 895 Dominus
554 860 675 894 sactus
687 864 743 894 est
757 859 912 902 soenum,

133 907 235 952 quod
274 910 330 943 est
369 906 473 942 cibus
505 906 784 951 jumentorum,
828 905 915 951 qui-1

135 956 208 991 tm
213 955 295 989 bum
322 963 407 989 caro
441 955 581 1004 factum
613 956 677 993 est,
704 957 769 1004 et:
791 953 914 988 Omnis

134 1002 383 1044 catofoenum.
404 999 641 1045 Bosquippe,
661 998 726 1051 qui·
743 999 916 1044 designat

134 1047 317 1100 populum
345 1047 584 1089 Judaeorum,
614 1049 649 1081 et
674 1045 826 1089 asinus,
852 1046 916 1091 qui

135 1094 310 1139 designat
345 1093 525 1145 populum
561 1091 748 1135 Gentium,
789 1093 915 1128 Domi—

136 1151 227 1177 num
244 1140 283 1175 in
297 1139 419 1175 medio
432 1140 625 1183 habentes,
641 1143 677 1174 et
694 1139 917 1175 miraculose

139 1190 422 1232 cognoscentes,
452 1186 554 1221 flexis
587 1185 776 1231 genibus„
796 1186 917 1222 inces-

138 1238 265 1269 santer
292 1243 376 1269 eum
410 1233 633 1276 adorabant,
662 1235 695 1268 et
726 1236 918 1278 tamquam

138 1280 326 1317 laudando
362 1290 473 1315 voces
510 1280 662 1315 dabant.
692 1280 794 1315 Unde
828 1280 918 1315 Am-

141 1328 280 1363 brosius
301 1340 311 1362 .·
332 1340 348 1360 «
366 1325 523 1362 Infantis
539 1326 646 1362 audis
662 1326 822 1371 vagitus,
844 1338 920 1362 non

141 1375 248 1411 audis
287 1373 392 1410 bovis
447 1373 646 1409 Dominum
680 1374 920 1420 agnoscentis

139 1421 317 1467 mugitus.
344 1422 507 1465 Agnovit
540 1422 633 1455 enim
661 1421 720 1456 bos
742 1431 922 1466 possesso-

140 1480 213 1504 rem
238 1479 355 1509 suum,
379 1472 410 1503 et
429 1469 554 1502 asinus
587 1478 745 1513 praesepe
776 1469 922 1503 Domini

140 1517 210 1551 sui.
229 1529 247 1547 »
268 1515 372 1550 Unde
383 1518 420 1550 et
441 1515 633 1558 Gieqorius
652 1516 920 1552 Nazianzenus:

144 1577 162 1594 «
191 1563 379 1598 Veneiaie
407 1572 576 1607 piaesepe
601 1560 708 1605 illud,
730 1571 797 1607 per
823 1562 923 1607 quod

142 1619 226 1645 cum
253 1619 354 1644 esses
378 1619 472 1654 pene
497 1609 575 1653 jam
604 1610 747 1644 mutum
769 1608 921 1652 animal,

140 1655 307 1702 pasceris
329 1666 427 1690 nunc
448 1656 570 1691 Verbo
600 1659 637 1690 et
667 1654 813 1691 ratione
842 1655 920 1691 Dei.

141 1706 313 1748 Agnosce
344 1706 383 1738 ut
413 1702 480 1738 1105
512 1712 768 1747 possessorem
802 1705 921 1746 tuum,

143 1753 180 1786 et
207 1749 303 1785 sicut
329 1750 460 1785 asinus
489 1759 655 1794 praesepe
678 1748 824 1784 Domini
849 1749 921 1792 tui·,

144 1797 195 1832 sis
231 1796 277 1832 de
314 1806 471 1831 numero
514 1797 740 1831 mundorum
779 1796 922 1832 anima—

142 1843 251 1887 lium,
272 1846 308 1879 et
329 1853 457 1878 eorum
475 1842 538 1888 qui
558 1843 749 1878 ruminare
770 1846 922 1887 norunt,

145 1893 183 1926 et
204 1891 361 1926 verbum
394 1889 458 1925 Dei
487 1890 534 1924 ad
565 1889 786 1925 memoriam
814 1900 923 1926 revo-

145 1947 244 1981 care,
266 1936 402 1982 quique
425 1936 537 1971 etiam
558 1936 694 1972 divinis
715 1936 921 1981 sacrificiis,

146 1987 259 2036 atque
287 1983 469 2019 altaribus
497 1986 584 2029 apta
602 1986 707 2026 sunt3
734 1994 801 2019 seu
822 1987 923 2020 certe

147 2042 190 2067 ex
217 2030 421 2066 immundis
448 2041 488 2065 es
521 2030 761 2074 animalibus,
789 2033 825 2066 et
856 2042 922 2067 ne—

149 2088 221 2123 que
236 2077 327 2113 cibis
339 2087 406 2113 nec
423 2077 615 2112 sactificiis
630 2077 826 2113 denotatus
840 2089 892 2114 es.
903 2092 921 2110 »

149 2126 222 2160 Per
234 2124 390 2160 Mariam
407 2123 569 2159 Ecclesia
584 2124 771 2170 designari
786 2128 923 2170 potest,

149 2174 186 2208 et
204 2182 271 2217 per
292 2172 431 2216 Joseph
456 2181 633 2216 sponsum
660 2172 751 2217 ejus,
779 2171 923 2218 episco-

147 2229 232 2271 ρ115.
256 2219 415 2263 Propter
447 2218 547 2262 quod
582 2219 762 2254 annulum
794 2219 922 2263 habet,

149 2265 243 2301 sicut
256 2275 430 2311 sponsus,
446 2268 482 2300 et
501 2264 596 2300 sicut
613 2264 730 2300 Maria
748 2266 925 2302 foecunda

148 2311 233 2355 fuit,
252 2323 328 2347 non
345 2314 471 2347 tamen
492 2322 514 2347 a
532 2313 667 2363 Joseph
686 2322 838 2365 sponso,
860 2313 925 2348 sed

150 2370 173 2395 a
199 2358 339 2404 Spiritu
362 2359 511 2401 Sancto,
532 2369 583 2394 sie
604 2362 640 2394 et
666 2358 830 2395 Ecclesia
856 2359 923 2395 soe-

149 2405 383 2442 cunditatem
416 2405 546 2451 gratiae
583 2406 697 2441 habet
721 2417 743 2441 a
762 2407 851 2442 Deo.
881 2407 924 2442 Hi

149 2452 357 2489 ascendunt
380 2452 565 2488 tendendo
584 2452 623 2488 in
642 2453 861 2489 Bethlehem
879 2453 927 2489 ci-

148 2500 301 2536 vitatem
335 2509 461 2543 suam,
487 2498 627 2535 scilicet
650 2500 862 2544 coelestem,
890 2504 926 2536 et

148 2547 374 2599 profitentur
393 2546 495 2582 omni
515 2546 732 2599 imperatori
753 2528 926 2583 exhib’ere

150 2593 383 2630 servitutem.
407 2592 572 2629 Ecclesia
594 2604 682 2628 vero
700 2593 740 2628 in
761 2594 927 2639 qualibet

150 2642 251 2677 bona
286 2651 450 2693 persona
484 2639 583 2686 parit
616 2639 736 2675 filium
775 2641 925 2686 quando

150 2689 291 2724 bonum
316 2687 420 2734 prius
443 2690 664 2733 conceptum
690 2687 862 2733 perducit
879 2688 926 2723 ad

152 2735 349 2780 effectum3
370 2738 408 2770 et
428 2734 564 2780 pannis
585 2733 752 2778 involvit,
774 2735 924 2780 quando

152 2782 201 2818 ab
220 2781 395 2818 humanis
420 2781 593 2818 laudibus
612 2781 683 2817 hoc
703 2762 923 2826 ab'scondit;

980 254 1017 287 et
1035 250 1075 287 in
1096 248 1280 297 praesepio
1301 248 1520 294 reclinatur,
1543 248 1693 294 quando
1717 258 1762 284 ex

981 299 1080 334 bono
1108 308 1222 343 opere
1248 307 1323 332 non
1351 296 1531 340 elevatur,
1554 295 1620 331 sed
1640 294 1768 348 magis

982 356 1020 381 se
1042 344 1228 381 humiliat.
1252 345 1473 379 Nascentem
1494 342 1607 379 etiam
1634 341 1761 378 Domi-

982 403 1071 428 num
1101 391 1232 436 Angeli
1265 390 1606 433 circumdederunt,
1636 392 1674 425 et
1698 398 1770 424 na·

983 442 1062 475 tum
1087 439 1213 474 statim
1240 438 1507 473 adoraverunt.

1036 501 1071 521 11
1103 485 1264 521 GAanL
1300 496 1344 520 An
1392 496 1567 520 merenas
1611 493 1765 519 coemrcs

984 544 1163 567 1111111011.
1188 552 1230 556 -
1251 533 1300 567 Et
1321 535 1488 576 pastores
1509 534 1613 567 erant
1646 532 1685 566 in
1712 540 1766 565 re-

984 582 1090 623 qione
1118 578 1242 614 eadem
1261 579 1457 620 viqilantes
1474 581 1507 613 et
1527 577 1766 614 custodientes

985 627 1136 669 vicilias
1174 627 1290 660 noctis
1328 635 1435 669 super
1467 635 1609 668 qreyem
1644 634 1763 664 suum,

985 683 1102 725 piope
1125 682 1190 717 per
1212 670 1386 714 milliare,
1408 671 1549 706 scilicet
1567 672 1672 717 Juxta
1690 672 1767 706 tur-

986 719 1056 754 rim
1078 718 1280 770 quamdam
1300 717 1399 753 inter
1418 718 1637 753 Bethlehem
1654 719 1691 752 et
1709 718 1776 753 Je*

986 766 1165 809 rusalem,
1187 764 1251 801 ubi
1272 765 1386 801 Jacob
1403 765 1552 800 rediens
1571 765 1617 800 de
1643 765 1764 799 Meso-

986 812 1153 865 potamia
1173 815 1338 847 mmatus
1361 814 1418 847 est
1440 822 1522 847 cum
1548 821 1661 857 grege
1681 820 1763 854 suo,

988 859 1051 896 ubi
1077 863 1226 895 mortua
1248 862 1284 894 et
1311 858 1458 904 sepulta
1477 861 1534 895 est
1556 857 1709 901 Rachel,
1729 859 1766 892 et

988 906 1101 942 turris
1140 905 1266 951 giegis
1305 905 1460 949 dicitur;
1489 905 1554 942 ubi
1587 904 1701 941 etiam
1725 903 1766 939 in

988 932 1160 989 ecclesia0
1175 953 1247 988 tria
1269 955 1462 998 pastorum
1489 952 1639 988 illorum
1659 960 1771 986 mon-

989 1004 1157 1035 strantm
1175 1002 1433 1035 monumenta.
1451 1001 1498 1035 Et
1510 1010 1585 1034 ecce
1604 998 1768 1042 Anqelus

989 1049 1146 1088 Domini,
1168 1046 1221 1081 cir
1224 1057 1266 1082 ca
1278 1057 1370 1091 quai
1375 1050 1449 1081 tam
1463 1045 1628 1091 vigiliam
1647 1043 1774 1081 noctis

991 1093 1091 1129 venit
1120 1093 1167 1129 ad
1192 1104 1269 1129 eos.
1295 1093 1479 1128 Dividitur
1508 1092 1608 1129 enim
1628 1102 1702 1128 nox
1729 1090 1769 1126 in

991 1144 1151 1186 quatuor
1175 1139 1338 1185 vigilias,
1362 1143 1398 1176 et
1417 1141 1517 1175 stetit
1536 1141 1650 1185 juaeta
1668 1139 1770 1179 illos,

990 1187 1030 1223 in
1056 1190 1158 1222 veste
1185 1187 1343 1222 candidi
1370 1189 1407 1222 et
1430 1186 1523 1222 facie
1544 1184 1713 1222 iutilanti
1733 1187 1770 1220 et

988 1234 1166 1280 jucunda.
1181 1235 1223 1269 Et
1237 1245 1275 1269 cr
1279 1233 1401 1269 editur
1412 1233 1527 1269 fuisse
1548 1231 1697 1269 Gabriel
1713 1241 1771 1267 ar-

992 1281 1208 1326 changelus,
1219 1280 1280 1325 qui
1296 1280 1439 1325 Virgini
1453 1279 1772 1332 conceptumVer-

992 1327 1028 1364 111
1042 1327 1288 1363 nuntiaverat.
1300 1327 1425 1363 Unde
1417 1337 1493 1373 ipse
1505 1326 1665 1372 amplius
1677 1328 1776 1361 cete-

992 1374 1044 1410 ris
1062 1375 1230 1420 gaudens
1246 1374 1291 1409 de
1309 1374 1525 1419 impletione
1544 1374 1656 1419 hujus
1671 1371 1772 1418 quod

994 1422 1150 1465 dixerat,
1186 1424 1272 1456 ante
1303 1431 1434 1457 omnes
1463 1432 1502 1456 se
1531 1421 1700 1467 gerebat,
1730 1422 1772 1454 ut.

994 1468 1129 1505 Christi
1145 1467 1375 1504 nativitatem
1391 1467 1626 1514 praedicaret..
1641 1465 1772 1503 Subdi-

994 1519 1082 1551 tur:
1102 1518 1148 1550 Et
1163 1516 1314 1550 clcm'tas
1326 1517 1392 1550 Dei
1406 1515 1651 1558 civcumfulsit
1673 1514 1770 1554 illos,

994 1543 1160 1614 undique
1182 1561 1343 1597 exterius
1362 1561 1400 1597 in
1417 1572 1579 1614 corpore
1603 1563 1639 1596 et
1659 1559 1772 1597 etiam

994 1608 1151 1644 interius
1177 1608 1215 1643 in
1253 1612 1391 1653 mente,
1415 1608 1453 1644 in
1482 1608 1633 1654 signum
1672 1605 1773 1659 quod

996 1659 1099 1691 ortus
1117 1658 1197 1691 erat
1218 1655 1278 1691 Sol
1297 1637 1468 1701 J'usti'tiae,
1490 1658 1527 1691 et
1545 1655 1585 1690 in
1606 1653 1775 1690 tenebris

996 1703 1121 1738 lumen
1147 1703 1258 1737 rectis
1285 1702 1410 1747 cnlde,
1436 1706 1472 1738 et
1498 1700 1783 1748 appiopinqua-

996 1750 1059 1785 bat
1079 1748 1229 1784 claritas
1249 1748 1344 1793 glm
1336 1760 1393 1785 lae.
1423 1749 1509 1785 ldeo
1530 1758 1619 1794 ergo
1646 1748 1775 1783 lumen

996 1797 1158 1842 Angelus
1186 1795 1322 1839 attulit,
1350 1795 1437 1841 quia
1478 1806 1564 1832 eum
1602 1794 1777 1830 nuntiare

997 1846 1164 1886 venerat,
1176 1843 1237 1888 qui
1250 1847 1306 1878 est
1318 1844 1382 1878 lum
1394 1854 1479 1878 vera
1493 1853 1574 1888 quae
1589 1843 1777 1877 illuminat

998 1901 1135 1925 omnem
1157 1892 1346 1925 hominem.

1048 1951 1086 1972 12
1107 1938 1178 1971 Eos
1198 1947 1498 1976 1110001105.-
1515 1934 1634 1980 Magis
1648 1936 1775 1970 autom

997 1983 1170 2029 appatuit
1200 1984 1363 2029 Angelus
1395 1981 1624 2035 pastoribus,
1663 1991 1779 2034 quam

996 2030 1079 2066 aliis
1117 2030 1266 2077 generis
1301 2029 1467 2066 humani.
1509 2028 1648 2073 Primo,
1688 2027 1776 2074 quia

997 2088 1196 2130 pauperes
1218 2080 1371 2123 propter
1398 2087 1491 2122 quos
1518 2075 1686 2113 Christus
1711 2085 1773 2111 ve-

997 2124 1137 2168 niebat,
1160 2124 1365 2160 secundum
1404 2123 1495 2159 illud
1529 2121 1773 2158 Psalmistae·

996 2174 1045 2207 Ρ)
1048 2175 1149 2217 apter
1169 2173 1353 2207 miseriam
1372 2173 1533 2216 inopum,
1553 2173 1586 2205 et
1601 2170 1776 2214 qemitum

994 2230 1211 2265 pauperum,
1246 2221 1315 2254 etc.
1348 2217 1531 2261 Secundo,
1561 2216 1648 2262 quia
1685 2215 1775 2251 sim-

997 2266 1127 2312 plices,
1164 2266 1271 2311 juxta
1309 2265 1401 2301 illud
1440 2263 1730 2315 Proverbiorum
1765 2274 1773 2298 :

997 2316 1044 2348 Ei
1063 2324 1142 2348 cum
1161 2313 1391 2365 simplicibus
1407 2312 1658 2347 sermocinatio
1681 2309 1774 2354 ejus.

997 2359 1137 2404 Teitio,
1158 2359 1245 2404 quia
1276 2358 1421 2405 vigiles,
1450 2357 1654 2394 secundum
1685 2355 1778 2392 illud

1000 2407 1318 2442 ΡΓο1οΓ111οΓ;11111
1343 2407 1413 2449 Qui
1431 2416 1534 2441 mune
1552 2405 1711 2448 vi9ilant
1729 2403 1786 2438 aot

997 2465 1064 2495 me,
1084 2455 1268 2489 invenient
1282 2464 1348 2488 me.
1370 2454 1523 2497 Quarto,
1535 2453 1690 2498 propter
1703 2460 1780 2503 my-

999 2500 1168 2545 sterium,
1186 2503 1226 2536 ut
1246 2500 1481 2545 significetur
1495 2499 1595 2545 quod
1608 2496 1780 2549 doctri-na

999 2548 1111 2584 debet
1131 2558 1152 2583 a
1169 2547 1383 2592 pastoribus
1404 2550 1441 2582 et
1466 2544 1631 2592 praelatis
1650 2543 1780 2579 venire

999 2595 1047 2630 ad
1071 2594 1253 2630 subditos.
1274 2596 1322 2630 Ec
1342 2596 1539 2629 timuerunt
1561 2593 1687 2627 timore
1704 2600 1784 2625 ma·

997 2652 1080 2686 9n0,
1102 2644 1256 2687 propter
1284 2640 1474 2676 insolitam
1505 2637 1637 2684 Angeli
1665 2636 1778 2672 visio-

998 2698 1098 2732 nem,
1130 2691 1166 2723 et
1200 2687 1361 2724 subitam
1395 2685 1617 2722 claritatem.
1638 2683 1712 2721 Sed
1745 2687 1779 2719 et

999 2735 1162 2779 Anqeius
1188 2746 1252 2770 eos
1282 2733 1495 2770 consolatus
1521 2735 1590 2776 est,
1617 2734 1654 2767 et
1679 2731 1781 2766 dimit

1000 2783 1110 2817 illis:
1132 2783 1254 2820 Nolite
1273 2783 1410 2818 timere.
1433 2780 1545 2826 Cujus
1565 2789 1651 2814 caus
1637 2778 1782 2815 asub-
