1897 3167
467 173 517 206 ΒΕ
556 170 856 205 CONCEPTIONE
895 171 1161 207 SALVATORIS
1197 175 1374 210 NOSTRI.
1705 179 1736 211 ’Π
1790 152 1791 155 ¹

100 245 146 281 ab
172 254 216 280 ea
242 242 419 288 Angelus,
442 240 507 276 sed
529 239 711 276 remansit
731 250 814 275 cum
835 250 879 275 ea

98 302 161 327 rex
182 290 410 336 Angelorum
439 291 473 323 et
495 286 557 322 Dei
580 286 715 328 Filius;
740 285 879 323 disces-

98 339 146 374 sit
172 339 219 374 ab
247 348 291 373 ea
316 338 497 381 quantum
524 334 571 369 ad
605 333 879 380 apparentiam,

98 385 164 422 sed
190 385 454 421 remanserunt
482 391 565 417 cum
594 391 638 417 ea
665 380 770 416 multi
799 391 882 427 pro-

98 436 184 479 pter
210 428 476 469 reverentiam,
502 438 612 474 quam
641 432 676 463 et
699 427 768 463 sibi
793 439 880 474 pro-

96 483 182 526 pter
201 477 423 524 dignitatem
452 475 604 519 inentis,
632 480 666 511 et
690 486 756 511 suo
790 474 878 521 Hegi

99 525 336 562 exhibebant.
362 523 554 559 Recedens
589 533 692 568 ergo,
726 527 879 568 peracto

98 572 246 617 nuntio,
262 576 298 608 et
313 572 358 608 ad
375 569 535 616 patriam
552 570 716 606 rediens.
737 572 880 615 liocque

97 630 273 663 narrans,
305 618 390 655 secit
422 617 472 653 ibi
507 628 644 653 novum
677 618 811 653 festum
846 621 881 653 et

98 678 238 704 novum
253 665 446 712 gaudium,
457 664 790 701 etexsultationciu
806 674 881 700 nia-

96 725 212 761 gnam
234 713 360 750 nimis.

141 765 186 805 54
209 762 358 805 Qumn
383 772 435 795 sir
465 770 682 795 soiAEiixiTAs
708 760 881 794 IxeARxA—

95 821 214 845 Tioxis
235 810 432 845 DouixieAE.
455 828 501 833 -—
524 806 770 843 Considerare
792 817 882 852 ergo

96 856 211 893 debes
229 859 369 902 quanta
385 858 442 891 est
462 854 645 890 hodierna
664 853 883 889 solemnitas

97 907 134 940 et
149 903 313 950 jubilare
331 902 367 938 in
387 902 500 938 corde
520 905 598 943 tuo,
616 905 652 936 et
669 911 782 946 agere
803 900 884 936 dies

97 950 250 987 laetitiae.
271 949 442 986 Inaudita
458 952 514 985 est
534 948 635 984 enim
659 958 775 993 usqne
796 952 883 984 tunc

95 1008 118 1034 a
138 997 292 1041 seculis3
318 1008 384 1033 nec
406 1006 583 1042 umquam
604 995 723 1031 suerat
746 995 882 1031 solem-

96 1044 195 1081 nitas
212 1045 309 1081 talis.
333 1043 451 1080 Hodie
479 1053 642 1088 namque
665 1047 719 1078 est
745 1042 881 1078 solem-

95 1091 195 1128 nitas
234 1091 299 1128 Dei
342 1090 577 1136 Pa'tris,·qui
613 1089 703 1126 Filio
737 1100 804 1126 sno
842 1089 881 1125 in

95 1139 429 1186 desponsationem
452 1139 628 1174 humanae
654 1142 797 1173 naturae
819 1148 883 1173 nu—

95 1186 192 1240 ptias
228 1186 328 1230 fecit,
352 1196 463 1232 quam
501 1185 613 1221 hodie
656 1185 726 1221 sibi
769 1184 882 1220 Filius

95 1233 399 1280 inseparabiliter
432 1232 565 1269 univit.
598 1232 715 1268 Hodie
742 1236 795 1268 est
819 1242 880 1267 so-

95 1281 269 1317 lemnitas
288 1281 502 1327 nuptiarum
523 1279 603 1315 Filii
623 1279 686 1315 Dei
704 1279 740 1314 in
758 1283 879 1322 utero,

95 1329 162 1364 sed
189 1331 321 1375 postea
358 1327 429 1364 erit
455 1338 498 1363 ex
525 1330 645 1363 utero.
682 1326 799 1362 Hodie
827 1330 882 1362 est

94 1375 314 1411 solemnitas
355 1374 513 1421 Spiritus
554 1373 692 1416 Sancti,
728 1378 883 1420 propter

93 1423 165 1459 hoc
193 1422 395 1459 mirificum
423 1432 516 1466 opus
542 1421 641 1467 quod
667 1421 882 1457 attribuitur

95 1469 144 1514 ei,
179 1474 215 1507 et
252 1470 339 1516 quia
372 1469 483 1505 hodie
516 1468 655 1514 incepit
683 1468 881 1503 ostendere

96 1516 368 1564 benignitatem
390 1515 618 1562 singularem
638 1515 805 1551 humano
822 1525 883 1560 ge-

96 1565 191 1600 neri.
226 1564 345 1600 Hodie
375 1567 431 1599 est
461 1562 680 1599 solemnitas
707 1561 881 1607 gloriosae

96 1611 265 1648 Dominae
279 1615 432 1655 nostrae,
443 1621 526 1656 quae
537 1620 559 1646 a
574 1611 684 1645 Patre
699 1609 735 1645 in
750 1609 881 1653 filiam,

97 1669 120 1695 a
142 1658 233 1695 Filio
262 1658 302 1695 in
332 1662 505 1701 matrem,
534 1668 556 1693 a
578 1656 717 1703 Spiritu
746 1658 882 1692 Sancto

96 1706 138 1743 in
152 1716 327 1753 sponsam
340 1709 396 1742 est
412 1704 605 1751 recognita
621 1707 659 1740 et
675 1707 880 1750 assumpta.

98 1753 216 1790 Hodie
245 1757 302 1790 est
331 1752 550 1789 solemnitas
581 1751 696 1788 totius
722 1751 884 1787 coelestis

98 1801 227 1847 curiae,
250 1801 338 1848 quia
358 1801 558 1837 inchoatur
578 1799 659 1845 ejus
680 1798 881 1845 reparatio.

99 1848 217 1885 Hodie
256 1848 373 1885 multo
408 1847 527 1894 magis
569 1851 624 1883 est
664 1846 885 1882 solemnitas

96 1897 272 1932 humanae
298 1898 457 1939 naturae,
485 1894 571 1941 quia
598 1894 677 1941 ejus
703 1894 804 1930 salus
827 1893 883 1929 in-

97 1943 189 1990 cipit
221 1947 259 1980 et
294 1942 519 1988 redemptio,
550 1946 585 1978 et
612 1941 727 1978 totius
754 1940 884 1977 mundi

99 1989 369 2034 reconciliatio,
401 1993 438 2026 et
472 1988 560 2034 quia
585 1988 667 2035 ipsa
692 1988 804 2024 hodie
831 1992 887 2024 est

100 2038 302 2075 sublimata
327 2042 441 2084 atque
470 2036 647 2073 deificata
671 2047 679 2071 :
705 2046 886 2081 nusquam

101 2086 196 2122 emim
216 2085 282 2122 Dei
307 2085 421 2122 Filius
445 2085 605 2129 Angelos
631 2083 885 2129 apprehendit,

101 2133 173 2170 hoe
193 2137 263 2177 est,
286 2143 361 2169 non
386 2132 425 2168 in
454 2142 567 2169 unam
588 2130 658 2167 sibi
685 2140 887 2176 personam

100 2180 324 2228 assumpsit3
351 2181 415 2216 sed
439 2190 557 2216 semen
577 2178 734 2215 Abrahae
756 2188 888 2224 appre-

953 241 1090 293 hendit.
1110 242 1225 294 Hodie
1241 255 1374 280 novam
1393 246 1645 283 obedientiam
1659 258 1738 285 sus-

953 292 1050 334 cepit
1082 289 1194 324 Filius
1220 301 1242 325 a
1264 292 1387 336 Patre,
1410 293 1455 329 de
1478 299 1606 330 nostra
1630 306 1735 341 pera-

951 335 1078 387 genda
1108 335 1252 379 salute3
1282 338 1393 374 hodie
1420 351 1441 375 ii
1469 352 1615 378 summo
1643 344 1737 380 coelo

953 382 1165 428 egrediens,
1185 385 1384 420 exsultat-ic
1407 390 1443 420 ut
1467 390 1571 431 (siglas
1592 390 1640 425 ad
1662 402 1740 426 cm·-

952 429 1103 464 rendam
1144 431 1240 465 viam
1279 435 1417 467 nostra:
1454 434 1597 479 salutis,
1630 441 1666 473 et
1700 449 1739 474 se

953 476 1105 529 reclusit
1131 476 1169 512 in
1199 477 1361 513 claustro
1397 480 1491 515 uteri
1524 482 1736 529 virginalis3

953 523 1066 559 hodie
1088 523 1206 559 sactus
1226 529 1282 560 est
1304 525 1409 570 quasi
1433 537 1529 563 unus
1551 540 1591 564 ex
1616 531 1738 574 nobis,

953 575 989 606 et
1010 570 1125 623 frater
1145 575 1286 615 noster,
1311 577 1345 608 et
1372 573 1484 619 coepii
1506 579 1739 623 peregrinari

955 618 1178 670 nobiscum3
1211 618 1323 655 hodie
1357 620 1403 656 de
1431 622 1524 657 coslo
1560 623 1619 658 lux
1652 636 1739 661 vera

954 665 1163 709 descendit,
1191 666 1238 701 ad
1261 666 1444 712 fugandas
1468 673 1615 705 nostras
1638 675 1739 708 tene-

955 713 1055 765 bras,
1078 715 1114 748 et
1135 712 1341 765 tollendas;
1372 715 1482 751 hodie
1507 717 1613 761 panis
1637 718 1740 754 vivus

955 760 1103 812 qui-dat
1127 764 1240 795 vitam
1263 761 1418 805 mundo,
1441 762 1478 797 in
1498 768 1604 799 utero
1628 764 1739 811 virgi-

957 806 1032 842 nali
1052 810 1110 859 est
1128 807 1333 852 consectus,
1357 809 1422 845 sed
1445 809 1482 845 in
1502 822 1611 847 cruce
1634 813 1737 858 quasi

956 854 994 890 in
1015 854 1162 890 clibano
1182 854 1358 892 decoctus
1379 866 1386 891 :
1409 856 1520 893 hodie
1536 858 1635 894 enim
1657 862 1741 896 Vei·-

958 902 1039 937 bum
1062 912 1145 937 caro
1174 903 1314 945 factum
1343 907 1408 944 est,
1435 908 1468 939 et
1495 906 1677 942 habitavit
1702 909 1739 942 in

955 949 1071 1001 nob-ze,
1092 948 1190 985 unde
1213 953 1367 986 vocatur
1383 952 1619 996 Emmanuel,
1642 955 1740 999 quod

956 996 1092 1031 dicitur
1117 997 1302 1032 nobiscum
1329 1000 1437 1039 Deus,
1465 998 1503 1035 id
1540 1005 1609 1044 est,
1645 1003 1742 1037 Deus

955 1047 991 1079 et
1011 1043 1137 1079 homo.
1159 1044 1276 1080 Hodie
1298 1045 1453 1091 impleta
1478 1052 1562 1082 sunt
1584 1059 1741 1093 pi‘aeam-

955 1090 1044 1126 bula
1072 1090 1293 1136 figurarum,
1322 1093 1545 1129 documenta
1577 1096 1741 1142 Scriptu-

955 1148 1097 1182 rarum,
1134 1148 1178 1174 ac
1219 1138 1408 1176 desideria
1446 1142 1740 1187 Prophetarum:

955 1188 1109 1238 propter
1135 1186 1233 1231 quod
1259 1186 1373 1222 etiam
1396 1188 1579 1225 adventus
1603 1190 1740 1227 Christi

954 1232 1147 1285 plenitudo
1182 1234 1363 1279 temporis
1393 1235 1529 1271 dicitur
1561 1248 1568 1272 z
1603 1237 1741 1274 clama-

954 1280 1047 1332 bant
1079 1290 1177 1315 enin]
1205 1280 1393 1317 desiderio
1421 1282 1678 1329 inenarrabili,
1705 1290 1740 1322 et

954 1326 1179 1362 hodiernum
1199 1327 1300 1363 diem
1319 1329 1650 1367 vehementissime
1679 1343 1739 1368 ex-

955 1375 1187 1420 spectabant.
1210 1374 1329 1411 Hodie
1363 1379 1419 1412 est
1445 1377 1668 1424 principium
1706 1384 1740 1416 et

955 1421 1241 1457 fundamentum
1257 1423 1424 1459 omnium
1444 1424 1740 1471 solemnitatum,

954 1471 992 1504 et
1031 1468 1145 1504 totius
1178 1468 1267 1504 boni
1304 1470 1423 1506 nostri
1452 1470 1616 1508 initium.
1649 1475 1739 1510 Nam

955 1525 1073 1560 usque
1100 1526 1198 1551 nunc
1218 1515 1437 1562 indignatus
1458 1523 1537 1554 erat
1563 1520 1742 1557 Dominus

956 1565 1086 1598 contra
1139 1573 1259 1616 genus
1312 1565 1535 1609 humanum,
1587 1572 1743 1614 propter

954 1613 1296 1646 transoressionem
1346 1611 1553 1657 primorum
1604 1625 1740 1661 paren-

955 1659 1056 1701 tum;
1079 1657 1144 1693 sed
1165 1658 1301 1694 amodo
1319 1659 1452 1696 videns
1470 1660 1602 1698 Filium
1624 1663 1744 1698 homi-

956 1714 1043 1757 nem
1070 1704 1223 1750 factum,
1261 1716 1338 1741 non
1370 1707 1526 1744 ulterius
1562 1710 1743 1746 irascetur

955 1762 993 1787 in
1015 1754 1212 1788 aeternum.
1240 1753 1352 1789 Vides
1380 1765 1492 1800 quam
1519 1756 1742 1794 admirabile

956 1809 1049 1852 opus
1086 1803 1121 1835 et
1155 1799 1476 1843 solemnissimum
1516 1804 1652 1840 festum
1695 1805 1741 1841 sit

956 1846 1061 1889 illud,
1082 1850 1203 1882 totum
1224 1847 1458 1894 delectabile,
1482 1854 1515 1886 et
1539 1854 1659 1887 totum
1680 1853 1741 1899 ju-

958 1894 1142 1946 cuiidiiin3
1165 1897 1284 1930 totum
1305 1896 1554 1934 desiderabile
1583 1903 1618 1935 et
1639 1900 1741 1936 omni

957 1946 1200 1994 veneratione
1222 1942 1486 1988 dignissimum
1505 1957 1512 1988 ;
1536 1957 1620 1982 curn
1641 1947 1740 1983 omni

958 1988 1157 2041 devotione
1195 1989 1489 2036 suscipiendum,
1530 1993 1567 2028 in
1604 1994 1742 2039 Jubila-

959 2039 1061 2071 tione
1079 2046 1122 2071 ac
1143 2036 1272 2089 la³titia
1289 2042 1323 2073 et
1342 2039 1591 2076 exsultatione
1607 2041 1744 2078 ducen-

959 2083 1061 2118 dum.
1077 2085 1117 2118 In
1134 2084 1192 2119 liis
1207 2094 1296 2130 ergo
1313 2085 1510 2130 meditare,
1524 2087 1559 2123 iii
1574 2088 1632 2125 liis
1646 2089 1745 2125 dele-

960 2131 1403 2183 cta-regetjucundaberis,
1415 2137 1451 2169 et
1463 2134 1557 2171 sorte
1571 2136 1743 2173 ostendet

960 2178 1026 2214 tibi
1046 2179 1226 2214 Dominus
1243 2180 1442 2226 ampliora,
1462 2181 1492 2218 si
1513 2182 1741 2229 vigilaveris.

836 2297 1008 2334 ORATIO

146 2396 174 2434 Ο
196 2397 298 2440 Jesu,
320 2394 385 2431 Fili
407 2392 471 2429 Dei
493 2391 579 2436 vivi,
599 2390 659 2437 qui
683 2402 725 2427 ex
745 2390 937 2427 voluntate
959 2390 1094 2437 Patris,
1117 2398 1343 2440 cooperante
1366 2394 1504 2441 Spiritu
1527 2398 1661 2436 Sancto
1698 2401 1743 2437 de

102 2444 188 2481 sinu
223 2443 391 2489 ejusdem
426 2439 560 2483 Patris,
598 2439 697 2475 velut
740 2438 891 2492 quidam
930 2439 1063 2475 fluvius
1097 2439 1144 2476 de
1179 2442 1261 2477 loco
1295 2442 1495 2489 voluptatis
1530 2429 1741 2491 egrediens,

100 2502 168 2539 per
197 2489 355 2528 humilia
390 2487 582 2524 declinans
617 2486 856 2539 coiiyallium,
894 2486 1143 2523 liul'nilitatem
1178 2489 1325 2526 ancillae
1355 2493 1427 2526 tuse
1460 2493 1677 2538 respiciens,
1706 2495 1742 2530 iii

101 2543 249 2576 uterum
277 2535 443 2581 Virginis
469 2534 710 2588 descendisti,
733 2533 794 2569 ubi
821 2539 1023 2580 conceptus
1045 2534 1289 2572 ineffabiliter
1309 2547 1458 2574 carnem
1479 2542 1712 2587 assumpsisti
1735 2553 1742 2577 :

102 2586 324 2630 descendat,
345 2586 432 2621 Jesu
460 2592 688 2634 misericors,
712 2581 833 2634 gratia
850 2585 923 2634 ’tua
946 2581 1069 2626 avide,
1092 2593 1159 2629 per
1179 2584 1316 2621 merita
1347 2586 1478 2622 matris
1504 2591 1537 2622 et
1563 2588 1742 2635 Virginis,

105 2645 217 2681 super
255 2644 315 2669 me
344 2640 493 2683 servum
523 2633 628 2682 tuum
661 2629 979 2674 indignissimum,
1008 2640 1075 2676 per
1102 2640 1214 2676 quam
1254 2632 1415 2679 teipsum
1441 2634 1666 2679 desiderem,
1707 2640 1741 2672 et

105 2691 235 2718 amore
262 2680 362 2716 intus
389 2687 626 2724 conelplatu;
651 2680 687 2711 et
713 2686 780 2722 per
805 2677 975 2713 eamdem
1003 2677 1163 2724 gratiam
1192 2685 1411 2726 operantem
1441 2681 1477 2716 in
1506 2692 1578 2726 me,
1602 2684 1743 2720 fructus

104 2730 294 2767 bonorum
317 2735 473 2774 operum
493 2724 678 2761 salutares
698 2723 901 2770 proferam.
925 2725 1058 2762 Amen.
