1902 3126
417 178 465 211 tit:
504 172 867 210 Pit-ESENTATIONtt
907 173 1065 206 DOMtNt
1104 174 1146 207 IN
1185 176 1408 210 Teitt‘m'it.
1690 180 1731 213 09

88 249 288 293 interfecit,
309 248 406 283 tilios
426 245 537 282 lsrael
561 244 721 285 salvans,
739 241 867 277 omnia

87 296 339 344 primogenita
360 294 520 330 filiorum
543 291 656 326 Israel
687 289 756 325 sibi
788 288 866 324 viu-

87 343 394 388 dicavit,sibique
413 338 538 376 offerri
552 337 743 391 praecepit.
766 335 867 373 Sicut

88 392 187 428 enim
210 390 324 427 voluit
344 387 413 424 sibi
439 386 565 422 offerri
586 384 771 438 primitias
789 384 866 419 sru-

88 443 230 482 ctuum,
253 437 303 473 ita
324 438 360 472 et
384 433 636 481 primogenita
658 431 866 474 hominum,

87 490 125 523 et
159 485 319 522 aliorum
364 480 586 518 animalium
626 479 864 515 mundorum.

87 533 158 570 Sed
183 541 299 578 quare
320 530 405 572 hoc,
425 527 493 564 nisi
517 531 557 563 ut
582 526 709 563 omnia
731 525 866 572 prima,

85 583 122 617 et
142 578 303 615 maxime
324 575 453 613 omnia
484 574 641 612 meliora
664 577 700 610 et
721 572 868 610 cariora

84 625 242 664 Domino
264 625 470 661 offeramus
484 623 502 658 ἱ)

130 676 151 710 5
181 674 346 717 Quixoce
382 682 556 707 nitrioxizs
584 681 742 705 ruopren
776 679 867 709 oin-is

83 721 259 758 Cnius‘rus
279 731 313 755 ix
329 730 465 754 Teiirm
483 729 707 753 rimas-exunt
724 727 865 752 vowtr.

80 789 127 796 —
141 767 237 812 Quia
257 777 347 813 ergo
369 765 539 803 Christus
559 776 601 801 ex
623 764 778 799 muliere
802 774 867 799 na-

81 819 155 860 tus,
171 818 207 851 et
219 813 508 861 primogenitus,
522 813 590 849 sub
606 813 701 857 Lege
713 810 794 847 fieri
808 821 867 846 vo-

81 863 163 908 luit,
179 863 259 898 haec
277 862 350 898 duo
371 860 567 907 praemissa
587 859 686 894 circa
703 869 787 894 euni
805 859 867 893 ob-

81 914 229 947 servata
244 909 406 945 fuerunt.
422 909 502 944 Non
521 905 668 943 suffecit
686 907 866 952 magistro

80 956 305 994 humilitatis
326 956 515 1002 persectae,
539 964 622 990 cum
646 964 714 1000 per
741 952 867 989 omnia

83 1005 183 1041 Patri
225 1002 427 1049 coaequalis
466 1005 585 1045 esset,
626 1011 666 1036 se
706 1001 866 1036 subdere

81 1051 216 1088 humili
252 1049 419 1097 Virgini,
451 1048 521 1084 uisi
552 1052 589 1083 et
619 1047 796 1083 subderet
829 1057 868 1081 se

82 1099 184 1153 Legi.
218 1101 294 1135 Hoc
317 1101 443 1134 autem
471 1094 642 1142 pluribus
673 1094 718 1130 de
745 1093 868 1129 causis

82 1147 168 1183 fecit
182 1158 189 1182 :
204 1146 341 1193 primo,
352 1148 392 1181 ut
404 1147 570 1179 veterem
584 1143 719 1188 Legem
734 1151 868 1187 appro-

80 1194 211 1237 baret;
235 1192 416 1235 secundo,
438 1194 479 1227 ut
507 1200 589 1226 eam
619 1189 804 1224 servando
828 1187 868 1223 in

81 1241 327 1288 semetipsum
358 1240 639 1275 consummaret
668 1240 705 1272 et
737 1234 866 1271 termi-

80 1292 205 1332 naret,
219 1287 424 1324 ostendens
437 1296 478 1321 ex
491 1286 561 1320 hoc
574 1284 673 1327 quod
685 1283 732 1319 ad
748 1282 867 1329 ipsum

83 1335 258 1372 ordinata
273 1331 716 1376 erat31ei·tio,ut.ludoeis
731 1330 870 1366 calum-

84 1382 212 1419 niandi
231 1380 467 1417 occasionem
486 1379 724 1414 subtraheret
738 1389 745 1419 ;
761 1387 869 1422 (piar-

82 1434 136 1475 to,
154 1434 193 1466 ut
213 1428 386 1465 homines
407 1438 428 1462 a
449 1426 627 1462 servitute
653 1425 758 1470 Legis
781 1424 869 1459 libe-

82 1473 631 1522 raret3qiiiiito,utexemplum
643 1471 868 1508 humilitatis

84 1528 119 1561 et
138 1523 364 1561 obedientiae
382 1521 490 1557 nobis
508 1521 627 1556 daret.

132 1576 151 1616 4
186 1574 269 1608 ITEM
306 1581 463 1611 ouixori:
499 1579 672 1603 RATIONES
709 1578 867 1601 riiorrim

82 1632 173 1661 Quas
192 1621 309 1655 Mum
324 1627 585 1653 reniissimrioxi
603 1626 703 1650 scuni
721 1625 862 1649 vomui.

80 1688 127 1694 —-
161 1665 338 1710 Quamvis
373 1663 487 1700 etiam
525 1664 635 1699 beata
668 1661 781 1707 Virgo
819 1660 865 1696 ad

81 1716 218 1761 Legem
242 1712 441 1749 mulierum
465 1721 540 1746 non
564 1712 772 1754 teneretur,
796 1719 865 1744 nec

80 1760 272 1810 purificari
288 1760 488 1805 indigeret,
502 1757 589 1804 quia
606 1768 680 1793 non
696 1755 867 1801 concepit

82 1812 256 1855 suscepto
282 1806 439 1850 semine,
465 1807 528 1842 sed
558 1804 718 1851 Spiritus
742 1803 865 1840 Sancti

80 1856 236 1905 mystico
252 1854 470 1902 spiramine,
484 1853 600 1889 voluit
614 1856 740 1888 tamen
757 1850 865 1887 subdi

79 1902 346 1951 purificationi,
367 1905 520 1948 propter
538 1900 665 1947 plures
684 1898 863 1935 rationes.

83 1951 223 1996 Prima,
245 1953 285 1987 ut
312 1960 350 1986 se
379 1949 416 1984 in
444 1950 512 1984 lioc
540 1947 624 1983 aliis
646 1946 866 1982 mulieribus

81 1999 349 2039 conformaret,
362 1997 455 2032 sicut
473 1999 509 2031 et
528 1995 641 2031 Filius
655 2005 722 2040 per
740 1993 867 2029 omnia

81 2046 261 2083 fratribus
281 2043 481 2081 assimilari
504 2042 634 2078 voluit.
661 2042 763 2077 Unde
786 2043 866 2076 Rer—

80 2095 243 2130 modus:
260 2108 276 2125 «
294 2094 387 2129 Vere
403 2092 513 2127 beata
533 2090 642 2135 Virgo
659 2099 732 2124 non
749 2089 866 2124 habes

82 2151 248 2185 causam,
260 2151 327 2176 nec
340 2139 405 2175 tibi
415 2149 508 2184 opus
520 2141 575 2173 est
588 2135 863 2184 purificatione.

83 2189 154 2227 Sed
176 2187 357 2234 numquid
383 2186 473 2222 Filio
492 2190 555 2221 tuo
578 2195 671 2231 opus
692 2187 774 2219 erat
795 2183 864 2218 cir-

83 2236 336 2274 cumcisione‘?
352 2236 437 2270 Esto
457 2233 553 2269 inter
574 2231 753 2268 mulieres
774 2234 867 2266 tam-

83 2294 194 2331 quam
211 2294 286 2319 una
303 2282 466 2324 illarum,
485 2291 571 2316 nam
593 2283 627 2315 ct
647 2278 760 2315 Filius
782 2282 865 2314 tuus

84 2331 136 2368 sic
156 2334 213 2367 est
234 2330 273 2366 in
297 2329 419 2365 medio
447 2338 663 2375 puerorum.
691 2340 708 2358 »
733 2347 775 2352 --
801 2327 864 2362 Se-

85 2379 220 2422 cunda,
241 2377 447 2413 secundum
472 2376 620 2415 Beclam,
640 2374 735 2409 sicut
759 2373 863 2410 Chri-

85 2430 178 2469 stus,
192 2425 242 2460 sic
258 2428 293 2460 et
310 2425 418 2460 beata
433 2423 543 2468 Virgo
559 2421 643 2467 Legi
662 2425 719 2457 est
733 2424 864 2467 sponte

85 2474 267 2519 subjecta,
280 2475 318 2508 ut
335 2482 403 2506 nos
421 2482 442 2506 a
463 2469 568 2516 Legis
584 2469 732 2505 viuculo
748 2469 866 2504 solve-

85 2531 225 2558 remur.
268 2540 314 2546 —
358 2518 502 2561 Tertia,
541 2520 578 2553 ut
627 2516 863 2552 occasionem

85 2567 251 2605 scandali
286 2566 433 2610 vitaret,
460 2565 624 2601 nondum
658 2563 757 2600 enim
784 2568 865 2600 erat

85 2619 217 2652 notum
238 2615 357 2662 ipsam
380 2614 459 2649 sine
481 2612 625 2648 semine
648 2612 862 2658 peperisse;

85 2663 184 2700 unde
202 2662 231 2699 si
250 2673 324 2698 uon
343 2662 576 2697 observasset
596 2659 675 2695 dies
693 2658 864 2706 purinca-

85 2710 197 2746 tionis
237 2721 332 2752 suae,
372 2708 501 2744 suisset
537 2706 679 2744 Judaeis
717 2706 862 2743 occasio

85 2757 272 2802 scandali,
310 2761 343 2793 et
384 2754 693 2792 murmurationis
732 2758 864 2790 contra

85 2804 218 2852 ipsam.
240 2826 284 2831 —
303 2805 456 2849 Quarta,
477 2807 514 2840 ut
535 2804 670 2850 Legem
692 2802 863 2849 purifica-

945 241 1058 294 tionis
1083 244 1314 287 terminaret,
1337 245 1560 282 adveniente
1587 247 1729 285 ¹<cilicet

945 290 1107 333 Christo,
1121 290 1181 335 qui
1198 296 1253 326 est
1277 297 1405 328 nosti-a
1422 294 1647 339 purificatio,
1662 306 1728 341 pei·

947 336 1061 389 iidem
1089 347 1156 372 nos
1190 338 1405 383 puriticans.
1436 361 1480 366 —
1508 342 1658 386 txttiiiita,
1689 347 1729 379 ut

947 384 1055 419 nobis
1096 386 1306 430 exemplum
1347 387 1568 424 humilitatis
1608 390 1729 427 earet.

946 432 1039 466 Nam
1071 431 1283 467 humiliavit
1313 443 1352 468 se
1379 433 1491 469 etiam
1528 435 1562 471 iu
1598 437 1655 472 tiis
1681 438 1730 474 ad

947 488 1030 524 quie
1060 489 1135 514 non
1168 479 1378 521 tenebatur,
1408 484 1446 515 ut
1479 482 1729 522 humilitatem

946 526 1098 578 doceret
1119 537 1127 560 :
1147 529 1185 561 ut
1207 526 1308 562 enim
1328 528 1445 562 Mater
1468 529 1636 566 Doctoris
1655 543 1732 568 ein-

947 583 1051 608 nium
1079 575 1116 608 et
1145 572 1226 619 ipsa
1261 574 1407 609 tioctrix
1436 574 1625 622 existeret,
1647 591 1730 616 cum

946 631 1021 656 non
1059 624 1187 666 posset
1224 624 1379 667 propter
1415 632 1542 658 sexum
1583 627 1732 670 publice

946 667 1082 704 docere
1124 668 1261 714 verbo,
1305 668 1390 704 ideo
1437 670 1550 706 voluit
1597 673 1733 709 docere

947 715 1131 761 exemplo.

995 766 1014 797 5
1039 764 1153 799 Huius
1180 775 1342 799 MYSTERII
1371 776 1520 800 rictum.
1547 787 1592 791 —
1617 767 1734 803 Maria

947 809 1732 862 igitui-licetpurisicationenonindigeret,

946 857 1250 910 purificationem
1264 862 1390 894 tamen
1407 870 1588 905 peragere
1602 861 1733 906 voluit,

948 915 1034 957 quia
1058 905 1187 941 omnia
1207 916 1290 951 quae
1317 907 1423 952 Legis
1445 912 1549 942 erant
1574 908 1732 955 diligen-

947 956 1092 988 tissime
1121 954 1364 997 observabat,
1393 957 1430 989 et
1456 953 1541 990 ideo
1570 955 1650 1001 ipsa
1678 959 1734 992 est

947 1010 1014 1045 per
1027 1002 1161 1036 Arcam
1177 1001 1404 1036 Testamenti
1421 1002 1677 1047 prattiguiata,
1696 1003 1732 1039 iii

948 1058 1022 1098 qua
1044 1047 1189 1083 inclusa
1211 1052 1319 1084 erant
1339 1048 1446 1093 Legis
1468 1051 1658 1086 mandata.
1679 1051 1732 1086 Ibi

949 1103 1048 1128 enim
1082 1098 1190 1130 erant
1222 1096 1305 1130 duze
1341 1097 1492 1139 tabulae,
1524 1097 1560 1132 in
1599 1098 1734 1143 quibus

948 1140 1079 1193 decem
1107 1146 1296 1193 praecepta
1328 1142 1467 1188 scripta
1493 1148 1620 1187 erant,
1650 1156 1732 1190 quae

947 1188 1064 1240 Maria
1110 1188 1312 1234 diligenter
1356 1190 1594 1226 observabat.
1636 1194 1733 1228 Arca

947 1239 1061 1270 etiam
1100 1234 1236 1271 librum
1279 1236 1386 1283 Legis
1427 1237 1659 1284 continebat,
1697 1243 1733 1275 et

949 1282 1065 1318 Maria
1084 1282 1199 1318 libros
1215 1294 1330 1319 sacrfe
1350 1285 1551 1330 Scriptura.¹
1571 1285 1733 1322 libenter

948 1329 1109 1382 legebat.
1128 1331 1166 1365 ln
1186 1341 1274 1366 arca
1289 1336 1369 1367 erat
1388 1331 1493 1377 virga
1508 1335 1631 1368 Aaron
1649 1344 1731 1379 quae

949 1378 1090 1421 floruit,
1109 1381 1145 1413 et
1162 1377 1278 1413 Maria
1297 1379 1421 1414 ssoruit
1438 1384 1473 1414 et
1493 1380 1731 1417 benedictum

947 1424 1108 1477 fructum
1130 1425 1273 1461 ventris
1288 1426 1342 1461 sui
1362 1426 1469 1462 nobis
1484 1427 1651 1472 protulit.
1666 1430 1731 1464 Ar-

947 1482 989 1507 ca
1015 1475 1128 1524 etiam
1157 1483 1291 1508 urnam
1309 1484 1463 1509 auream
1486 1485 1569 1510 cum
1592 1485 1731 1511 manna

946 1518 1030 1571 coeli
1041 1519 1269 1564 continebat,
1281 1520 1441 1556 etMaria
1452 1532 1579 1557 verum
1593 1532 1732 1559 manna

946 1565 1166 1619 coelituobis
1199 1567 1394 1603 offerebat.
1419 1571 1515 1605 Arca
1550 1569 1596 1605 de
1628 1569 1729 1616 ligno

945 1614 1083 1666 cethim
1096 1613 1315 1659 imputribili
1333 1618 1414 1651 erat
1430 1616 1542 1659 sacta,
1557 1621 1590 1652 et
1614 1617 1732 1653 Maria

944 1672 983 1697 in
1012 1661 1265 1707 putredinem,
1289 1663 1345 1699 vel
1374 1662 1410 1698 in
1438 1664 1631 1709 pulverem
1656 1676 1731 1701 non

945 1712 1000 1745 est
1041 1709 1205 1762 red-acta.
1242 1711 1337 1746 Arca
1374 1715 1534 1756 quatuor
1573 1712 1732 1748 circulos

944 1766 1082 1792 aureos
1102 1767 1139 1792 in
1161 1756 1342 1793 lateribus
1361 1758 1537 1803 habebat,
1555 1763 1592 1795 et
1614 1759 1731 1796 Maria

944 1807 1108 1857 quatuor
1127 1803 1285 1840 virtutes
1305 1805 1531 1849 cardinales,
1551 1817 1634 1852 quae
1655 1818 1732 1844 om—

944 1862 1048 1905 iiium
1069 1855 1250 1888 virtutum
1273 1852 1419 1889 radices
1442 1857 1477 1889 et
1498 1853 1605 1890 initia
1628 1859 1729 1899 sunt,

943 1910 983 1934 in
1019 1910 1058 1935 se
1095 1900 1263 1952 gerebat.
1298 1902 1395 1936 Arca
1434 1901 1599 1938 hahebat
1637 1903 1730 1938 duos

944 1950 1089 1990 vectes,
1118 1948 1253 1992 quibus
1280 1949 1514 1993 portabatur,
1544 1959 1612 1994 pei·
1637 1960 1730 1995 quos

944 1994 1053 2038 duos,
1076 1994 1211 2040 duplex
1236 1995 1400 2031 charitas
1425 1995 1462 2031 iii
1485 1996 1603 2032 Maria
1630 1997 1729 2033 desi-

943 2041 1142 2087 gnabatur.
1161 2043 1256 2078 Arca
1272 2046 1347 2077 tani
1370 2042 1597 2079 intrinsecus
1617 2055 1729 2090 quam

944 2089 1035 2124 soris
1067 2089 1248 2125 deaurata
1282 2093 1375 2133 erat,
1407 2090 1522 2126 Maria
1556 2091 1656 2127 intus
1692 2096 1728 2127 et

944 2136 1034 2172 soris
1053 2136 1253 2172 virtutibus
1270 2138 1546 2183 resplendebat.
1565 2160 1610 2164 —
1631 2140 1728 2182 Qua-

943 2187 1098 2237 propter
1128 2183 1210 2230 ipsa
1243 2185 1356 2221 ctiam
1386 2186 1539 2232 pulchre
1568 2187 1728 2231 figurata

944 2234 999 2267 est
1018 2242 1054 2266 in
1074 2232 1302 2269 candelabro
1318 2243 1448 2277 aureo,
1463 2234 1561 2280 quod
1578 2234 1727 2270 lucebat

942 2279 1187 2325 Jerosolymis
1209 2279 1246 2315 iii
1269 2281 1408 2327 templo
1430 2281 1592 2326 Domitii,
1616 2293 1727 2329 supra

944 2326 1044 2372 quod
1066 2330 1208 2373 septem
1231 2328 1424 2374 lampades
1445 2330 1623 2365 ardentes
1652 2334 1726 2366 sta-

945 2375 1047 2427 bant,
1062 2385 1144 2419 (pize
1157 2379 1300 2421 septem
1312 2386 1426 2422 opera
1443 2376 1725 2418 niisericoiwliw,

944 2421 980 2457 id
997 2425 1053 2457 est
1069 2422 1224 2458 Mariam
1244 2423 1471 2468 tigni-abant,
1486 2435 1568 2470 quir
1586 2424 1728 2470 Regina

945 2469 1228 2514 niisericordiae,
1249 2475 1285 2506 et
1313 2472 1432 2507 Mater
1457 2472 1605 2518 pietatis
1632 2467 1725 2508 crat.

947 2518 1022 2553 Hoc
1049 2517 1316 2554 candelabrum
1349 2521 1386 2555 et
1418 2519 1498 2564 ejus
1530 2520 1724 2555 candelam

946 2565 1191 2618 honoramus,
1205 2566 1357 2611 quaudo
1379 2566 1416 2601 iii
1441 2569 1534 2603 t'esto
1552 2567 1718 2603 lanifica·

945 2615 1072 2665 tioniS,
1094 2623 1273 2649 accensas
1300 2614 1476 2650 candelas
1500 2615 1718 2659 bajiilsiiiiuS.

946 2661 1064 2696 Maria
1085 2659 1185 2696 enini
1207 2661 1400 2697 candelam
1425 2661 1581 2697 Domino
1605 2661 1638 2696 iii
1661 2671 1725 2697 sua

945 2707 1205 2754 purificatione
1239 2710 1443 2752 otl'erebat,
1479 2709 1628 2754 quando
1669 2708 1727 2744 si-

946 2766 1055 2791 meon
1070 2755 1194 2791 lumen
1209 2756 1255 2792 ad
1272 2756 1535 2792 i‘exelatioiieni
1552 2756 1725 2791 tic-utinm

945 2802 1186 2848 conciiiebat;
1209 2803 1378 2840 Christus
1395 2803 1520 2839 Mai-iae
1541 2803 1653 2839 Filius
1671 2807 1729 2839 est

1594 2895 1618 2920 ὀ
