1902 3126
436 194 486 227 DE
526 192 899 227 PRAESENTATIONE
942 192 1099 226 DOMINI
1139 193 1179 226 IN
1218 192 1441 226 TEMPLUM.
1708 191 1765 224 105

172 269 213 301 16
252 267 334 301 ITEM
371 275 414 299 m:
454 274 564 299 1³OEle
602 263 642 297 B.
680 262 723 296 V.
760 263 900 297 MAmAE.

120 333 166 338 —
188 314 230 348 Et
251 309 515 358 prophetizans
533 308 682 345 Simeon
702 308 749 344 de
765 308 903 345 Christi

121 360 312 406 passione,
333 357 384 393 ait
406 358 589 392 :Ettuam
608 357 904 403 ipsiusanimam

118 406 360 453 pertransibit
391 414 458 450 per
490 402 793 449 compassionem
822 404 904 449 yla-

122 455 228 497 dius3
251 452 287 487 id
308 455 362 487 est
382 449 522 496 passio,
547 461 613 486 seu
634 450 742 486 dolor
765 450 906 497 passio-

122 500 181 536 nis
209 498 339 546 ipsius.
363 499 442 534 Non
463 497 567 533 enim
595 498 737 544 absque
767 508 906 544 magno

123 547 260 584 affectu
279 545 441 581 materni
462 544 619 589 doloris,
641 545 762 592 potuit
779 545 907 581 videre

123 592 290 639 crucifigi
325 592 484 636 Filium;
513 592 583 629 etsi
610 595 780 638 speraret
807 603 906 628 mor-

123 646 198 678 tem
231 639 481 684 devicturum,
516 651 558 675 ac
591 644 907 684 resurrecturum,

123 692 161 725 et
180 691 266 735 post
286 691 447 723 mortem
468 688 668 723 victurum.
695 687 799 724 Unde
821 687 911 723 dicit

123 738 378 779 Hieronymus,
409 735 508 781 quod
536 734 622 780 quia
650 735 685 770 in
712 739 819 781 parte
846 734 912 770 im-

152 782 294 819 assibili
315 792 428 828 passa
448 786 518 825 est,
536 782 619 828 plus
638 793 750 828 quam
770 786 912 828 martyr

143 830 208 867 uit.
251 829 406 865 Dolores
449 828 586 875 quippe
628 840 723 875 quos
761 829 913 876 pariens

127 876 271 922 effugit,
291 878 360 913 hos
382 880 550 923 tempore
570 876 754 923 passionis
775 875 912 914 Christi

129 923 319 961 sustinuit.
344 924 447 960 Unde
465 927 501 959 et
521 925 715 959 Anselmus
735 937 743 959 :
769 939 786 957 «
809 926 913 961 Nunc

128 971 292 1018 reposcit
326 971 493 1007 debitum
525 975 631 1007 atrox
665 971 719 1006 vis
755 976 913 1015 naturae,

129 1019 229 1066 quod
251 1018 317 1055 tibi
338 1018 612 1062 detinuit,olim
635 1018 824 1064 pariturae,
840 1029 916 1064 11113-

127 1076 270 1112 nasque
291 1077 374 1102 cum
399 1067 541 1101 foenore
565 1066 752 1102 aestimant
776 1076 913 1109 usura»,

127 1124 212 1160 quae
247 1113 433 1149 communi
469 1112 650 1149 matribus
682 1114 916 1150 debebantur

125 1162 222 1208 Jure.
236 1174 254 1194 »
275 1163 318 1197 Ut
333 1162 534 1196 revelentur
548 1172 592 1196 ea:
608 1162 732 1196 multis
746 1161 915 1196 cordibus

129 1210 398 1253 cogitationes.-
427 1208 563 1245 Christi
592 1218 752 1254 namque
790 1207 915 1254 passio

129 1259 167 1292 et
200 1266 316 1299 mors,
340 1255 541 1291 multorum
571 1255 739 1291 cordium
773 1255 916 1298 cogita-

130 1303 254 1339 tiones
284 1302 480 1345 revelat-iu
519 1302 605 1348 quia
645 1303 916 1348 Prophetarum

131 1350 245 1393 dicta,
274 1349 532 1395 cogitationes,
553 1353 587 1385 et
610 1349 755 1385 occulta
780 1352 916 1395 myste-

132 1397 190 1433 ria
209 1397 257 1433 ibi
279 1397 444 1433 revelata
465 1400 565 1440 sunt,
588 1401 623 1432 et
642 1400 914 1432 consummata.

133 1446 177 1480 Et
198 1445 268 1480 hoc
296 1444 447 1490 quidem
472 1444 595 1479 velum
623 1443 749 1489 templi
775 1443 917 1486 signiti-

133 1491 245 1536 cavit,
287 1492 400 1538 quod,
436 1502 479 1527 eo
521 1490 718 1534 moriente,
761 1490 918 1526 scissum

135 1543 205 1583 est,
245 1543 284 1575 ut
323 1542 453 1574 sancta
489 1542 703 1574 sanctorum
743 1537 918 1573 omuibus

135 1590 374 1633 apparerent.
411 1585 476 1621 Vel
508 1585 710 1621 multorum
735 1585 918 1628 cordium,

134 1633 275 1670 scilicet
294 1634 479 1669 bonorum
502 1636 536 1668 et
562 1632 760 1676 malorum,
783 1631 919 1678 cogita-

132 1681 257 1717 tiones
270 1684 355 1717 tunc
366 1680 539 1717 revelatae
552 1684 656 1716 sunt:
672 1679 759 1725 quia
771 1679 918 1715 Christo

133 1739 245 1775 passo
283 1727 344 1763 alii
385 1727 637 1771 crediderunt,
672 1727 735 1763 alii
766 1727 919 1763 credere

134 1777 350 1812 noluerunt.
366 1777 407 1811 Et
423 1775 626 1811 secuudum
643 1776 791 1815 Reddin,
809 1779 921 1810 antea

134 1823 318 1859 incertum
358 1826 438 1859 erat
477 1822 539 1869 qui
578 1822 795 1859 Judaeorum
834 1832 919 1857 eum

135 1870 320 1917 recepturi
357 1874 480 1914 erant,
513 1873 550 1906 et
581 1869 645 1916 qui
673 1881 766 1913 uon,
790 1873 921 1916 postea

137 1922 279 1954 certum
299 1917 378 1953 suit.
397 1939 442 1943 —
463 1917 678 1963 Mystice,ut
699 1917 789 1952 dicit
808 1917 919 1957 Beda,

136 1976 254 2011 usque
275 1965 322 2000 ad
346 1965 459 2001 tinem
481 1964 609 2007 seculi,
632 1964 778 2009 gladius
804 1963 921 1999 tribu-

137 2012 288 2049 lationis
312 2012 477 2048 animam
504 2011 678 2047 Ecclesiae
701 2010 920 2057 pertransit,

139 2071 223 2097 cum
245 2059 394 2105 signum
415 2059 518 2103 fidei,
534 2060 580 2095 ab
598 2058 724 2104 impiis
745 2062 780 2094 et
798 2069 923 2104 repro-

138 2107 197 2145 bis
226 2107 513 2150 contradicitum
543 2117 626 2142 cum
651 2107 788 2141 multos
815 2116 923 2141 ruere

138 2155 259 2198 videt3
283 2165 367 2190 cum
390 2153 564 2191 revelatis
591 2153 759 2189 cordium
782 2152 923 2199 cogita-

140 2202 320 2246 tionibus,
346 2201 407 2238 ubi
439 2202 579 2237 bouum
607 2212 736 2237 semen
761 2200 924 2236 semina-

141 2253 259 2293 verat,
301 2249 442 2285 zizania
479 2248 691 2296 germinare
730 2247 923 2293 conspicit.

141 2299 184 2334 Et
207 2297 413 2333 notandum
432 2296 531 2342 quod
550 2295 641 2332 illud
659 2299 710 2334 ut.
735 2306 809 2330 non
828 2298 929 2330 tene-

142 2349 204 2381 tur
225 2343 284 2380 hic
306 2343 524 2385 causaliter-3
556 2354 630 2379 nou
654 2342 753 2378 enim
775 2345 928 2388 propter

143 2393 215 2428 hoc
236 2390 495 2437 principaliter
514 2390 589 2436 pati
610 2390 725 2426 voluit
744 2389 926 2434 Christus,

143 2443 182 2476 ut
219 2438 476 2474 revelarentur
506 2437 699 2473 homiuum
731 2436 928 2481 cogitatio-

145 2497 233 2529 nes3
276 2485 340 2521 sed
380 2488 527 2521 tenetur
566 2485 626 2520 hic
661 2483 897 2520 consecutive
920 2496 927 2519 :

146 2533 233 2580 quia
270 2533 339 2568 hoc
374 2532 473 2578 quod
506 2535 562 2568 est
589 2532 755 2568 revelare
789 2531 929 2577 cogita-

147 2581 286 2623 tiones,
327 2584 495 2615 secutum
535 2583 591 2615 est
628 2580 674 2615 ad
716 2578 930 2625 passionem

146 2627 297 2666 Christi.
333 2627 432 2664 Sicut
467 2627 495 2663 si
529 2626 724 2662 dicerem:
759 2626 857 2662 Exivi
884 2626 929 2662 ad

148 2685 315 2721 campos,
339 2678 376 2711 ut
399 2685 553 2721 raperer
570 2675 616 2710 ab
636 2674 818 2710 hostibus.
843 2673 930 2720 Capi

148 2724 196 2760 ab
236 2722 418 2765 hostibus,
452 2733 526 2757 non
560 2721 625 2758 l'uit
654 2722 699 2757 de
727 2720 932 2757 intentione

150 2781 248 2814 mea,
272 2770 336 2806 sed
361 2769 550 2816 quoddam
582 2768 860 2805 consecutivum
885 2768 931 2804 ad

152 2818 290 2854 exitum
319 2827 456 2853 meum.
488 2818 530 2853 Et
561 2820 617 2853 est
644 2815 776 2852 similis
800 2816 933 2852 modus

977 260 1170 306 loquendi,
1194 271 1277 296 cum
1299 261 1435 298 dicitur
1460 272 1558 308 saepe
1582 261 1618 297 in
1639 262 1759 297 Evan-

979 307 1076 353 gelio
1101 319 1108 343 :
1129 310 1202 343 Hoc
1221 309 1360 350 factum
1380 313 1444 349 est,
1468 314 1507 344 ut
1527 310 1766 354 implerentur

978 357 1191 400 Scripturae.
1214 356 1289 389 Hoc
1312 355 1412 390 enim
1435 367 1508 392 non
1531 356 1600 391 suit
1623 353 1762 402 princi-

978 401 1074 449 palis
1095 401 1253 437 intentio
1271 401 1422 446 Christi,
1438 404 1535 448 quod
1553 403 1641 439 talia
1662 401 1766 446 fecit,

979 449 1035 486 vel
1062 459 1194 495 passus
1221 452 1289 492 est,
1322 452 1361 484 ut
1394 449 1639 495 implerentur
1666 448 1764 486 Scri-

978 501 1121 544 pturae3
1141 495 1208 532 sed
1225 498 1425 541 postquam
1438 496 1526 532 talia
1544 499 1769 539 evenerunt,

981 542 1218 580 consecutive
1246 542 1446 588 Scriptura}
1475 548 1559 579 sunt
1588 544 1764 589 impletae.

981 593 1062 628 Non
1083 590 1183 627 euim
1207 589 1406 636 prophetia
1432 594 1489 626 est
1521 601 1633 626 causa
1656 601 1767 626 even-

982 642 1042 675 tus
1071 638 1144 682 rei;
1177 637 1243 673 sed
1274 637 1356 683 ipsa
1384 648 1444 673 res
1468 641 1525 673 est
1549 647 1661 673 causa
1685 647 1770 683 pro-

983 685 1134 732 phetiae.
1158 685 1276 721 Aliter
1296 684 1446 731 exponit
1465 685 1649 729 Origenes,
1669 694 1772 719 reve-

985 733 1124 770 latione
1170 732 1401 768 occultorum
1448 735 1686 778 peccatorum
1732 730 1770 765 111

986 779 1242 824 consessione3
1274 783 1313 815 ut
1340 779 1553 815 revelentur
1574 777 1771 824 cogitatio-

987 839 1052 864 nes
1099 827 1206 863 malae
1248 837 1315 873 per
1356 826 1644 867 confessionem,
1689 834 1773 871 quae

987 875 1090 922 prius
1106 874 1405 918 occultabantur,
1423 884 1505 920 quae
1521 884 1587 920 per
1598 873 1772 909 effectum

987 922 1174 970 passionis
1209 921 1246 957 in
1276 925 1512 957 sacramento
1540 918 1772 968 poenitentite

989 969 1194 1017 operantis,
1220 972 1414 1005 sanantur.

1041 1033 1079 1064 17
1109 1018 1220 1052 ANNAE
1247 1027 1493 1052 PROPHETISSAE
1516 1025 1704 1050 occunsus.
1729 1032 1774 1039 —·

988 1068 1035 1101 Et
1072 1067 1154 1110 ipsa
1195 1064 1327 1100 eadem
1372 1065 1474 1104 hora,
1522 1073 1595 1108 qua
1634 1060 1775 1097 scilicet

990 1112 1142 1148 Simeon
1162 1111 1386 1156 loquebatur
1405 1110 1451 1146 de
1473 1109 1619 1146 Christo
1641 1112 1774 1144 tenens

989 1170 1074 1196 eum
1112 1159 1148 1194 in
1184 1157 1294 1202 ulnis,
1322 1159 1576 1203 superveniens
1603 1160 1639 1192 et
1665 1156 1775 1191 Anna

986 1208 1232 1253 prophetissa,
1257 1215 1331 1240 non
1353 1215 1375 1240 a
1391 1215 1493 1247 casu,
1512 1203 1567 1239 vel
1590 1214 1633 1239 ex
1654 1202 1777 1248 dispo-

991 1253 1125 1290 sitione
1156 1253 1334 1294 humana,
1364 1252 1426 1287 sed
1462 1250 1620 1297 Spiritus
1649 1248 1774 1286 Sancti

991 1300 1236 1342 revelatione,
1269 1299 1361 1334 sicut
1394 1298 1534 1333 dictum
1568 1301 1623 1333 est
1649 1297 1696 1333 de
1725 1295 1776 1332 Si-

993 1358 1146 1390 mcoue;
1166 1351 1201 1382 et
1228 1347 1392 1382 adorans
1419 1356 1518 1389 eum,
1541 1345 1780 1390 confitebatur

991 1397 1156 1432 Domino.
1180 1393 1416 1429 consessione
1438 1392 1559 1427 laudis
1580 1396 1616 1427 et
1637 1390 1776 1437 gratia-

994 1453 1075 1478 rum
1094 1441 1267 1483 actionis,
1288 1440 1445 1475 laudans
1464 1441 1580 1475 Deum
1599 1439 1644 1474 de
1663 1437 1779 1474 tantis

992 1488 1186 1526 beneficiis
1215 1487 1442 1533 adimpletis,
1472 1490 1508 1522 et
1534 1486 1569 1521 in
1599 1487 1777 1521 Incarna-

994 1537 1094 1572 tione
1129 1538 1165 1571 et
1192 1534 1392 1570 Nativitate
1420 1533 1557 1570 Christi
1582 1531 1777 1575 exhibitis3

994 1584 1273 1630 perhibensque
1293 1580 1550 1617 testimonium
1570 1580 1615 1615 de
1636 1579 1727 1615 Filio
1747 1582 1780 1614 et

994 1631 1185 1667 instruens
1200 1630 1395 1676 populum,
1409 1628 1623 1673 loquebatur
1640 1627 1683 1662 de
1700 1627 1779 1667 illo,

995 1678 1160 1714 ommibus
1187 1679 1252 1722 qui
1278 1677 1537 1722 exspectabant
1563 1675 1780 1720 redemptio-

994 1737 1073 1762 nem
1093 1725 1317 1768 Jerusalem,
1340 1727 1375 1759 et
1397 1724 1523 1763 Israel,
1550 1721 1781 1758 annuntians

995 1774 1049 1810 eis
1073 1776 1201 1808 natum
1224 1783 1304 1808 esse
1327 1771 1632 1817 Redemptorem,
1654 1772 1691 1805 et
1711 1769 1780 1804 hu-

997 1820 1098 1856 mani
1133 1819 1283 1866 generis
1321 1819 1573 1859 Salvatorem3
1609 1821 1645 1852 et
1681 1815 1781 1862 quod

996 1868 1059 1904 ille
1097 1868 1161 1903 diu
1199 1866 1435 1902 desideratus
1471 1869 1584 1908 esset,
1620 1863 1682 1910 (1111
1716 1873 1782 1899 eos

996 1915 1184 1951 redimere
1213 1917 1249 1950 et
1276 1914 1438 1949 liberare
1458 1913 1625 1948 deberet.
1652 1909 1781 1947 Omni—

998 1964 1067 1998 bus
1089 1961 1276 2005 tidelibus,
1307 1960 1370 2006 qui
1399 1961 1489 2006 jugo
1512 1957 1670 1995 Herodis
1690 1957 1782 1994 alie-

1000 2010 1147 2056 nigenae
1177 2008 1336 2054 gravati,
1366 2007 1626 2043 liberationem
1653 2004 1783 2041 civita-

999 2058 1047 2092 tis
1079 2061 1111 2092 et
1152 2055 1293 2102 populi,
1331 2066 1373 2090 ac
1410 2054 1523 2090 etiam
1551 2052 1784 2099 spiritualem

1000 2104 1279 2150 exspectabant,
1304 2113 1371 2148 per
1403 2101 1606 2137 adventum
1633 2099 1785 2143 Christi,

1002 2152 1039 2187 in
1081 2150 1248 2197 proximo
1288 2149 1370 2185 fieri
1411 2147 1725 2194 redemptionem,
1765 2156 1787 2182 a

1002 2198 1200 2245 tyrannide
1229 2196 1386 2233 Herodis
1416 2200 1451 2232 et
1479 2195 1676 2239 daemonis,
1705 2204 1788 2240 pro-

1003 2246 1186 2282 mittebat.
1233 2246 1319 2280 Haec
1364 2243 1502 2279 mulier
1547 2241 1786 2284 venerabilis,

1004 2295 1108 2339 cujus
1130 2292 1308 2328 nobilitas
1330 2290 1533 2334 extollitur,
1559 2288 1789 2326 continentia

1004 2341 1190 2383 laudatur,
1219 2343 1310 2375 aetas
1335 2339 1633 2381 commendatur,
1657 2335 1788 2382 religio

1004 2388 1246 2436 proeditatur,
1287 2386 1424 2422 idonea
1463 2390 1499 2422 et
1535 2385 1643 2421 valde
1676 2383 1792 2429 digna

1005 2440 1098 2479 erat,
1133 2446 1215 2481 quaa
1247 2434 1311 2470 Dei
1340 2434 1431 2470 Filio
1458 2433 1656 2469 incarnato
1684 2430 1790 2466 testi-

1008 2483 1175 2519 monium
1197 2483 1426 2528 perhiberet.
1451 2481 1556 2517 Unde
1575 2482 1611 2515 et
1633 2478 1793 2524 prophe-

1005 2531 1097 2566 tissa
1117 2529 1354 2572 describitur,
1377 2532 1415 2564 ut
1435 2529 1516 2574 ejus
1537 2524 1791 2577 testimonium

1006 2577 1299 2620 authentizetur‚
1331 2576 1418 2622 quia
1443 2573 1650 2621 prophetiae
1680 2581 1792 2623 inspi-

1008 2626 1103 2662 ratio
1124 2625 1181 2660 vel
1206 2623 1385 2660 revelatio
1412 2622 1539 2658 divina
1562 2631 1643 2656 esse
1665 2620 1792 2665 perhi-

1008 2674 1129 2709 betur.
1151 2672 1255 2708 Unde
1277 2671 1448 2715 Oriqenes
1472 2682 1481 2704 ι
1503 2684 1519 2701 «
1539 2670 1641 2703 Juste
1661 2670 1794 2702 sancta

1009 2720 1143 2756 mulier
1166 2719 1337 2765 spiritum
1369 2714 1616 2763 prophetandi
1641 2712 1791 2756 meruit,

1009 2769 1096 2814 quia
1138 2767 1250 2812 longa
1288 2765 1473 2806 castitate,
1515 2761 1636 2807 longis
1677 2760 1790 2796 etiam

1005 2813 1174 2862 Jejuniis‚
1189 2813 1236 2849 ad
1258 2814 1328 2848 hoc
1350 2812 1499 2848 culmen
1519 2808 1752 2846 ascenderat.
1771 2820 1792 2839 »
