1902 3126
125 156 185 191 214
597 149 742 184 PRIMAE
776 149 936 184 PARTIS

124 222 330 260 liberaliter
360 219 667 257 condescendens
690 231 819 257 eorum
838 231 901 267 pe-

123 269 262 313 titioni,
301 269 392 303 dicit
432 269 483 303 eis
506 280 516 302 :
541 269 680 308 Venite,
704 271 739 303 et
768 269 898 309 videte,

125 317 264 360 venite,
295 314 510 351 testimonio
530 313 700 359 Joannis,
721 316 769 351 ab
787 325 901 351 onere

126 363 236 409 Legis
256 363 304 398 ad
337 363 479 398 sontem
509 361 661 408 gratiae,
698 367 735 398 et
763 362 898 406 videte,

126 410 294 446 revelata
322 409 411 453 fide,
432 410 585 445 tandem
619 408 734 445 visuri
763 409 897 455 specie.

126 456 238 501 Quasi
277 456 388 500 dicat,
425 456 629 492 secundum
666 457 862 492 Alcuinum
890 468 900 490 .-

128 517 148 538 «
172 503 436 540 Habitat-ulum
468 513 592 539 meum
619 503 792 549 explicari
827 513 901 538 non

128 554 254 598 potest
289 561 476 594 sermone,
503 550 568 586 sed
602 561 715 596 opere
747 551 902 586 demon-

130 602 289 641 stratum
309 597 433 634 venite
446 608 536 642 ergo
551 598 738 633 credendo
756 601 791 633 et
809 598 904 632 bene

129 645 335 691 operando,
369 648 405 680 et
441 644 564 680 videte
602 644 858 691 intelligendo.
886 655 904 675 »

126 692 211 736 Vel,
247 692 452 728 secundum
485 691 691 735 Oriyenem,
731 701 799 737 per
835 690 906 725 hoc

128 739 230 785 quod
249 738 352 782 dicit,
373 738 510 781 venite,
532 738 578 773 ad
602 737 788 773 actionem
810 735 904 771 invi-

128 788 206 830 tat3
224 796 290 831 per
306 786 375 821 hoc
393 788 518 821 antem
535 784 748 829 quoddicit,
767 783 905 825 videte,

129 833 178 869 ad
215 831 584 877 contemplationem.
624 833 705 866 Non
744 830 847 872 dixit,
870 829 908 863 in

129 878 195 915 illo
217 879 272 914 vel
308 879 347 913 in
382 879 446 913 illo
478 877 560 912 loco
585 877 729 921 habit03
752 876 851 922 quod
877 875 908 911 si

134 926 288 962 dixisset
311 953 318 968 ,
358 925 482 970 potius
520 925 642 959 locum
682 924 906 967 ostendere,

134 983 248 1019 quam
267 983 331 1007 eos
350 971 511 1006 invitare
526 971 730 1006 videretur.

176 1023 199 1062 4
218 1020 392 1054 CHRISTUS
415 1029 481 1052 nos
499 1028 601 1053 noem
627 1030 663 1053 m
682 1029 828 1061 DOMUM‘,
851 1027 911 1053 um

135 1077 174 1100 ss
195 1077 284 1101 TUM·
306 1076 523 1100 REDUCEBAT.
543 1086 588 1091 —-
602 1066 645 1101 Et
665 1065 769 1101 duxit
791 1075 854 1100 eos
874 1064 911 1099 in

134 1112 304 1155 domum,
336 1111 376 1146 in
403 1121 516 1157 quam
551 1115 641 1147 tunc
674 1112 713 1147 iu
743 1111 913 1157 partibus

128 1158 203 1194 illis
227 1169 266 1194 se
292 1159 508 1202 reducebat,
524 1159 612 1204 quia
627 1159 821 1205 proprium
845 1159 912 1194 ha-

132 1205 338 1242 bitaculum
392 1216 469 1241 non
510 1206 686 1242 habebat.
730 1208 914 1243 Venerunt

132 1263 236 1298 ergo,
254 1258 286 1288 et
300 1253 471 1288 viderunt
491 1254 556 1288 ubi
573 1257 744 1295 maneret,
762 1257 795 1288 et
812 1253 913 1298 apud

132 1310 211 1335 etam
236 1303 448 1334 manserunt
476 1299 542 1341 ibi,
581 1301 640 1335 die
667 1302 745 1341 illo,
769 1300 808 1335 id
841 1303 910 1343 est,

133 1345 207 1383 diei
239 1346 339 1382 illius
360 1346 526 1390 residuo,
555 1349 592 1382 et
618 1347 809 1393 sequentis
836 1357 912 1382 suae

131 1392 254 1430 noctis
295 1393 429 1439 spatio,
459 1393 654 1430 audientes
684 1395 798 1430 verba
827 1394 912 1429 vitae

134 1441 182 1477 ab
203 1451 261 1476 eo.
285 1440 381 1476 Dicit
401 1445 525 1476 autem
558 1441 633 1484 die,
653 1441 742 1487 quia
774 1441 836 1477 ubi
858 1444 914 1476 est

136 1488 306 1525 Christus
325 1487 385 1523 lux
405 1487 585 1523 virtutum
606 1492 642 1524 et
669 1489 723 1524 sol
741 1488 911 1534 juststiae,

132 1535 198 1571 uhi
224 1535 337 1571 nullae
372 1535 538 1570 tenebrae
571 1539 730 1581 possunt
761 1546 856 1571 esse.
886 1536 914 1571 O

135 1592 248 1628 quam
271 1583 421 1618 beatam
441 1581 554 1626 diem,
576 1585 613 1618 et
633 1593 743 1628 quam
764 1584 913 1618 beatam

135 1632 284 1664 noctem
317 1629 515 1673 duxerunt,
557 1629 752 1665 audientes
787 1633 824 1665 et
860 1629 914 1664 vi-

136 1675 269 1712 dentes
291 1685 376 1711 eum
399 1688 409 1710 :
432 1686 543 1721 quem
570 1676 679 1711 multi
716 1676 842 1712 videre
878 1679 915 1712 et

137 1722 268 1759 audire
290 1723 470 1766 volentes,
497 1733 573 1758 non
597 1723 772 1759 viderunt
793 1734 915 1770 neque

140 1769 363 1807 audierunt!
387 1770 476 1813 Quis
514 1773 570 1806 est
601 1770 663 1816 qui
684 1771 792 1806 nobis
817 1782 915 1806 nun-

138 1817 222 1860 tiet,
242 1827 326 1863 quae
346 1816 550 1853 audierunt
569 1828 592 1853 a
616 1817 799 1853 Domino?
819 1817 919 1853 AEdi-

139 1865 296 1900 ficemus
315 1875 407 1908 ergo
429 1869 466 1900 et
486 1875 554 1900 nos
571 1864 609 1899 in
630 1865 744 1900 corde
770 1870 914 1909 nostro,

137 1912 201 1948 ubi
228 1911 385 1954 habitet,
404 1914 441 1947 et.
466 1911 505 1947 in
527 1911 806 1958 nobismetipsis
827 1912 916 1948 saci-

137 1969 246 1994 amus
278 1959 432 1994 domum
470 1969 542 2004 quo
580 1959 718 2003 veniat,
742 1964 781 1995 ut
807 1959 918 1995 nobis

138 2006 374 2051 colloquatur
400 2008 436 2041 et
458 2016 528 2041 nos
562 2006 706 2042 doceat.
730 2009 828 2042 Hora
849 2010 918 2042 a'u-

138 2057 209 2089 tem
241 2057 317 2087 erat
339 2055 447 2098 quasa·
475 2054 627 2094 decima,
650 2053 687 2089 id
709 2058 778 2098 est,
801 2064 918 2100 prope

138 2110 347 2145 vesperam,
375 2100 440 2135 ubi
478 2100 644 2136 insinuat
681 2102 921 2137 commenda-

136 2146 283 2182 tionem
303 2146 454 2190 Christi,
468 2151 503 2183 et
518 2147 800 2194 discipulorum.
819 2150 919 2184 Hora

140 2193 240 2230 enim
267 2193 415 2229 decima
435 2199 492 2230 est
525 2194 564 2230 in
602 2206 736 2232 occasu
764 2195 852 2240 diei,
875 2207 919 2232 ex

142 2251 217 2286 quo
238 2244 274 2276 et
293 2240 460 2276 Christus
487 2244 771 2279 commendatur
791 2254 813 2279 a
833 2243 918 2279 dili-

142 2287 283 2335 gentia,
305 2287 405 2333 quod
441 2293 518 2323 tam
552 2290 742 2325 studiosus
776 2291 823 2326 ad
849 2291 918 2326 do-

140 2335 299 2371 cendum
320 2333 401 2377 fuit,
423 2335 523 2380 quod
550 2346 619 2371 nec
652 2342 805 2383 propter
824 2341 918 2373 tem-

141 2381 247 2428 poris
266 2381 496 2425 tarditatem,
517 2392 582 2417 eos
601 2383 734 2419 docere
753 2385 916 2429 distulit3

141 2432 178 2465 et
197 2427 369 2474 discipuli
398 2429 710 2466 commendantur
730 2442 752 2466 a
772 2433 918 2468 fervore

139 2475 315 2513 audiendi
327 2474 527 2521 Christum,
539 2476 626 2522 quia
635 2479 803 2522 quamvis
812 2480 918 2515 tarde

139 2527 252 2567 esset,
275 2526 312 2558 et
331 2523 452 2559 adhuc
478 2523 572 2559 forte
589 2524 819 2570 jejunarent,
844 2537 918 2561 non

141 2574 268 2606 tamen
279 2570 600 2606 retardabantura
611 2572 799 2616 sequendo
813 2584 916 2617 eum;

144 2621 285 2654 etcum
305 2617 399 2653 hora
425 2617 640 2663 vespertina
675 2618 820 2654 soleant
855 2620 919 2654 ho-

145 2664 268 2700 mines
294 2664 431 2700 reverti
459 2666 509 2700 ad
536 2664 726 2701 domicilia
751 2665 916 2711 propria,

143 2715 270 2747 tamen
296 2711 470 2749 omnibus
501 2711 679 2756 dimissis,
700 2716 918 2748 manserunt

142 2769 225 2795 cum
245 2769 290 2795 eo
308 2769 426 2805 usque
461 2759 501 2796 in
530 2759 746 2806 crastinum,
769 2759 916 2796 deside·

972 149 1109 183 CAPUT
1143 147 1266 183 xxlv

972 221 1029 257 rio
1070 218 1245 256 audiendi
1283 218 1419 266 ipsum.
1460 216 1579 261 Unde,
1617 225 1748 252 secun-

973 270 1060 304 dum
1100 268 1410 311 chrysostomum,
1447 263 1535 299 hinc
1573 263 1752 299 docemur

973 325 1086 351 omne
1108 317 1255 361 tempus
1273 323 1413 362 ponere
1434 311 1481 347 ad
1504 309 1667 346 divinam
1687 319 1754 346 au-

973 362 1153 398 ditionem
1173 375 1183 400 :
1205 363 1291 410 quia
1311 369 1420 398 omne
1439 362 1585 403 tempus
1606 357 1652 393 ad
1666 366 1750 392 eam

973 412 1099 455 aptum
1118 415 1187 455 est,
1201 413 1237 446 et
1252 409 1395 446 nullum
1411 405 1749 450 intemporaneum.

975 456 1079 492 Unde
1115 457 1152 490 et
1179 457 1428 501 Theophilus:
1458 467 1476 485 «
1495 453 1576 487 Non
1614 451 1756 486 frustra

975 506 1124 548 tempus
1160 504 1303 540 notavit
1334 499 1588 545 Evangelista,
1613 500 1654 534 ut
1677 500 1756 533 tam

977 550 1165 594 doctores,
1191 561 1304 595 quam
1340 547 1541 593 discipulos
1575 543 1755 588 erudiret,

978 596 1077 642 quod
1093 597 1264 632 doctrina
1280 599 1433 642 propter
1447 598 1594 639 tempus
1609 602 1684 627 non
1701 593 1759 626 est

978 643 1302 688 praetermittenda
1329 655 1340 677 ι
1368 655 1385 675 »
1418 641 1499 676 haec
1525 639 1755 683 Theophilus.

980 693 1118 726 Horum
1150 690 1263 736 igitur
1297 687 1484 733 exemplo,
1513 685 1655 737 nullam
1692 685 1758 720 ho-

979 748 1060 773 ram
1091 736 1436 783 praetermittamus,
1468 733 1516 769 ad
1554 732 1758 784 disponen-

980 785 1069 820 dum
1099 795 1181 828 nos,
1219 787 1261 819 ut
1296 782 1483 819 Christum
1519 787 1758 831 reeiplamus,

981 834 1017 867 et
1038 842 1122 867 cum
1143 842 1188 867 eo
1211 829 1438 872 habitemus,
1462 826 1550 873 quia
1569 833 1760 878 nescunus

979 879 1128 924 quando
1149 877 1343 920 Dominus,
1367 875 1444 911 sive
1467 874 1505 910 in
1526 876 1657 916 nocte,
1682 881 1762 907 sive

980 927 1018 962 in
1052 925 1126 969 die,
1150 925 1226 960 sive
1256 924 1294 959 in
1331 933 1454 966 mane,
1486 920 1562 957 sive
1590 919 1630 955 in
1659 928 1759 964 sero,

982 973 1059 1009 sive
1079 972 1118 1008 in
1136 971 1223 1019 galli
1245 973 1355 1007 cantu
1375 973 1556 1005 venturus
1577 967 1637 1010 sit,
1656 967 1762 1012 juxta

983 1030 1088 1056 mare
1107 1020 1218 1065 huJ'ns
1238 1016 1382 1062 mundi,
1400 1016 1585 1063 judicare,
1605 1017 1641 1049 et
1661 1013 1764 1049 dam-

984 1077 1076 1104 nare
1096 1065 1388 1102 amaritudinem
1415 1066 1667 1110 peccatorum,
1680 1070 1764 1106 quae

985 1114 1155 1151 fecimus.
1197 1114 1417 1157 Quaeramus
1456 1120 1544 1155 ergo
1583 1108 1622 1144 in
1652 1110 1764 1144 nocte

986 1162 1118 1207 culpae,
1146 1159 1209 1196 ubi
1239 1159 1405 1196 Christus
1437 1157 1599 1209 habitetj
1626 1164 1763 1208 sequa-

986 1219 1070 1244 mur
1108 1217 1195 1243 eum
1231 1217 1301 1252 per
1337 1215 1464 1241 veram
1487 1206 1763 1250 poenitentiam,

986 1259 1027 1291 ut
1052 1265 1120 1290 nos
1144 1255 1349 1289 clementer
1373 1250 1566 1296 respiciam
1588 1258 1765 1294 rogemus

987 1313 1071 1338 eum
1099 1300 1258 1337 sollicito
1279 1299 1405 1344 corde,
1426 1302 1468 1334 ut
1492 1296 1766 1333 habitationem

988 1347 1198 1385 mansionis
1244 1349 1397 1383 aeternae
1438 1344 1546 1380 nobis
1591 1343 1768 1390 dignetur

987 1396 1205 1439 ostendere,
1226 1398 1262 1430 et
1284 1398 1324 1430 ut
1347 1404 1416 1428 nos
1448 1401 1575 1428 seeum
1595 1389 1767 1426 habitare

987 1444 1097 1479 saciat
1110 1471 1118 1482 .
1140 1442 1179 1477 in
1199 1442 1303 1487 cujus
1329 1441 1441 1476 domo
1459 1438 1559 1475 beati
1575 1437 1638 1484 qui
1658 1435 1766 1473 habi-

987 1494 1078 1527 tant.
1104 1491 1174 1525 Per
1195 1488 1378 1525 decimam
1400 1487 1513 1523 etiam
1533 1486 1680 1529 horam',
1702 1495 1767 1520 ex-

986 1537 1201 1584 primuntur
1219 1535 1273 1571 illi
1296 1534 1466 1580 discipuli
1496 1533 1607 1569 tuisse
1637 1533 1768 1568 obser-

989 1589 1137 1620 vatores
1164 1582 1352 1627 Decalogi,
1379 1581 1466 1627 quia
1491 1583 1643 1616 venerat
1672 1580 1769 1616 hora

987 1632 1110 1678 ipsum
1141 1629 1337 1676 implendi.
1370 1629 1473 1664 Unde
1505 1628 1770 1671 Achustz'nus:

991 1694 1008 1712 (ι
1033 1680 1217 1714 Numerus
1238 1676 1352 1712 etiam
1372 1675 1444 1711 iste
1464 1676 1599 1720 Legem
1627 1672 1769 1720 signifi-

989 1730 1061 1770 cat,
1089 1725 1178 1770 quia
1212 1723 1252 1759 in
1291 1723 1420 1759 decem
1452 1721 1648 1768 praeceptis
1680 1720 1771 1757 data

990 1777 1058 1809 est.
1092 1773 1257 1807 Venerat
1295 1773 1442 1815 tempus
1476 1773 1514 1805 ut
1550 1768 1772 1814 impleretur

990 1822 1060 1856 Lex
1092 1829 1160 1865 per
1190 1817 1440 1859 dilectionem,
1470 1827 1552 1862 quae
1582 1826 1603 1851 a
1628 1813 1770 1851 Judaeis

990 1866 1137 1913 impleri
1160 1876 1236 1901 non
1257 1867 1419 1910 poterat,
1444 1874 1511 1910 per
1536 1863 1724 1898 timorem.
1746 1874 1768 1894 »ν

990 1916 1052 1958 Et,
1093 1912 1301 1948 secundum
1342 1912 1649 1956 Chmtsostomum,
1693 1918 1770 1944 non

991 1960 1144 1997 alterius
1184 1959 1343 2004 alicujus
1382 1968 1496 1994 causa
1542 1957 1600 1993 vel
1647 1955 1770 2003 gratia

993 2007 1183 2044 Christum
1208 2005 1324 2042 secuti
1352 2009 1453 2049 sunt,
1474 2015 1586 2051 quam
1615 2008 1774 2052 propter

992 2054 1221 2098 doctrinam3
1245 2063 1356 2099 quam
1376 2052 1429 2088 ita
1449 2053 1598 2098 copiose
1612 2050 1772 2088 volutati

994 2106 1082 2138 sunt
1098 2102 1135 2137 in
1152 2105 1260 2137 nocte
1280 2103 1421 2144 una,ut
1443 2099 1640 2136 confestim
1659 2099 1774 2135 alterb

992 2154 1090 2193 uter,
1117 2152 1154 2184 et
1179 2149 1226 2185 ad
1252 2147 1412 2184 aliorum
1439 2146 1680 2182 venationem
1708 2156 1770 2182 ve·

993 2198 1104 2232 niret.

1041 2248 1060 2279 5
1079 2245 1247 2280 AanEAs
1268 2254 1302 2278 Π·
1323 2253 1505 2282 QUAEsirmi
1526 2252 1700 2277 mmm.
1723 2260 1770 2266 —

992 2294 1084 2327 Erat
1105 2294 1225 2326 autem
1259 2290 1440 2330 Andreas,
1467 2291 1585 2333 frater
1611 2289 1775 2325 Simonis

991 2340 1103 2379 Petri,
1126 2348 1220 2373 unus
1242 2348 1289 2373 ezr
1309 2338 1447 2372 duobus
1485 2339 1551 2382 qui
1575 2337 1775 2373 audierant

992 2398 1014 2421 a
1031 2388 1182 2426 Joanne,
1203 2388 1236 2420 et
1265 2386 1380 2420 secute·
1405 2385 1555 2428 fuerant
1573 2394 1664 2419 eum.
1687 2384 1775 2428 Ipse.

990 2444 1093 2477 vero,
1115 2431 1242 2469 audita
1271 2431 1406 2468 Christi
1435 2431 1618 2472 doctrina,
1643 2428 1771 2467 statim

989 2480 1055 2515 ivit
1078 2480 1125 2515 ad
1147 2479 1389 2526 quaerendum
1411 2479 1564 2514 fratrem
1578 2488 1701 2521 suum,
1722 2477 1772 2514 ad

991 2527 1222 2563 audiendum
1247 2528 1374 2563 Jesum
1407 2525 1610 2562 Christum.
1635 2526 1679 2560 Et
1697 2525 1773 2561 hoe

991 2577 1048 2610 est
1071 2575 1172 2620 quod
1206 2573 1375 2620 sequitur
1396 2585 1409 2609 τ
1427 2575 1570 2609 Invenit
1604 2574 1674 2613 hz'c,
1696 2571 1769 2608 sci-

992 2621 1079 2657 licet
1099 2621 1282 2665 Andreas,
1299 2622 1458 2667 primum
1477 2622 1670 2661 Simonem,
1690 2620 1771 2663 frct-

992 2672 1080 2703 trem
1103 2679 1223 2710 suum,
1245 2668 1304 2704 cui
1323 2678 1367 2704 ex
1387 2667 1609 2714 cognatione
1642 2665 1772 2703 camis

990 2715 1072 2760 plus
1092 2716 1290 2751 tenebatur
1309 2725 1422 2761 quam
1444 2714 1551 2758 aliis3
1574 2725 1650 2750 non
1666 2713 1767 2750 inve-

991 2761 1046 2797 nit
1065 2773 1150 2798 eum
1170 2773 1192 2798 a
1212 2773 1313 2806 casu,
1345 2762 1411 2798 sed
1433 2761 1633 2808 diligenter
1663 2770 1771 2807 quae-¹
