1902 3126
171 176 228 211 ¹78
677 177 819 211 PRIMAE
855 177 1014 212 PARTIS
1052 178 1187 212 CAPUT
1223 178 1289 212 XX

159 245 222 282 hic
247 245 347 289 facit,
369 255 446 282 non
462 248 586 282 autem
609 256 630 282 a
649 246 811 283 residua.
838 248 942 284 Unde

159 293 399 328 Bernartius:
429 307 448 325 «
477 294 551 329 Nec
582 293 648 330 tibi
675 294 892 339 blandiaris,
911 295 939 331 si

156 338 322 384 graviter
343 339 510 385 peccanti
547 340 664 376 levior
688 351 812 387 poena,
836 342 891 377 vel
918 353 939 378 a

157 385 416 422 dissimulante
436 386 617 432 dictatur;
644 398 727 424 cum
747 388 785 424 in
803 399 937 434 purga-

153 432 263 469 toriis
283 433 432 477 ignibus
454 434 724 480 perficiendum
746 435 806 480 sit,
828 436 936 481 quid-

156 479 246 525 quid
278 480 338 516 hic
365 479 488 516 minus
520 481 667 526 feceris,
695 482 782 528 quia
805 483 936 527 dignos

155 527 301 563 fructus
337 527 569 573 poenitentiae
615 529 750 574 quaerit
790 530 935 565 Altissi-

152 583 239 610 mus
267 585 275 608 :
312 586 330 607 »
363 575 444 610 haec
469 577 687 611 Bernartius.
711 575 830 621 Digna
848 587 934 612 vero

156 620 394 667 poenitentia,
413 632 487 657 non
504 625 651 658 tantum
671 623 795 659 carnis
816 634 936 658 mace-

154 667 317 713 ratione,
357 668 414 704 vel
466 669 646 715 temporis
688 670 932 715 longitudine,

157 720 339 761 quantum
364 715 488 751 cordis
510 715 735 752 contritione
756 727 935 763 compen-

154 765 279 805 satur;
301 762 388 807 quia
406 763 504 808 apud
530 764 648 799 Deum
667 774 742 799 non
766 767 842 799 tam
869 774 932 799 va-

149 808 201 844 let
227 819 402 845 mensura
428 809 622 855 temporis,
643 820 756 854 quam
776 810 930 853 doloris,

149 865 221 891 nec
272 860 416 891 tantum
469 856 697 891 abstinentia
746 857 930 901 ciborum,

151 905 333 948 quantum
363 902 603 938 mortificatio
632 902 821 938 vitiorum.
845 904 932 938 Pro-

154 952 239 994 pter
254 949 353 995 quod
365 959 576 984 mensuram
585 949 933 995 temporisinagen-

152 996 200 1032 da
236 995 472 1042 poenitentia,
507 1006 673 1031 canones
696 995 734 1031 in
772 996 930 1033 arbitrio

151 1042 358 1078 sacerdotis
396 1042 642 1088 intelligentis
686 1046 854 1079 statuunt
896 1048 932 1080 et

147 1088 379 1134 poenitentiae
393 1092 576 1135 tempora,
590 1089 665 1125 fide
679 1093 715 1125 et
733 1101 930 1127 conversa-

145 1136 249 1171 tione
276 1135 537 1181 poen‘itentium
565 1136 835 1182 abbrevianda,
872 1140 929 1174 vel

117 1182 380 1227 ‘negligentia
431 1183 653 1229 protelanda
702 1183 928 1221 existimant.

148 1230 269 1265 Tanta
308 1229 421 1265 etiam
464 1230 638 1266 contritio
675 1234 796 1276 potest
835 1243 928 1277 esse,

149 1276 250 1322 quod
286 1277 452 1313 totaliter
480 1277 587 1313 tollat
612 1280 759 1314 reatum
791 1289 928 1324 poenae,

148 1323 237 1369 quia
262 1325 360 1359 Deus
383 1324 466 1370 plus
493 1327 665 1370 acceptat
690 1325 814 1361 cordis
837 1327 928 1362 affe-

148 1374 263 1415 ctum,
294 1381 406 1416 quam
433 1371 655 1408 exteriorem
688 1376 827 1408 actum.
858 1374 929 1409 Sed

145 1427 214 1463 per
240 1420 345 1454 actus
365 1420 569 1454 exteriores
589 1419 796 1456 absolvitur
816 1421 928 1456 homo

147 1474 170 1500 a
187 1474 299 1510 poena
320 1468 357 1501 et
380 1476 402 1501 a
423 1465 554 1511 culpa:
584 1476 672 1511 ergo
700 1469 736 1502 et
756 1466 929 1503 similiter

146 1521 215 1557 per
236 1511 359 1548 cordis
388 1512 579 1556 affectum,
599 1523 681 1559 quae
706 1516 763 1549 est
789 1514 928 1550 contri-

144 1558 212 1604 tio,
249 1559 456 1595 absolvitur
488 1561 535 1595 ab
571 1570 628 1604 ea,
657 1560 745 1605 quia
770 1560 927 1597 intentio

145 1605 383 1641 contritionis
407 1609 530 1651 potest
549 1607 691 1642 attendi
712 1607 925 1653 dupliciter.

144 1652 225 1688 Uno
252 1653 375 1695 modo,
406 1663 449 1688 ex
474 1656 581 1699 parte
607 1653 813 1698 charitatis,
842 1654 929 1700 quia

146 1699 422 1745 displicentiam
460 1703 611 1744 causat;
647 1703 684 1736 et
729 1700 828 1745 ideo,
851 1712 927 1736 me-

146 1745 274 1782 diante
299 1747 495 1791 charitate,
518 1750 686 1783 meretur
711 1758 786 1783 non
807 1748 927 1784 solum

149 1793 267 1839 culpae
285 1793 528 1838 amotionem,
553 1795 618 1830 sed
639 1794 750 1830 etiam
773 1796 819 1831 ab
847 1806 926 1831 om-

146 1840 186 1876 ni
220 1850 332 1886 poena
370 1841 658 1877 absolutionem.
693 1841 774 1888 Alio
800 1843 925 1886 modo,

145 1898 190 1923 ex
209 1891 315 1933 parte
338 1887 479 1923 doloris
504 1887 706 1932 sensibiHs,
736 1899 846 1933 quein
867 1900 929 1924 vo-

146 1934 270 1970 luntas
308 1934 346 1969 in
376 1934 600 1971 contritione
630 1935 833 1978 exercitat;
876 1939 927 1979 et,

144 1980 232 2027 qula
252 1981 313 2017 ille
332 1981 438 2017 dolor
456 1985 511 2017 est
527 1981 640 2018 etiam
658 1982 709 2017 illi
730 1982 925 2028 poenitenti

146 2028 319 2073 quaedam
346 2039 470 2074 poena,
506 2039 588 2074 quae
623 2032 770 2065 tantum
804 2033 927 2074 potest

147 2074 304 2119 intendi,
334 2075 432 2120 quod
459 2075 598 2112 sufficit
622 2076 671 2112 ad
697 2076 926 2112 deletionem

149 2122 266 2167 culpae
288 2125 325 2157 et
346 2133 481 2167 poenae.

197 2172 236 2204 15
282 2170 571 2205 SATISFACIENTIA
615 2180 683 2205 pno
728 2181 926 2206 pnecnonn

147 2226 215 2251 cuni
236 2226 328 2251 ipso,
351 2235 395 2242 —
423 2218 467 2251 Et
501 2216 532 2252 si
566 2217 677 2252 homo
697 2227 766 2262 per
785 2228 825 2253 se
850 2228 927 2253 non

145 2262 264 2308 possit
292 2261 508 2298 satisfacere
525 2273 592 2308 pro
610 2263 782 2309 peccatis,
802 2268 927 2310 potest

144 2313 272 2345 tamen
293 2319 360 2355 per
380 2309 608 2355 adjutorium
628 2310 782 2346 alterius
806 2322 814 2346 :
838 2311 927 2357 quia

144 2355 245 2392 enirn
263 2366 373 2402 poena
396 2366 507 2401 quam
526 2360 700 2402 peccator
719 2358 830 2394 debet
851 2369 928 2394 sus-

143 2402 278 2446 tinere,
307 2403 450 2439 excedit
471 2402 569 2439 vires
595 2404 695 2449 ejus;
719 2403 803 2440 ideo
825 2405 925 2441 ordi-

144 2449 247 2486 navit
259 2451 369 2494 Deus,
386 2461 429 2486 ex
445 2460 584 2496 magna
600 2450 869 2495 misericordia,
888 2456 927 2488 ut

146 2507 231 2533 cum
265 2507 308 2533 eo
343 2500 379 2533 et
403 2507 470 2543 pro
497 2507 555 2541 eo,
588 2498 751 2543 primum
778 2499 926 2535 satisfa-

145 2543 217 2580 ciat
229 2543 404 2580 meritum
420 2543 610 2580 Passionis
624 2543 773 2589 Christi,
785 2545 845 2591 qui
862 2556 928 2591 per

149 2602 256 2627 suam
272 2590 505 2635 Passionem,
519 2602 595 2627 non
610 2591 730 2627 solum
745 2593 927 2628 mundum

149 2638 324 2682 redemit,
363 2638 428 2674 sed
463 2637 576 2674 etiam
611 2648 720 2674 suum
754 2638 928 2674 meritum

148 2695 217 2731 pro
244 2686 504 2731 peccatoribus
527 2684 718 2722 satisfecit.
742 2686 926 2730 Secundo,

149 2731 329 2768 satisfacit
341 2743 408 2779 pro
424 2736 620 2779 peccatore
631 2731 806 2769 meritum
818 2732 929 2768 totius

146 2778 339 2816 Ecclesiae:
353 2779 443 2816 dicit
456 2780 558 2817 enim
570 2780 813 2826 Auqustinus,
830 2779 930 2826 quod

1016 248 1276 294 elcemosynae,
1292 250 1327 282 et
1343 247 1533 284 orationes
1547 259 1629 295 quae
1642 250 1736 287 siunt
1754 251 1794 288 in

1014 294 1179 330 Ecclesia
1194 322 1203 339 ‚
1246 294 1469 331 subveniunt
1510 297 1796 342 recognoscenti

1014 344 1179 378 mentem
1195 352 1314 386 suam,
1327 342 1375 377 ad
1388 341 1549 378 veniam,
1560 343 1684 380 Tertio
1706 346 1794 382 suh-

1013 388 1114 423 venit
1160 388 1346 434 peccatori
1388 389 1540 434 propria
1571 389 1793 430 satisfactio.

1013 436 1062 470 Ex
1081 435 1139 470 his
1158 435 1292 479 tribus,
1316 435 1456 471 scilicet
1476 448 1484 471 ε
1505 436 1640 473 merito
1664 438 1793 475 Domi-

1012 482 1103 517 nicae
1126 482 1329 526 Passionis,
1348 486 1385 518 et
1410 482 1523 519 totius
1544 484 1732 530 Ecclesiae,
1753 488 1794 522 et

1009 528 1170 574 propriae
1204 529 1447 574 poenitentiae,
1476 530 1713 577 componitur
1738 534 1794 569 ta·

1009 576 1150 610 lentum
1162 576 1457 621 praeponderans
1472 577 1604 623 culpae.
1615 579 1660 614 Et
1673 577 1794 616 scien-

1009 622 1113 664 dum,
1151 623 1354 657 secundum
1391 625 1662 668 Hieronymum,
1701 625 1790 672 quia

1009 667 1182 715 similiter
1203 668 1446 704 circumvenit
1472 670 1628 706 Satanas
1650 682 1718 718 per
1730 672 1790 708 ni-

1008 714 1122 750 miam
1159 715 1351 759 duritiam,
1374 718 1413 751 ut
1448 719 1666 761 peccatores
1700 729 1788 764 per-

1007 765 1094 797 eant
1114 762 1362 807 desperando,
1379 772 1452 807 quo
1483 763 1594 799 modo
1616 763 1656 800 in
1671 765 1789 802 nimia.

1005 808 1228 844 remissione
1266 808 1503 853 corrigendo.
1543 810 1649 846 Unde
1683 812 1788 849 Salo-

1005 865 1093 890 mon
1115 867 1123 891 :
1146 858 1198 893 Ne
1218 856 1373 891 declines
1395 856 1444 891 ad
1458 856 1659 900 deoeteram,
1673 869 1790 905 neque

1005 903 1053 937 ad
1076 904 1278 938 sinistram.

1055 952 1095 984 16
1119 950 1244 985 CULPAE
1265 961 1437 985 GnAvirAs
1458 961 1700 987 CONSIDERATA
1715 963 1786 988 1³OE-

1004 1007 1194 1031 NITENTIAM
1234 1008 1391 1032 ExcirAT.
1429 1017 1474 1024 —-
1503 999 1549 1033 Ut
1577 1001 1703 1034 autem
1735 999 1786 1035 ad

1004 1043 1188 1089 agendam
1206 1043 1467 1089 poenitentiam
1486 1055 1692 1090 congruam
1709 1055 1787 1082 ma·

1003 1090 1060 1135 gis
1097 1091 1327 1135 accendaris,
1356 1091 1555 1127 considera
1597 1091 1628 1127 si
1667 1102 1786 1129 unum

1004 1141 1196 1182 peccatum
1215 1138 1305 1173 Adae
1324 1140 1401 1173 tarn
1422 1138 1590 1174 districte
1609 1138 1784 1185 punitum

1003 1188 1072 1229 est,
1107 1188 1145 1220 ut
1176 1184 1399 1229 nonagentis
1419 1184 1529 1221 annis
1555 1189 1592 1221 et
1622 1186 1784 1232 amplius

1002 1231 1087 1267 vitae
1106 1232 1218 1277 hujus
1238 1231 1429 1267 miseriam
1447 1232 1605 1277 lugeret,
1622 1236 1659 1268 et
1672 1233 1710 1268 in
1721 1243 1785 1269 au·

1002 1282 1195 1323 gmentum
1222 1278 1383 1314 miseriae
1403 1279 1531 1314 multis
1554 1279 1728 1315 subsidiis
1747 1284 1786 1316 et

1002 1325 1146 1361 solatiis
1179 1325 1496 1370 mechanicorum,
1524 1325 1659 1371 quibus
1683 1336 1786 1362 nunc

1001 1372 1155 1417 utimur,
1167 1376 1323 1418 careret,
1334 1383 1376 1408 ac
1387 1375 1519 1418 postea
1530 1374 1608 1409 fere
1623 1375 1786 1419 quatuor

1002 1419 1167 1455 millibus
1202 1429 1389 1456 annorum
1430 1419 1569 1455 inferni
1607 1420 1785 1456 tenebras

1002 1468 1207 1502 sustineret
1225 1479 1232 1511 ;
1262 1466 1424 1513 qualiter
1443 1466 1648 1512 punientur
1665 1469 1786 1503 trans-

1002 1513 1215 1558 gressiones
1248 1517 1387 1549 nostrae
1421 1516 1499 1549 tam
1532 1514 1673 1559 multae,
1704 1517 1785 1550 tam

1002 1571 1150 1601 magnae
1173 1588 1182 1604 ‚
1211 1571 1294 1597 cum
1330 1569 1515 1607 supernus
1551 1562 1570 1597 J
1577 1561 1683 1605 udex,
1723 1560 1785 1597 cui

1002 1607 1183 1643 reddituri
1199 1618 1327 1643 sumus
1344 1608 1389 1643 de
1408 1606 1565 1653 singulis
1581 1607 1783 1653 rationem,

1003 1657 1039 1689 et
1060 1654 1336 1690 multitudinem
1355 1658 1542 1698 numeret,
1569 1657 1608 1690 et
1630 1654 1780 1701 magni-

1001 1700 1171 1736 tudinem
1204 1701 1402 1746 penderet,
1433 1703 1470 1737 et
1495 1700 1783 1738 diuturnitatem

1002 1748 1210 1783 mensuret!
1235 1749 1279 1783 Et
1296 1748 1380 1784 ideo
1402 1747 1530 1784 multis
1549 1747 1723 1793 lacrymis
1743 1751 1782 1785 et

1002 1794 1249 1839 orationibus,
1292 1795 1495 1842 multisque
1532 1794 1686 1841 jejuniis
1724 1798 1782 1831 est

1002 1852 1108 1887 opus,
1130 1845 1170 1877 ut
1189 1846 1343 1887 peccata
1364 1847 1507 1886 nostra,
1528 1842 1662 1887 quibus
1678 1852 1783 1878 mors

1002 1892 1144 1924 {eterna
1163 1888 1383 1933 debebatur,
1413 1888 1666 1925 satisfactione
1692 1899 1781 1932 con-

1001 1935 1116 1980 digna
1145 1935 1349 1971 deleamus.
1376 1935 1580 1972 Considera
1606 1934 1719 1971 etiam
1745 1938 1784 1972 et

1001 1982 1151 2018 attende
1175 1982 1263 2027 quid
1280 1993 1348 2027 per
1364 1984 1556 2027 peccatum
1569 1981 1781 2028 perdidisti,

1002 2029 1091 2074 quid
1117 2028 1322 2073 incurristi,
1343 2029 1424 2075 quis
1448 2029 1496 2065 sit
1520 2039 1631 2075 quem
1657 2029 1781 2065 offen·
1817 2033 1821 2036 '

1001 2075 1101 2111 disti.
1126 2075 1326 2112 Perdidisti
1347 2076 1551 2112 amicitiam
1570 2075 1685 2112 totius
1705 2075 1784 2112 Tri-

1000 2122 1142 2167 nitatis,
1170 2123 1414 2168 Angelorum,
1441 2123 1718 2170 Apostolorum,
1745 2126 1784 2159 et

1001 2170 1169 2206 omnium
1206 2171 1449 2215 Sanctorum3
1489 2170 1664 2206 decorem
1703 2169 1783 2213 ani-

1001 2228 1070 2253 mae
1089 2229 1097 2261 3
1142 2217 1323 2262 sutfragia
1359 2216 1548 2253 Ecclesiae.
1587 2215 1783 2252 Incurristi

1000 2264 1154 2310 laqueos
1172 2264 1411 2310 fortissimos,
1430 2265 1556 2300 hostes
1567 2262 1781 2299 crudelissi-

1000 2322 1095 2355 mos,
1132 2314 1269 2347 statum
1303 2311 1568 2357 periculosum,
1599 2309 1783 2348 horribile

999 2357 1263 2404 praecipitium,
1273 2358 1458 2394 defectum
1474 2357 1620 2403 gratiae,
1633 2359 1670 2393 et
1683 2367 1783 2393 mor-

1000 2409 1075 2441 tem
1102 2404 1253 2441 animae.
1291 2405 1487 2441 Offendisti
1525 2414 1626 2449 eum,
1654 2403 1718 2450 qui
1742 2407 1782 2441 te

1001 2452 1154 2497 creavit,
1191 2462 1259 2498 pro
1299 2455 1338 2489 te
1386 2455 1548 2488 mortem
1587 2450 1781 2496 sustinuit,

1000 2499 1117 2535 multa
1154 2499 1336 2535 beneficia
1371 2499 1542 2544 contulit,
1569 2501 1608 2534 et
1638 2500 1783 2534 aeterna

1000 2545 1157 2592 praemia
1187 2546 1428 2592 repromittit.
1469 2546 1506 2583 Si
1540 2545 1622 2581 haec
1639 2545 1782 2591 J'ugiter

1001 2593 1199 2639 cogitares,
1216 2593 1344 2640 utique
1356 2593 1504 2629 doleres
1518 2596 1554 2629 et
1570 2601 1638 2638 pro
1651 2600 1781 2637 pecca-

1001 2641 1049 2676 tis
1070 2641 1194 2676 fleres.
1229 2642 1273 2676 Et
1300 2639 1387 2686 quia
1423 2639 1463 2676 in
1495 2639 1606 2675 modo
1641 2636 1780 2690 agendi

1001 2687 1277 2732 poenitentiam,
1298 2698 1383 2723 raro
1414 2686 1640 2733 poenitentes
1677 2684 1779 2720 docti

1003 2737 1101 2779 sunt,
1124 2745 1200 2769 non
1220 2744 1351 2770 omnes
1370 2731 1629 2779 poenitentiam
1647 2740 1777 2767 veram

1002 2783 1129 2827 agunt.
1166 2782 1274 2826 Nam,
1315 2780 1520 2817 secundum
1544 2778 1779 2815 Ambrosium
