<?xml version="1.0" encoding="UTF-8"?>
<!DOCTYPE html PUBLIC "-//W3C//DTD XHTML 1.0 Transitional//EN"
    "http://www.w3.org/TR/xhtml1/DTD/xhtml1-transitional.dtd">
<html xmlns="http://www.w3.org/1999/xhtml" xml:lang="en" lang="en">
 <head>
  <title>
</title>
<meta http-equiv="Content-Type" content="text/html;charset=utf-8" />
  <meta name='ocr-system' content='tesseract 3.04.00' />
  <meta name='ocr-capabilities' content='ocr_page ocr_carea ocr_par ocr_line ocrx_word'/>
</head>
<body>
  <div class='ocr_page' id='page_1' title='image "./vitajesuchristie01ludouoft_0303.png"; bbox 0 0 1876 3126; ppageno 0'>
   <div class='ocr_carea' id='block_1_1' title="bbox 533 113 1365 154">
    <p class='ocr_par' dir='ltr' id='par_1_1' title="bbox 533 113 1365 154">
     <span class='ocr_line' id='line_1_1' title="bbox 533 113 1365 154; baseline 0.008 -7"><span class='ocrx_word' id='word_1_1' title='bbox 533 113 754 148; x_wconf 80' lang='lat' dir='ltr'>SERMONIS</span> <span class='ocrx_word' id='word_1_2' title='bbox 791 114 833 147; x_wconf 84' lang='lat' dir='ltr'>IN</span> <span class='ocrx_word' id='word_1_3' title='bbox 870 114 1012 149; x_wconf 78' lang='lat' dir='ltr'>MONTE</span> <span class='ocrx_word' id='word_1_4' title='bbox 1051 116 1365 154; x_wconf 70' lang='lat' dir='ltr'>CONTINUATIO.</span> 
     </span>
    </p>
   </div>
   <div class='ocr_carea' id='block_1_2' title="bbox 121 180 915 1409">
    <p class='ocr_par' dir='ltr' id='par_1_2' title="bbox 121 180 915 1409">
     <span class='ocr_line' id='line_1_2' title="bbox 138 180 913 229; baseline 0 -12"><span class='ocrx_word' id='word_1_5' title='bbox 138 184 175 217; x_wconf 87' lang='lat' dir='ltr'>et</span> <span class='ocrx_word' id='word_1_6' title='bbox 213 181 258 217; x_wconf 93' lang='lat' dir='ltr'>de</span> <span class='ocrx_word' id='word_1_7' title='bbox 288 192 401 217; x_wconf 86' lang='lat' dir='ltr'>causa</span> <span class='ocrx_word' id='word_1_8' title='bbox 441 183 553 229; x_wconf 87' lang='lat' dir='ltr'>justae</span> <span class='ocrx_word' id='word_1_9' title='bbox 602 180 831 226; x_wconf 79' lang='lat' dir='ltr'>negationis,</span> <span class='ocrx_word' id='word_1_10' title='bbox 874 186 913 217; x_wconf 90' lang='lat' dir='ltr'>ut</span> 
     </span>
     <span class='ocr_line' id='line_1_3' title="bbox 135 227 915 272; baseline -0.001 -8"><span class='ocrx_word' id='word_1_11' title='bbox 135 238 211 264; x_wconf 93' lang='lat' dir='ltr'>non</span> <span class='ocrx_word' id='word_1_12' title='bbox 248 240 333 265; x_wconf 89' lang='lat' dir='ltr'>eum</span> <span class='ocrx_word' id='word_1_13' title='bbox 370 229 520 265; x_wconf 89' lang='lat' dir='ltr'>inanem</span> <span class='ocrx_word' id='word_1_14' title='bbox 557 227 745 272; x_wconf 86' lang='lat' dir='ltr'>dimittas;</span> <span class='ocrx_word' id='word_1_15' title='bbox 768 232 803 263; x_wconf 90' lang='lat' dir='ltr'>et</span> <span class='ocrx_word' id='word_1_16' title='bbox 836 229 915 264; x_wconf 62' lang='lat' dir='ltr'>brec</span> 
     </span>
     <span class='ocr_line' id='line_1_4' title="bbox 134 274 914 322; baseline -0.001 -10"><span class='ocrx_word' id='word_1_17' title='bbox 134 276 306 313; x_wconf 90' lang='lat' dir='ltr'>doctrina</span> <span class='ocrx_word' id='word_1_18' title='bbox 341 280 396 312; x_wconf 87' lang='lat' dir='ltr'>est</span> <span class='ocrx_word' id='word_1_19' title='bbox 431 286 518 322; x_wconf 87' lang='lat' dir='ltr'>pars</span> <span class='ocrx_word' id='word_1_20' title='bbox 546 278 582 310; x_wconf 88' lang='lat' dir='ltr'>et</span> <span class='ocrx_word' id='word_1_21' title='bbox 615 285 710 321; x_wconf 90' lang='lat' dir='ltr'>opus</span> <span class='ocrx_word' id='word_1_22' title='bbox 740 274 914 321; x_wconf 66' lang='lat' dir='ltr'>justitife,</span> 
     </span>
     <span class='ocr_line' id='line_1_5' title="bbox 133 321 915 369; baseline -0.003 -9"><span class='ocrx_word' id='word_1_23' title='bbox 133 327 170 360; x_wconf 87' lang='lat' dir='ltr'>et</span> <span class='ocrx_word' id='word_1_24' title='bbox 195 324 434 369; x_wconf 78' lang='lat' dir='ltr'>eleemosyna</span> <span class='ocrx_word' id='word_1_25' title='bbox 453 321 671 368; x_wconf 81' lang='lat' dir='ltr'>spiritualis.</span> <span class='ocrx_word' id='word_1_26' title='bbox 704 323 747 357; x_wconf 90' lang='lat' dir='ltr'>Et</span> <span class='ocrx_word' id='word_1_27' title='bbox 776 322 804 357; x_wconf 92' lang='lat' dir='ltr'>si</span> <span class='ocrx_word' id='word_1_28' title='bbox 845 322 915 358; x_wconf 91' lang='lat' dir='ltr'>iste</span> 
     </span>
     <span class='ocr_line' id='line_1_6' title="bbox 132 369 913 417; baseline -0.001 -10"><span class='ocrx_word' id='word_1_29' title='bbox 132 381 208 408; x_wconf 90' lang='lat' dir='ltr'>non</span> <span class='ocrx_word' id='word_1_30' title='bbox 229 371 363 417; x_wconf 80' lang='lat' dir='ltr'>accipit</span> <span class='ocrx_word' id='word_1_31' title='bbox 394 369 429 405; x_wconf 83' lang='lat' dir='ltr'>id</span> <span class='ocrx_word' id='word_1_32' title='bbox 451 369 551 415; x_wconf 86' lang='lat' dir='ltr'>quod</span> <span class='ocrx_word' id='word_1_33' title='bbox 573 369 680 414; x_wconf 88' lang='lat' dir='ltr'>petit,</span> <span class='ocrx_word' id='word_1_34' title='bbox 704 370 837 405; x_wconf 86' lang='lat' dir='ltr'>melius</span> <span class='ocrx_word' id='word_1_35' title='bbox 859 373 913 406; x_wconf 86' lang='lat' dir='ltr'>ta-</span> 
     </span>
     <span class='ocr_line' id='line_1_7' title="bbox 130 416 910 463; baseline -0.004 -8"><span class='ocrx_word' id='word_1_36' title='bbox 130 428 232 463; x_wconf 91' lang='lat' dir='ltr'>men,</span> <span class='ocrx_word' id='word_1_37' title='bbox 255 418 396 454; x_wconf 85' lang='lat' dir='ltr'>scilicet</span> <span class='ocrx_word' id='word_1_38' title='bbox 435 417 725 460; x_wconf 75' lang='lat' dir='ltr'>correctionem,</span> <span class='ocrx_word' id='word_1_39' title='bbox 760 416 910 462; x_wconf 77' lang='lat' dir='ltr'>accipit.</span> 
     </span>
     <span class='ocr_line' id='line_1_8' title="bbox 131 463 912 511; baseline -0.004 -8"><span class='ocrx_word' id='word_1_40' title='bbox 131 468 199 511; x_wconf 87' lang='lat' dir='ltr'>Ita,</span> <span class='ocrx_word' id='word_1_41' title='bbox 221 464 325 506; x_wconf 84' lang='lat' dir='ltr'>omni</span> <span class='ocrx_word' id='word_1_42' title='bbox 357 463 498 510; x_wconf 89' lang='lat' dir='ltr'>petenti</span> <span class='ocrx_word' id='word_1_43' title='bbox 526 467 562 499; x_wconf 93' lang='lat' dir='ltr'>te</span> <span class='ocrx_word' id='word_1_44' title='bbox 585 463 707 507; x_wconf 86' lang='lat' dir='ltr'>dabis,</span> <span class='ocrx_word' id='word_1_45' title='bbox 740 464 912 510; x_wconf 81' lang='lat' dir='ltr'>quamvis</span> 
     </span>
     <span class='ocr_line' id='line_1_9' title="bbox 129 511 908 558; baseline -0.003 -9"><span class='ocrx_word' id='word_1_46' title='bbox 129 523 206 549; x_wconf 92' lang='lat' dir='ltr'>non</span> <span class='ocrx_word' id='word_1_47' title='bbox 244 521 393 558; x_wconf 90' lang='lat' dir='ltr'>semper</span> <span class='ocrx_word' id='word_1_48' title='bbox 431 511 468 546; x_wconf 93' lang='lat' dir='ltr'>id</span> <span class='ocrx_word' id='word_1_49' title='bbox 508 511 609 556; x_wconf 81' lang='lat' dir='ltr'>quod</span> <span class='ocrx_word' id='word_1_50' title='bbox 645 511 752 557; x_wconf 89' lang='lat' dir='ltr'>petit,</span> <span class='ocrx_word' id='word_1_51' title='bbox 787 512 908 547; x_wconf 86' lang='lat' dir='ltr'>dabis.</span> 
     </span>
     <span class='ocr_line' id='line_1_10' title="bbox 130 557 911 605; baseline -0.003 -8"><span class='ocrx_word' id='word_1_52' title='bbox 130 560 248 604; x_wconf 89' lang='lat' dir='ltr'>Unde,</span> <span class='ocrx_word' id='word_1_53' title='bbox 270 558 370 595; x_wconf 93' lang='lat' dir='ltr'>omni</span> <span class='ocrx_word' id='word_1_54' title='bbox 390 557 547 605; x_wconf 88' lang='lat' dir='ltr'>petenti,</span> <span class='ocrx_word' id='word_1_55' title='bbox 576 558 710 604; x_wconf 84' lang='lat' dir='ltr'>inquit,</span> <span class='ocrx_word' id='word_1_56' title='bbox 735 569 808 594; x_wconf 89' lang='lat' dir='ltr'>non</span> <span class='ocrx_word' id='word_1_57' title='bbox 829 570 911 595; x_wconf 92' lang='lat' dir='ltr'>om-</span> 
     </span>
     <span class='ocr_line' id='line_1_11' title="bbox 129 605 912 654; baseline -0.001 -10"><span class='ocrx_word' id='word_1_58' title='bbox 129 607 194 644; x_wconf 86' lang='lat' dir='ltr'>nia</span> <span class='ocrx_word' id='word_1_59' title='bbox 230 605 394 654; x_wconf 80' lang='lat' dir='ltr'>petenti3</span> <span class='ocrx_word' id='word_1_60' title='bbox 432 609 473 641; x_wconf 89' lang='lat' dir='ltr'>ut</span> <span class='ocrx_word' id='word_1_61' title='bbox 514 606 580 642; x_wconf 85' lang='lat' dir='ltr'>des</span> <span class='ocrx_word' id='word_1_62' title='bbox 615 607 715 651; x_wconf 72' lang='lat' dir='ltr'>quod</span> <span class='ocrx_word' id='word_1_63' title='bbox 735 606 826 642; x_wconf 87' lang='lat' dir='ltr'>dare</span> <span class='ocrx_word' id='word_1_64' title='bbox 846 607 912 643; x_wconf 84' lang='lat' dir='ltr'>lio-</span> 
     </span>
     <span class='ocr_line' id='line_1_12' title="bbox 127 654 907 700; baseline -0.001 -9"><span class='ocrx_word' id='word_1_65' title='bbox 127 658 233 692; x_wconf 89' lang='lat' dir='ltr'>neste</span> <span class='ocrx_word' id='word_1_66' title='bbox 255 658 291 690; x_wconf 84' lang='lat' dir='ltr'>et</span> <span class='ocrx_word' id='word_1_67' title='bbox 307 654 410 700; x_wconf 88' lang='lat' dir='ltr'>juste</span> <span class='ocrx_word' id='word_1_68' title='bbox 430 657 550 700; x_wconf 88' lang='lat' dir='ltr'>potes.</span> <span class='ocrx_word' id='word_1_69' title='bbox 576 654 645 689; x_wconf 84' lang='lat' dir='ltr'>Ubi</span> <span class='ocrx_word' id='word_1_70' title='bbox 664 655 907 690; x_wconf 80' lang='lat' dir='ltr'>Ambrosius.-</span> 
     </span>
     <span class='ocr_line' id='line_1_13' title="bbox 130 700 907 738; baseline 0 -1"><span class='ocrx_word' id='word_1_71' title='bbox 130 718 149 737; x_wconf 90' lang='lat'>«</span> <span class='ocrx_word' id='word_1_72' title='bbox 185 704 265 738; x_wconf 89' lang='lat' dir='ltr'>Non</span> <span class='ocrx_word' id='word_1_73' title='bbox 306 700 430 738; x_wconf 88' lang='lat' dir='ltr'>minus</span> <span class='ocrx_word' id='word_1_74' title='bbox 464 704 520 737; x_wconf 88' lang='lat' dir='ltr'>est</span> <span class='ocrx_word' id='word_1_75' title='bbox 554 700 725 737; x_wconf 86' lang='lat' dir='ltr'>criminis</span> <span class='ocrx_word' id='word_1_76' title='bbox 752 701 907 737; x_wconf 84' lang='lat' dir='ltr'>habenti</span> 
     </span>
     <span class='ocr_line' id='line_1_14' title="bbox 127 748 909 795; baseline -0.004 -8"><span class='ocrx_word' id='word_1_77' title='bbox 127 750 273 793; x_wconf 88' lang='lat' dir='ltr'>tollere,</span> <span class='ocrx_word' id='word_1_78' title='bbox 290 759 402 795; x_wconf 81' lang='lat' dir='ltr'>quam</span> <span class='ocrx_word' id='word_1_79' title='bbox 415 759 500 784; x_wconf 81' lang='lat' dir='ltr'>cum</span> <span class='ocrx_word' id='word_1_80' title='bbox 520 748 642 794; x_wconf 82' lang='lat' dir='ltr'>possis</span> <span class='ocrx_word' id='word_1_81' title='bbox 659 753 693 784; x_wconf 91' lang='lat' dir='ltr'>et</span> <span class='ocrx_word' id='word_1_82' title='bbox 709 750 909 785; x_wconf 83' lang='lat' dir='ltr'>abundans</span> 
     </span>
     <span class='ocr_line' id='line_1_15' title="bbox 127 796 908 843; baseline -0.004 -8"><span class='ocrx_word' id='word_1_83' title='bbox 127 797 192 843; x_wconf 91' lang='lat' dir='ltr'>sis,</span> <span class='ocrx_word' id='word_1_84' title='bbox 226 796 483 843; x_wconf 80' lang='lat' dir='ltr'>indigentibus</span> <span class='ocrx_word' id='word_1_85' title='bbox 517 796 721 841; x_wconf 89' lang='lat' dir='ltr'>denegare.</span> <span class='ocrx_word' id='word_1_86' title='bbox 762 798 803 832; x_wconf 86' lang='lat' dir='ltr'>Et</span> <span class='ocrx_word' id='word_1_87' title='bbox 826 807 908 832; x_wconf 89' lang='lat' dir='ltr'>esu-</span> 
     </span>
     <span class='ocr_line' id='line_1_16' title="bbox 126 843 904 891; baseline -0.005 -8"><span class='ocrx_word' id='word_1_88' title='bbox 126 844 260 883; x_wconf 87' lang='lat' dir='ltr'>rientis</span> <span class='ocrx_word' id='word_1_89' title='bbox 287 844 395 891; x_wconf 86' lang='lat' dir='ltr'>panis</span> <span class='ocrx_word' id='word_1_90' title='bbox 423 847 491 886; x_wconf 86' lang='lat' dir='ltr'>est,</span> <span class='ocrx_word' id='word_1_91' title='bbox 515 853 627 889; x_wconf 85' lang='lat' dir='ltr'>quem</span> <span class='ocrx_word' id='word_1_92' title='bbox 663 848 701 880; x_wconf 89' lang='lat' dir='ltr'>tu</span> <span class='ocrx_word' id='word_1_93' title='bbox 737 843 904 887; x_wconf 81' lang='lat' dir='ltr'>detines;</span> 
     </span>
     <span class='ocr_line' id='line_1_17' title="bbox 124 892 907 936; baseline -0.004 -6"><span class='ocrx_word' id='word_1_94' title='bbox 124 893 325 930; x_wconf 80' lang='lat' dir='ltr'>viduarum</span> <span class='ocrx_word' id='word_1_95' title='bbox 359 892 621 927; x_wconf 89' lang='lat' dir='ltr'>indumentum</span> <span class='ocrx_word' id='word_1_96' title='bbox 654 895 723 935; x_wconf 77' lang='lat' dir='ltr'>est,</span> <span class='ocrx_word' id='word_1_97' title='bbox 745 892 845 936; x_wconf 80' lang='lat' dir='ltr'>quod</span> <span class='ocrx_word' id='word_1_98' title='bbox 867 895 907 927; x_wconf 90' lang='lat' dir='ltr'>tu</span> 
     </span>
     <span class='ocr_line' id='line_1_18' title="bbox 124 938 908 984; baseline -0.004 -8"><span class='ocrx_word' id='word_1_99' title='bbox 124 940 307 983; x_wconf 89' lang='lat' dir='ltr'>recludis;</span> <span class='ocrx_word' id='word_1_100' title='bbox 353 939 580 974; x_wconf 83' lang='lat' dir='ltr'>miserorum</span> <span class='ocrx_word' id='word_1_101' title='bbox 624 938 833 984; x_wconf 81' lang='lat' dir='ltr'>redemptio</span> <span class='ocrx_word' id='word_1_102' title='bbox 872 942 908 974; x_wconf 83' lang='lat' dir='ltr'>et</span> 
     </span>
     <span class='ocr_line' id='line_1_19' title="bbox 124 983 907 1030; baseline -0.005 -6"><span class='ocrx_word' id='word_1_103' title='bbox 124 987 313 1025; x_wconf 85' lang='lat' dir='ltr'>absolutio</span> <span class='ocrx_word' id='word_1_104' title='bbox 351 989 421 1028; x_wconf 87' lang='lat' dir='ltr'>est,</span> <span class='ocrx_word' id='word_1_105' title='bbox 458 983 621 1030; x_wconf 84' lang='lat' dir='ltr'>pecunia</span> <span class='ocrx_word' id='word_1_106' title='bbox 659 995 770 1030; x_wconf 87' lang='lat' dir='ltr'>quam</span> <span class='ocrx_word' id='word_1_107' title='bbox 794 989 831 1019; x_wconf 85' lang='lat' dir='ltr'>tn</span> <span class='ocrx_word' id='word_1_108' title='bbox 868 985 907 1020; x_wconf 89' lang='lat' dir='ltr'>in</span> 
     </span>
     <span class='ocr_line' id='line_1_20' title="bbox 123 1030 906 1077; baseline -0.006 -5"><span class='ocrx_word' id='word_1_109' title='bbox 123 1039 226 1072; x_wconf 89' lang='lat' dir='ltr'>terra</span> <span class='ocrx_word' id='word_1_110' title='bbox 244 1032 353 1070; x_wconf 89' lang='lat' dir='ltr'>fodis.</span> <span class='ocrx_word' id='word_1_111' title='bbox 372 1046 389 1065; x_wconf 74' lang='lat' dir='ltr'>n</span> <span class='ocrx_word' id='word_1_112' title='bbox 413 1033 481 1067; x_wconf 87' lang='lat' dir='ltr'>Tot</span> <span class='ocrx_word' id='word_1_113' title='bbox 503 1042 593 1077; x_wconf 88' lang='lat' dir='ltr'>ergo</span> <span class='ocrx_word' id='word_1_114' title='bbox 624 1032 721 1067; x_wconf 90' lang='lat' dir='ltr'>bona</span> <span class='ocrx_word' id='word_1_115' title='bbox 745 1030 840 1066; x_wconf 87' lang='lat' dir='ltr'>scias</span> <span class='ocrx_word' id='word_1_116' title='bbox 872 1035 906 1067; x_wconf 87' lang='lat' dir='ltr'>te</span> 
     </span>
     <span class='ocr_line' id='line_1_21' title="bbox 124 1079 905 1125; baseline -0.006 -7"><span class='ocrx_word' id='word_1_117' title='bbox 124 1081 319 1123; x_wconf 87' lang='lat' dir='ltr'>invadere,</span> <span class='ocrx_word' id='word_1_118' title='bbox 351 1082 443 1125; x_wconf 86' lang='lat' dir='ltr'>quot</span> <span class='ocrx_word' id='word_1_119' title='bbox 469 1079 568 1114; x_wconf 84' lang='lat' dir='ltr'>bona</span> <span class='ocrx_word' id='word_1_120' title='bbox 591 1088 722 1124; x_wconf 90' lang='lat' dir='ltr'>posses</span> <span class='ocrx_word' id='word_1_121' title='bbox 748 1082 905 1124; x_wconf 71' lang='lat' dir='ltr'>przesta-</span> 
     </span>
     <span class='ocr_line' id='line_1_22' title="bbox 124 1125 904 1174; baseline -0.008 -7"><span class='ocrx_word' id='word_1_122' title='bbox 124 1141 188 1167; x_wconf 87' lang='lat' dir='ltr'>re:</span> <span class='ocrx_word' id='word_1_123' title='bbox 212 1128 406 1174; x_wconf 90' lang='lat' dir='ltr'>quoniam,</span> <span class='ocrx_word' id='word_1_124' title='bbox 435 1129 476 1162; x_wconf 86' lang='lat' dir='ltr'>ut</span> <span class='ocrx_word' id='word_1_125' title='bbox 507 1125 597 1161; x_wconf 90' lang='lat' dir='ltr'>dicit</span> <span class='ocrx_word' id='word_1_126' title='bbox 619 1128 904 1171; x_wconf 73' lang='lat' dir='ltr'>Chrysoscomus,</span> 
     </span>
     <span class='ocr_line' id='line_1_23' title="bbox 126 1173 903 1217; baseline -0.008 -3"><span class='ocrx_word' id='word_1_127' title='bbox 126 1175 267 1214; x_wconf 82' lang='lat' dir='ltr'>divitiae</span> <span class='ocrx_word' id='word_1_128' title='bbox 302 1178 441 1211; x_wconf 81' lang='lat' dir='ltr'>nostrae</span> <span class='ocrx_word' id='word_1_129' title='bbox 476 1184 550 1209; x_wconf 91' lang='lat' dir='ltr'>non</span> <span class='ocrx_word' id='word_1_130' title='bbox 591 1177 691 1217; x_wconf 89' lang='lat' dir='ltr'>sunt,</span> <span class='ocrx_word' id='word_1_131' title='bbox 726 1173 790 1209; x_wconf 87' lang='lat' dir='ltr'>sed</span> <span class='ocrx_word' id='word_1_132' title='bbox 819 1173 903 1217; x_wconf 83' lang='lat' dir='ltr'>Dei3</span> 
     </span>
     <span class='ocr_line' id='line_1_24' title="bbox 126 1220 907 1268; baseline -0.006 -7"><span class='ocrx_word' id='word_1_133' title='bbox 126 1234 258 1262; x_wconf 89' lang='lat' dir='ltr'>omnes</span> <span class='ocrx_word' id='word_1_134' title='bbox 295 1222 397 1259; x_wconf 89' lang='lat' dir='ltr'>enim</span> <span class='ocrx_word' id='word_1_135' title='bbox 438 1221 720 1268; x_wconf 80' lang='lat' dir='ltr'>dispensatores</span> <span class='ocrx_word' id='word_1_136' title='bbox 761 1220 907 1256; x_wconf 67' lang='lat' dir='ltr'>divitia-</span> 
     </span>
     <span class='ocr_line' id='line_1_25' title="bbox 124 1268 905 1311; baseline -0.006 -3"><span class='ocrx_word' id='word_1_137' title='bbox 124 1282 211 1308; x_wconf 88' lang='lat' dir='ltr'>rum</span> <span class='ocrx_word' id='word_1_138' title='bbox 244 1280 397 1307; x_wconf 90' lang='lat' dir='ltr'>suarum</span> <span class='ocrx_word' id='word_1_139' title='bbox 430 1280 500 1305; x_wconf 88' lang='lat' dir='ltr'>nos</span> <span class='ocrx_word' id='word_1_140' title='bbox 538 1268 657 1303; x_wconf 85' lang='lat' dir='ltr'>voluit</span> <span class='ocrx_word' id='word_1_141' title='bbox 693 1279 790 1311; x_wconf 89' lang='lat' dir='ltr'>esse,</span> <span class='ocrx_word' id='word_1_142' title='bbox 832 1279 905 1303; x_wconf 92' lang='lat' dir='ltr'>non</span> 
     </span>
     <span class='ocr_line' id='line_1_26' title="bbox 122 1315 905 1362; baseline -0.006 -7"><span class='ocrx_word' id='word_1_143' title='bbox 122 1318 311 1356; x_wconf 90' lang='lat' dir='ltr'>dominos.</span> <span class='ocrx_word' id='word_1_144' title='bbox 353 1318 407 1353; x_wconf 88' lang='lat' dir='ltr'>Da</span> <span class='ocrx_word' id='word_1_145' title='bbox 448 1326 538 1362; x_wconf 84' lang='lat' dir='ltr'>ergo</span> <span class='ocrx_word' id='word_1_146' title='bbox 578 1319 614 1351; x_wconf 89' lang='lat' dir='ltr'>et</span> <span class='ocrx_word' id='word_1_147' title='bbox 653 1315 791 1359; x_wconf 82' lang='lat' dir='ltr'>tribue,</span> <span class='ocrx_word' id='word_1_148' title='bbox 831 1326 905 1351; x_wconf 91' lang='lat' dir='ltr'>non</span> 
     </span>
     <span class='ocr_line' id='line_1_27' title="bbox 121 1363 905 1409; baseline -0.008 -6"><span class='ocrx_word' id='word_1_149' title='bbox 121 1367 256 1403; x_wconf 89' lang='lat' dir='ltr'>vende.</span> <span class='ocrx_word' id='word_1_150' title='bbox 270 1364 407 1401; x_wconf 84' lang='lat' dir='ltr'>Vendit</span> <span class='ocrx_word' id='word_1_151' title='bbox 428 1367 568 1407; x_wconf 86' lang='lat' dir='ltr'>autem,</span> <span class='ocrx_word' id='word_1_152' title='bbox 587 1363 649 1409; x_wconf 87' lang='lat' dir='ltr'>qui</span> <span class='ocrx_word' id='word_1_153' title='bbox 673 1363 810 1399; x_wconf 88' lang='lat' dir='ltr'>multas</span> <span class='ocrx_word' id='word_1_154' title='bbox 823 1372 905 1408; x_wconf 91' lang='lat' dir='ltr'>pre-</span> 
     </span>
    </p>
   </div>
   <div class='ocr_carea' id='block_1_3' title="bbox 121 1411 1769 1515">
    <p class='ocr_par' dir='ltr' id='par_1_3' title="bbox 121 1411 1769 1515">
     <span class='ocr_line' id='line_1_28' title="bbox 121 1411 945 1459; baseline -0.008 -8"><span class='ocrx_word' id='word_1_155' title='bbox 121 1424 183 1451; x_wconf 87' lang='lat' dir='ltr'>ces</span> <span class='ocrx_word' id='word_1_156' title='bbox 202 1416 410 1459; x_wconf 76' lang='lat' dir='ltr'>exspectat3</span> <span class='ocrx_word' id='word_1_157' title='bbox 430 1411 572 1454; x_wconf 76' lang='lat' dir='ltr'>vendit,</span> <span class='ocrx_word' id='word_1_158' title='bbox 593 1413 653 1456; x_wconf 82' lang='lat' dir='ltr'>qui</span> <span class='ocrx_word' id='word_1_159' title='bbox 676 1411 903 1447; x_wconf 84' lang='lat' dir='ltr'>beneficium</span> <span class='ocrx_word' id='word_1_160' title='bbox 944 1448 945 1454; x_wconf 51' lang='lat'>,</span> 
     </span>
     <span class='ocr_line' id='line_1_29' title="bbox 944 1460 1769 1515; baseline 0.013 -21"><span class='ocrx_word' id='word_1_161' title='bbox 944 1483 945 1489; x_wconf 30' lang='grc' dir='ltr'>ι</span> <span class='ocrx_word' id='word_1_162' title='bbox 981 1460 1180 1505; x_wconf 85' lang='lat' dir='ltr'>stulamur,</span> <span class='ocrx_word' id='word_1_163' title='bbox 1200 1462 1299 1507; x_wconf 87' lang='lat' dir='ltr'>quod</span> <span class='ocrx_word' id='word_1_164' title='bbox 1318 1473 1530 1510; x_wconf 91' lang='lat' dir='ltr'>possumus,</span> <span class='ocrx_word' id='word_1_165' title='bbox 1548 1466 1769 1515; x_wconf 77' lang='lat' dir='ltr'>largiamur,</span> 
     </span>
    </p>
   </div>
   <div class='ocr_carea' id='block_1_4' title="bbox 111 1457 904 2408">
    <p class='ocr_par' dir='ltr' id='par_1_4' title="bbox 111 1457 904 2209">
     <span class='ocr_line' id='line_1_30' title="bbox 120 1457 904 1509; baseline -0.005 -12"><span class='ocrx_word' id='word_1_166' title='bbox 120 1460 395 1509; x_wconf 67' lang='lat' dir='ltr'>procrastinatf,</span> <span class='ocrx_word' id='word_1_167' title='bbox 417 1459 557 1499; x_wconf 75' lang='lat' dir='ltr'>vendit,</span> <span class='ocrx_word' id='word_1_168' title='bbox 577 1458 639 1504; x_wconf 82' lang='lat' dir='ltr'>qui</span> <span class='ocrx_word' id='word_1_169' title='bbox 658 1457 815 1504; x_wconf 87' lang='lat' dir='ltr'>pauperi</span> <span class='ocrx_word' id='word_1_170' title='bbox 838 1457 904 1493; x_wconf 89' lang='lat' dir='ltr'>im-</span> 
     </span>
     <span class='ocr_line' id='line_1_31' title="bbox 120 1505 904 1556; baseline -0.005 -12"><span class='ocrx_word' id='word_1_171' title='bbox 120 1511 316 1556; x_wconf 82' lang='lat' dir='ltr'>properat3</span> <span class='ocrx_word' id='word_1_172' title='bbox 340 1506 481 1549; x_wconf 78' lang='lat' dir='ltr'>vendit,</span> <span class='ocrx_word' id='word_1_173' title='bbox 504 1506 566 1552; x_wconf 79' lang='lat' dir='ltr'>qui</span> <span class='ocrx_word' id='word_1_174' title='bbox 594 1505 689 1541; x_wconf 86' lang='lat' dir='ltr'>tristi</span> <span class='ocrx_word' id='word_1_175' title='bbox 714 1505 818 1541; x_wconf 77' lang='lat' dir='ltr'>vultu</span> <span class='ocrx_word' id='word_1_176' title='bbox 840 1506 904 1541; x_wconf 90' lang='lat' dir='ltr'>do-</span> 
     </span>
     <span class='ocr_line' id='line_1_32' title="bbox 120 1553 903 1600; baseline -0.006 -8"><span class='ocrx_word' id='word_1_177' title='bbox 120 1559 204 1600; x_wconf 89' lang='lat' dir='ltr'>nat;</span> <span class='ocrx_word' id='word_1_178' title='bbox 233 1555 383 1599; x_wconf 85' lang='lat' dir='ltr'>vendit,</span> <span class='ocrx_word' id='word_1_179' title='bbox 412 1553 473 1600; x_wconf 84' lang='lat' dir='ltr'>qui</span> <span class='ocrx_word' id='word_1_180' title='bbox 508 1553 805 1589; x_wconf 84' lang='lat' dir='ltr'>vicissitudinem</span> <span class='ocrx_word' id='word_1_181' title='bbox 845 1564 903 1589; x_wconf 88' lang='lat' dir='ltr'>ex-</span> 
     </span>
     <span class='ocr_line' id='line_1_33' title="bbox 120 1599 901 1651; baseline -0.008 -10"><span class='ocrx_word' id='word_1_182' title='bbox 120 1606 276 1651; x_wconf 84' lang='lat' dir='ltr'>spectat.</span> <span class='ocrx_word' id='word_1_183' title='bbox 302 1604 450 1648; x_wconf 85' lang='lat' dir='ltr'>Pauper</span> <span class='ocrx_word' id='word_1_184' title='bbox 482 1605 609 1637; x_wconf 90' lang='lat' dir='ltr'>tamen</span> <span class='ocrx_word' id='word_1_185' title='bbox 646 1605 679 1637; x_wconf 90' lang='lat' dir='ltr'>et</span> <span class='ocrx_word' id='word_1_186' title='bbox 717 1599 810 1635; x_wconf 86' lang='lat' dir='ltr'>nibil</span> <span class='ocrx_word' id='word_1_187' title='bbox 837 1601 901 1636; x_wconf 84' lang='lat' dir='ltr'>ha-</span> 
     </span>
     <span class='ocr_line' id='line_1_34' title="bbox 120 1648 901 1688; baseline -0.006 -1"><span class='ocrx_word' id='word_1_188' title='bbox 120 1651 213 1688; x_wconf 89' lang='lat' dir='ltr'>bens</span> <span class='ocrx_word' id='word_1_189' title='bbox 253 1661 328 1686; x_wconf 93' lang='lat' dir='ltr'>non</span> <span class='ocrx_word' id='word_1_190' title='bbox 364 1652 515 1685; x_wconf 89' lang='lat' dir='ltr'>tenetur</span> <span class='ocrx_word' id='word_1_191' title='bbox 553 1649 600 1684; x_wconf 89' lang='lat' dir='ltr'>ad</span> <span class='ocrx_word' id='word_1_192' title='bbox 645 1648 786 1684; x_wconf 85' lang='lat' dir='ltr'>donum</span> <span class='ocrx_word' id='word_1_193' title='bbox 823 1658 901 1683; x_wconf 93' lang='lat' dir='ltr'>mu-</span> 
     </span>
     <span class='ocr_line' id='line_1_35' title="bbox 115 1696 900 1740; baseline -0.008 -5"><span class='ocrx_word' id='word_1_194' title='bbox 115 1697 220 1736; x_wconf 88' lang='lat' dir='ltr'>neris</span> <span class='ocrx_word' id='word_1_195' title='bbox 244 1708 266 1733; x_wconf 84' lang='lat' dir='ltr'>a</span> <span class='ocrx_word' id='word_1_196' title='bbox 291 1708 425 1740; x_wconf 90' lang='lat' dir='ltr'>manu;</span> <span class='ocrx_word' id='word_1_197' title='bbox 449 1696 514 1732; x_wconf 88' lang='lat' dir='ltr'>sed</span> <span class='ocrx_word' id='word_1_198' title='bbox 547 1696 594 1732; x_wconf 87' lang='lat' dir='ltr'>ad</span> <span class='ocrx_word' id='word_1_199' title='bbox 624 1696 767 1731; x_wconf 92' lang='lat' dir='ltr'>donum</span> <span class='ocrx_word' id='word_1_200' title='bbox 801 1705 900 1730; x_wconf 91' lang='lat' dir='ltr'>com-</span> 
     </span>
     <span class='ocr_line' id='line_1_36' title="bbox 113 1741 897 1793; baseline -0.006 -11"><span class='ocrx_word' id='word_1_201' title='bbox 113 1743 307 1793; x_wconf 83' lang='lat' dir='ltr'>passionis</span> <span class='ocrx_word' id='word_1_202' title='bbox 342 1755 364 1780; x_wconf 88' lang='lat' dir='ltr'>a</span> <span class='ocrx_word' id='word_1_203' title='bbox 403 1744 529 1789; x_wconf 89' lang='lat' dir='ltr'>corde,</span> <span class='ocrx_word' id='word_1_204' title='bbox 560 1741 831 1779; x_wconf 84' lang='lat' dir='ltr'>consolationis</span> <span class='ocrx_word' id='word_1_205' title='bbox 858 1742 897 1777; x_wconf 91' lang='lat' dir='ltr'>in</span> 
     </span>
     <span class='ocr_line' id='line_1_37' title="bbox 118 1791 897 1839; baseline -0.005 -10"><span class='ocrx_word' id='word_1_206' title='bbox 118 1803 197 1839; x_wconf 91' lang='lat' dir='ltr'>ore,</span> <span class='ocrx_word' id='word_1_207' title='bbox 237 1791 494 1828; x_wconf 77' lang='lat' dir='ltr'>subventionis</span> <span class='ocrx_word' id='word_1_208' title='bbox 534 1791 573 1827; x_wconf 93' lang='lat' dir='ltr'>in</span> <span class='ocrx_word' id='word_1_209' title='bbox 603 1800 717 1837; x_wconf 90' lang='lat' dir='ltr'>opere</span> <span class='ocrx_word' id='word_1_210' title='bbox 744 1793 897 1826; x_wconf 88' lang='lat' dir='ltr'>tenetur</span> 
     </span>
     <span class='ocr_line' id='line_1_38' title="bbox 116 1837 894 1888; baseline -0.005 -12"><span class='ocrx_word' id='word_1_211' title='bbox 116 1851 185 1888; x_wconf 89' lang='lat' dir='ltr'>pro</span> <span class='ocrx_word' id='word_1_212' title='bbox 224 1840 306 1876; x_wconf 89' lang='lat' dir='ltr'>loco</span> <span class='ocrx_word' id='word_1_213' title='bbox 347 1843 384 1876; x_wconf 91' lang='lat' dir='ltr'>et</span> <span class='ocrx_word' id='word_1_214' title='bbox 419 1843 600 1886; x_wconf 90' lang='lat' dir='ltr'>tempore.</span> <span class='ocrx_word' id='word_1_215' title='bbox 624 1837 729 1874; x_wconf 77' lang='lat' dir='ltr'>L&#39;nde</span> <span class='ocrx_word' id='word_1_216' title='bbox 747 1838 894 1874; x_wconf 83' lang='lat' dir='ltr'>Glossa:</span> 
     </span>
     <span class='ocr_line' id='line_1_39' title="bbox 119 1884 894 1931; baseline 0 -11"><span class='ocrx_word' id='word_1_217' title='bbox 119 1902 138 1920; x_wconf 92' lang='lat'>«</span> <span class='ocrx_word' id='word_1_218' title='bbox 179 1887 217 1924; x_wconf 88' lang='lat' dir='ltr'>Si</span> <span class='ocrx_word' id='word_1_219' title='bbox 244 1887 349 1923; x_wconf 87' lang='lat' dir='ltr'>deest</span> <span class='ocrx_word' id='word_1_220' title='bbox 389 1887 562 1931; x_wconf 82' lang='lat' dir='ltr'>facultas,</span> <span class='ocrx_word' id='word_1_221' title='bbox 580 1887 626 1922; x_wconf 86' lang='lat' dir='ltr'>da</span> <span class='ocrx_word' id='word_1_222' title='bbox 656 1884 894 1931; x_wconf 86' lang='lat' dir='ltr'>obsequium,</span> 
     </span>
     <span class='ocr_line' id='line_1_40' title="bbox 115 1934 897 1978; baseline -0.005 -7"><span class='ocrx_word' id='word_1_223' title='bbox 115 1934 174 1971; x_wconf 89' lang='lat' dir='ltr'>vel</span> <span class='ocrx_word' id='word_1_224' title='bbox 196 1934 388 1978; x_wconf 76' lang='lat' dir='ltr'>affectum,</span> <span class='ocrx_word' id='word_1_225' title='bbox 413 1934 469 1970; x_wconf 80' lang='lat' dir='ltr'>vel</span> <span class='ocrx_word' id='word_1_226' title='bbox 494 1935 664 1970; x_wconf 79' lang='lat' dir='ltr'>verbum.</span> <span class='ocrx_word' id='word_1_227' title='bbox 702 1934 788 1968; x_wconf 81' lang='lat' dir='ltr'>Haec</span> <span class='ocrx_word' id='word_1_228' title='bbox 809 1935 897 1968; x_wconf 89' lang='lat' dir='ltr'>sunt</span> 
     </span>
     <span class='ocr_line' id='line_1_41' title="bbox 114 1979 897 2028; baseline -0.004 -10"><span class='ocrx_word' id='word_1_229' title='bbox 114 1982 180 2018; x_wconf 85' lang='lat' dir='ltr'>illa</span> <span class='ocrx_word' id='word_1_230' title='bbox 201 1985 363 2028; x_wconf 85' lang='lat' dir='ltr'>quatuor</span> <span class='ocrx_word' id='word_1_231' title='bbox 384 1992 469 2027; x_wconf 83' lang='lat' dir='ltr'>quae</span> <span class='ocrx_word' id='word_1_232' title='bbox 502 1980 637 2017; x_wconf 89' lang='lat' dir='ltr'>obtulit</span> <span class='ocrx_word' id='word_1_233' title='bbox 673 1979 897 2025; x_wconf 83' lang='lat' dir='ltr'>Magdalena</span> 
     </span>
     <span class='ocr_line' id='line_1_42' title="bbox 114 2028 896 2074; baseline -0.005 -8"><span class='ocrx_word' id='word_1_234' title='bbox 114 2029 278 2074; x_wconf 85' lang='lat' dir='ltr'>Christo,</span> <span class='ocrx_word' id='word_1_235' title='bbox 301 2029 444 2064; x_wconf 80' lang='lat' dir='ltr'>scilicet</span> <span class='ocrx_word' id='word_1_236' title='bbox 473 2040 480 2064; x_wconf 74' lang='grc' dir='ltr'><strong><em>ε</em></strong></span> <span class='ocrx_word' id='word_1_237' title='bbox 508 2028 694 2074; x_wconf 77' lang='lat' dir='ltr'>lacrymas</span> <span class='ocrx_word' id='word_1_238' title='bbox 723 2037 896 2073; x_wconf 89' lang='lat' dir='ltr'>compas-</span> 
     </span>
     <span class='ocr_line' id='line_1_43' title="bbox 113 2074 898 2122; baseline -0.005 -9"><span class='ocrx_word' id='word_1_239' title='bbox 113 2076 246 2121; x_wconf 85' lang='lat' dir='ltr'>sionis,</span> <span class='ocrx_word' id='word_1_240' title='bbox 285 2076 441 2122; x_wconf 83' lang='lat' dir='ltr'>capillos</span> <span class='ocrx_word' id='word_1_241' title='bbox 482 2074 757 2118; x_wconf 88' lang='lat' dir='ltr'>subventionis,</span> <span class='ocrx_word' id='word_1_242' title='bbox 793 2085 898 2110; x_wconf 90' lang='lat' dir='ltr'>oscu-</span> 
     </span>
     <span class='ocr_line' id='line_1_44' title="bbox 111 2123 897 2169; baseline -0.004 -9"><span class='ocrx_word' id='word_1_243' title='bbox 111 2124 191 2161; x_wconf 90' lang='lat' dir='ltr'>lum</span> <span class='ocrx_word' id='word_1_244' title='bbox 212 2123 478 2168; x_wconf 88' lang='lat' dir='ltr'>obsecutionis,</span> <span class='ocrx_word' id='word_1_245' title='bbox 501 2126 538 2160; x_wconf 90' lang='lat' dir='ltr'>et</span> <span class='ocrx_word' id='word_1_246' title='bbox 559 2125 795 2169; x_wconf 86' lang='lat' dir='ltr'>unguentum</span> <span class='ocrx_word' id='word_1_247' title='bbox 808 2132 897 2158; x_wconf 91' lang='lat' dir='ltr'>con-</span> 
     </span>
     <span class='ocr_line' id='line_1_45' title="bbox 113 2171 366 2209; baseline -0.02 0"><span class='ocrx_word' id='word_1_248' title='bbox 113 2171 323 2209; x_wconf 90' lang='lat' dir='ltr'>solationis.</span> <span class='ocrx_word' id='word_1_249' title='bbox 349 2185 366 2204; x_wconf 85' lang='lat'>»</span> 
     </span>
    </p>

    <p class='ocr_par' dir='ltr' id='par_1_5' title="bbox 111 2218 899 2408">
     <span class='ocr_line' id='line_1_46' title="bbox 159 2218 899 2267; baseline -0.004 -12"><span class='ocrx_word' id='word_1_250' title='bbox 159 2235 178 2267; x_wconf 90' lang='lat'>7</span> <span class='ocrx_word' id='word_1_251' title='bbox 199 2221 427 2260; x_wconf 68' lang='lat' dir='ltr'>Mc‘rcmtouss</span> <span class='ocrx_word' id='word_1_252' title='bbox 450 2230 522 2254; x_wconf 67' lang='lat' dir='ltr'>NON</span> <span class='ocrx_word' id='word_1_253' title='bbox 558 2229 765 2254; x_wconf 69' lang='lat' dir='ltr'>NEGANDt&#39;M.</span> <span class='ocrx_word' id='word_1_254' title='bbox 794 2238 835 2243; x_wconf 97' lang='lat'>—</span> <span class='ocrx_word' id='word_1_255' title='bbox 855 2218 899 2252; x_wconf 90' lang='lat' dir='ltr'>Et</span> 
     </span>
     <span class='ocr_line' id='line_1_47' title="bbox 111 2264 897 2312; baseline -0.004 -9"><span class='ocrx_word' id='word_1_256' title='bbox 111 2267 245 2304; x_wconf 89' lang='lat' dir='ltr'>eodem</span> <span class='ocrx_word' id='word_1_257' title='bbox 267 2267 380 2303; x_wconf 91' lang='lat' dir='ltr'>modo</span> <span class='ocrx_word' id='word_1_258' title='bbox 410 2266 698 2312; x_wconf 89' lang='lat' dir='ltr'>intelligendum</span> <span class='ocrx_word' id='word_1_259' title='bbox 718 2268 774 2301; x_wconf 90' lang='lat' dir='ltr'>est</span> <span class='ocrx_word' id='word_1_260' title='bbox 795 2264 897 2310; x_wconf 90' lang='lat' dir='ltr'>quod</span> 
     </span>
     <span class='ocr_line' id='line_1_48' title="bbox 111 2312 899 2356; baseline -0.005 -5"><span class='ocrx_word' id='word_1_261' title='bbox 111 2314 309 2351; x_wconf 84' lang='lat' dir='ltr'>subditur:</span> <span class='ocrx_word' id='word_1_262' title='bbox 331 2316 379 2350; x_wconf 76' lang='lat' dir='ltr'>Et</span> <span class='ocrx_word' id='word_1_263' title='bbox 408 2315 543 2350; x_wconf 59' lang='lat' dir='ltr'>”colenti</span> <span class='ocrx_word' id='word_1_264' title='bbox 574 2315 750 2356; x_wconf 75' lang='lat' dir='ltr'>mutuari,</span> <span class='ocrx_word' id='word_1_265' title='bbox 776 2312 814 2348; x_wconf 90' lang='lat' dir='ltr'>id</span> <span class='ocrx_word' id='word_1_266' title='bbox 842 2314 899 2348; x_wconf 85' lang='lat' dir='ltr'>est</span> 
     </span>
     <span class='ocr_line' id='line_1_49' title="bbox 111 2361 899 2408; baseline -0.005 -10"><span class='ocrx_word' id='word_1_267' title='bbox 111 2365 282 2398; x_wconf 91' lang='lat' dir='ltr'>mutuum</span> <span class='ocrx_word' id='word_1_268' title='bbox 315 2361 485 2408; x_wconf 89' lang='lat' dir='ltr'>accipere</span> <span class='ocrx_word' id='word_1_269' title='bbox 517 2373 539 2397; x_wconf 88' lang='lat' dir='ltr'>a</span> <span class='ocrx_word' id='word_1_270' title='bbox 569 2364 615 2405; x_wconf 78' lang='lat' dir='ltr'>te,</span> <span class='ocrx_word' id='word_1_271' title='bbox 647 2371 690 2396; x_wconf 82' lang='lat' dir='ltr'>ne</span> <span class='ocrx_word' id='word_1_272' title='bbox 718 2362 899 2395; x_wconf 69' lang='lat' dir='ltr'>avertaris</span> 
     </span>
    </p>
   </div>
   <div class='ocr_carea' id='block_1_5' title="bbox 1719 126 1782 159">
    <p class='ocr_par' dir='ltr' id='par_1_6' title="bbox 1719 126 1782 159">
     <span class='ocr_line' id='line_1_50' title="bbox 1719 126 1782 159; baseline 0 -1"><span class='ocrx_word' id='word_1_273' title='bbox 1719 126 1782 159; x_wconf 69' lang='lat'>‘289</span> 
     </span>
    </p>
   </div>
   <div class='ocr_carea' id='block_1_6' title="bbox 987 187 1777 619">
    <p class='ocr_par' dir='ltr' id='par_1_7' title="bbox 987 187 1777 619">
     <span class='ocr_line' id='line_1_51' title="bbox 994 187 1775 239; baseline 0.014 -20"><span class='ocrx_word' id='word_1_274' title='bbox 994 187 1333 233; x_wconf 76' lang='lat' dir='ltr'>necquodcumque</span> <span class='ocrx_word' id='word_1_275' title='bbox 1345 190 1600 235; x_wconf 88' lang='lat' dir='ltr'>commodum;</span> <span class='ocrx_word' id='word_1_276' title='bbox 1616 191 1775 239; x_wconf 83' lang='lat' dir='ltr'>itaquod</span> 
     </span>
     <span class='ocr_line' id='line_1_52' title="bbox 992 233 1775 280; baseline 0.014 -14"><span class='ocrx_word' id='word_1_277' title='bbox 992 237 1145 278; x_wconf 83' lang='lat' dir='ltr'>propter</span> <span class='ocrx_word' id='word_1_278' title='bbox 1175 233 1284 270; x_wconf 87' lang='lat' dir='ltr'>istam</span> <span class='ocrx_word' id='word_1_279' title='bbox 1313 246 1430 280; x_wconf 85' lang='lat' dir='ltr'>spem,</span> <span class='ocrx_word' id='word_1_280' title='bbox 1466 249 1538 273; x_wconf 85' lang='lat' dir='ltr'>non</span> <span class='ocrx_word' id='word_1_281' title='bbox 1561 238 1672 275; x_wconf 88' lang='lat' dir='ltr'>debet</span> <span class='ocrx_word' id='word_1_282' title='bbox 1694 252 1775 277; x_wconf 90' lang='lat' dir='ltr'>mu-</span> 
     </span>
     <span class='ocr_line' id='line_1_53' title="bbox 992 281 1777 331; baseline 0.015 -19"><span class='ocrx_word' id='word_1_283' title='bbox 992 281 1095 314; x_wconf 90' lang='lat' dir='ltr'>tuum</span> <span class='ocrx_word' id='word_1_284' title='bbox 1124 281 1220 325; x_wconf 79' lang='lat' dir='ltr'>fieri,</span> <span class='ocrx_word' id='word_1_285' title='bbox 1249 282 1333 318; x_wconf 88' lang='lat' dir='ltr'>licet</span> <span class='ocrx_word' id='word_1_286' title='bbox 1366 295 1387 319; x_wconf 83' lang='lat' dir='ltr'>a</span> <span class='ocrx_word' id='word_1_287' title='bbox 1428 286 1502 320; x_wconf 84' lang='lat' dir='ltr'>Deo</span> <span class='ocrx_word' id='word_1_288' title='bbox 1541 286 1657 331; x_wconf 82' lang='lat' dir='ltr'>possit</span> <span class='ocrx_word' id='word_1_289' title='bbox 1690 287 1777 325; x_wconf 92' lang='lat' dir='ltr'>inde</span> 
     </span>
     <span class='ocr_line' id='line_1_54' title="bbox 991 329 1775 373; baseline 0.017 -15"><span class='ocrx_word' id='word_1_290' title='bbox 991 334 1135 361; x_wconf 86' lang='lat' dir='ltr'>merces</span> <span class='ocrx_word' id='word_1_291' title='bbox 1152 329 1308 373; x_wconf 84' lang='lat' dir='ltr'>sperari.</span> <span class='ocrx_word' id='word_1_292' title='bbox 1330 332 1357 365; x_wconf 73' lang='lat' dir='ltr'>A</span> <span class='ocrx_word' id='word_1_293' title='bbox 1377 331 1636 370; x_wconf 76' lang='lat' dir='ltr'>misericordia</span> <span class='ocrx_word' id='word_1_294' title='bbox 1652 339 1687 370; x_wconf 88' lang='lat' dir='ltr'>te</span> <span class='ocrx_word' id='word_1_295' title='bbox 1700 346 1775 371; x_wconf 88' lang='lat' dir='ltr'>non</span> 
     </span>
     <span class='ocr_line' id='line_1_55' title="bbox 989 375 1777 426; baseline 0.018 -21"><span class='ocrx_word' id='word_1_296' title='bbox 989 376 1150 416; x_wconf 80' lang='lat' dir='ltr'>avertas,</span> <span class='ocrx_word' id='word_1_297' title='bbox 1166 385 1232 426; x_wconf 83' lang='lat' dir='ltr'>nec</span> <span class='ocrx_word' id='word_1_298' title='bbox 1253 375 1290 411; x_wconf 93' lang='lat' dir='ltr'>in</span> <span class='ocrx_word' id='word_1_299' title='bbox 1304 378 1454 414; x_wconf 85' lang='lat' dir='ltr'>homine</span> <span class='ocrx_word' id='word_1_300' title='bbox 1469 390 1572 424; x_wconf 78' lang='lat' dir='ltr'>spem</span> <span class='ocrx_word' id='word_1_301' title='bbox 1594 382 1777 419; x_wconf 79' lang='lat' dir='ltr'>mercedis</span> 
     </span>
     <span class='ocr_line' id='line_1_56' title="bbox 990 418 1775 473; baseline 0.018 -20"><span class='ocrx_word' id='word_1_302' title='bbox 990 418 1098 463; x_wconf 82' lang='lat' dir='ltr'>figas,</span> <span class='ocrx_word' id='word_1_303' title='bbox 1115 421 1179 473; x_wconf 75' lang='lat' dir='ltr'>sed</span> <span class='ocrx_word' id='word_1_304' title='bbox 1203 433 1237 457; x_wconf 87' lang='grc' dir='ltr'>ιιι</span> <span class='ocrx_word' id='word_1_305' title='bbox 1262 425 1349 468; x_wconf 61' lang='lat' dir='ltr'>lieo,</span> <span class='ocrx_word' id='word_1_306' title='bbox 1373 425 1435 469; x_wconf 72' lang='lat' dir='ltr'>qni</span> <span class='ocrx_word' id='word_1_307' title='bbox 1464 438 1545 462; x_wconf 82' lang='lat' dir='ltr'>rum</span> <span class='ocrx_word' id='word_1_308' title='bbox 1570 429 1684 464; x_wconf 84' lang='lat' dir='ltr'>multo</span> <span class='ocrx_word' id='word_1_309' title='bbox 1707 430 1775 466; x_wconf 81' lang='lat' dir='ltr'>foe-</span> 
     </span>
     <span class='ocr_line' id='line_1_57' title="bbox 988 468 1769 520; baseline 0.018 -20"><span class='ocrx_word' id='word_1_310' title='bbox 988 476 1080 520; x_wconf 77' lang='lat' dir='ltr'>nore</span> <span class='ocrx_word' id='word_1_311' title='bbox 1113 468 1176 503; x_wconf 79' lang='lat' dir='ltr'>tibi</span> <span class='ocrx_word' id='word_1_312' title='bbox 1201 470 1344 513; x_wconf 84' lang='lat' dir='ltr'>reddet,</span> <span class='ocrx_word' id='word_1_313' title='bbox 1374 473 1488 517; x_wconf 79' lang='lat' dir='ltr'>qnod,</span> <span class='ocrx_word' id='word_1_314' title='bbox 1515 473 1576 509; x_wconf 84' lang='lat' dir='ltr'>illo</span> <span class='ocrx_word' id='word_1_315' title='bbox 1596 476 1769 520; x_wconf 77' lang='lat' dir='ltr'>jubente,</span> 
     </span>
     <span class='ocr_line' id='line_1_58' title="bbox 987 513 1772 570; baseline 0.017 -22"><span class='ocrx_word' id='word_1_316' title='bbox 987 513 1092 549; x_wconf 82' lang='lat' dir='ltr'>lacis.</span> <span class='ocrx_word' id='word_1_317' title='bbox 1117 515 1222 550; x_wconf 89' lang='lat' dir='ltr'>Unde</span> <span class='ocrx_word' id='word_1_318' title='bbox 1248 518 1506 560; x_wconf 53' lang='grc' dir='ltr'>Λυςμιειὶηιιεε</span> <span class='ocrx_word' id='word_1_319' title='bbox 1543 537 1558 549; x_wconf 66' lang='grc' dir='ltr'>ιι</span> <span class='ocrx_word' id='word_1_320' title='bbox 1583 524 1654 557; x_wconf 64' lang='lat' dir='ltr'>Nm:</span> <span class='ocrx_word' id='word_1_321' title='bbox 1689 536 1772 570; x_wconf 84' lang='lat' dir='ltr'>pro—</span> 
     </span>
     <span class='ocr_line' id='line_1_59' title="bbox 987 562 1771 619; baseline 0.018 -25"><span class='ocrx_word' id='word_1_322' title='bbox 987 563 1117 605; x_wconf 88' lang='lat' dir='ltr'>pterea</span> <span class='ocrx_word' id='word_1_323' title='bbox 1142 562 1375 599; x_wconf 77' lang='lat' dir='ltr'>voluntatem</span> <span class='ocrx_word' id='word_1_324' title='bbox 1408 566 1550 604; x_wconf 83' lang='lat' dir='ltr'>alienes</span> <span class='ocrx_word' id='word_1_325' title='bbox 1570 571 1616 605; x_wconf 86' lang='lat' dir='ltr'>ab</span> <span class='ocrx_word' id='word_1_326' title='bbox 1644 582 1687 607; x_wconf 84' lang='lat' dir='ltr'>eo</span> <span class='ocrx_word' id='word_1_327' title='bbox 1708 573 1771 619; x_wconf 84' lang='lat' dir='ltr'>qui</span> 
     </span>
    </p>
   </div>
   <div class='ocr_carea' id='block_1_7' title="bbox 950 609 1773 663">
    <p class='ocr_par' dir='ltr' id='par_1_8' title="bbox 950 609 1773 663">
     <span class='ocr_line' id='line_1_60' title="bbox 950 609 1773 663; baseline 0.018 -22"><span class='ocrx_word' id='word_1_328' title='bbox 950 626 951 635; x_wconf 51' lang='grc' dir='ltr'>ι</span> <span class='ocrx_word' id='word_1_329' title='bbox 985 610 1092 653; x_wconf 89' lang='lat' dir='ltr'>petit,</span> <span class='ocrx_word' id='word_1_330' title='bbox 1123 609 1228 654; x_wconf 82' lang='lat' dir='ltr'>quasi</span> <span class='ocrx_word' id='word_1_331' title='bbox 1256 611 1347 645; x_wconf 88' lang='lat' dir='ltr'>nibil</span> <span class='ocrx_word' id='word_1_332' title='bbox 1377 619 1594 658; x_wconf 69' lang='lat' dir='ltr'>recepturus</span> <span class='ocrx_word' id='word_1_333' title='bbox 1629 629 1648 653; x_wconf 90' lang='lat' dir='ltr'>a</span> <span class='ocrx_word' id='word_1_334' title='bbox 1682 621 1773 663; x_wconf 78' lang='lat' dir='ltr'>Deo,</span> 
     </span>
    </p>
   </div>
   <div class='ocr_carea' id='block_1_8' title="bbox 981 658 1776 1468">
    <p class='ocr_par' dir='ltr' id='par_1_9' title="bbox 981 658 1776 1468">
     <span class='ocr_line' id='line_1_61' title="bbox 984 658 1773 712; baseline 0.016 -22"><span class='ocrx_word' id='word_1_335' title='bbox 984 666 1068 691; x_wconf 89' lang='lat' dir='ltr'>cum</span> <span class='ocrx_word' id='word_1_336' title='bbox 1091 667 1170 708; x_wconf 78' lang='lat' dir='ltr'>rem</span> <span class='ocrx_word' id='word_1_337' title='bbox 1192 668 1274 702; x_wconf 64' lang='lat' dir='ltr'>qua&gt;</span> <span class='ocrx_word' id='word_1_338' title='bbox 1305 658 1416 694; x_wconf 88' lang='lat' dir='ltr'>datur</span> <span class='ocrx_word' id='word_1_339' title='bbox 1452 666 1593 707; x_wconf 89' lang='lat' dir='ltr'>mutuo,</span> <span class='ocrx_word' id='word_1_340' title='bbox 1627 664 1689 701; x_wconf 87' lang='lat' dir='ltr'>ille</span> <span class='ocrx_word' id='word_1_341' title='bbox 1710 667 1773 712; x_wconf 85' lang='lat' dir='ltr'>qui</span> 
     </span>
     <span class='ocr_line' id='line_1_62' title="bbox 983 705 1773 752; baseline 0.014 -14"><span class='ocrx_word' id='word_1_342' title='bbox 983 707 1126 750; x_wconf 84' lang='lat' dir='ltr'>accepit</span> <span class='ocrx_word' id='word_1_343' title='bbox 1173 705 1360 741; x_wconf 76' lang='lat' dir='ltr'>exsolvat:</span> <span class='ocrx_word' id='word_1_344' title='bbox 1400 706 1487 752; x_wconf 85' lang='lat' dir='ltr'>quia</span> <span class='ocrx_word' id='word_1_345' title='bbox 1524 720 1607 745; x_wconf 91' lang='lat' dir='ltr'>cum</span> <span class='ocrx_word' id='word_1_346' title='bbox 1652 712 1686 747; x_wconf 90' lang='lat' dir='ltr'>id</span> <span class='ocrx_word' id='word_1_347' title='bbox 1731 725 1773 749; x_wconf 90' lang='lat' dir='ltr'>ex</span> 
     </span>
     <span class='ocr_line' id='line_1_63' title="bbox 985 752 1773 805; baseline 0.015 -20"><span class='ocrx_word' id='word_1_348' title='bbox 985 754 1171 804; x_wconf 69' lang='lat' dir='ltr'>prsecepto</span> <span class='ocrx_word' id='word_1_349' title='bbox 1204 752 1267 804; x_wconf 70' lang='lat' dir='ltr'>Dei</span> <span class='ocrx_word' id='word_1_350' title='bbox 1312 753 1415 797; x_wconf 81' lang='lat' dir='ltr'>facis,</span> <span class='ocrx_word' id='word_1_351' title='bbox 1449 756 1548 801; x_wconf 89' lang='lat' dir='ltr'>apud</span> <span class='ocrx_word' id='word_1_352' title='bbox 1580 756 1685 794; x_wconf 90' lang='lat' dir='ltr'>illum</span> <span class='ocrx_word' id='word_1_353' title='bbox 1711 761 1773 805; x_wconf 80' lang='lat' dir='ltr'>qui</span> 
     </span>
     <span class='ocr_line' id='line_1_64' title="bbox 983 798 1775 852; baseline 0.011 -19"><span class='ocrx_word' id='word_1_354' title='bbox 983 798 1063 833; x_wconf 80' lang='lat' dir='ltr'>haec</span> <span class='ocrx_word' id='word_1_355' title='bbox 1079 799 1200 844; x_wconf 74' lang='lat' dir='ltr'>jubet,</span> <span class='ocrx_word' id='word_1_356' title='bbox 1216 800 1492 837; x_wconf 75' lang='lat' dir='ltr'>infructuosum</span> <span class='ocrx_word' id='word_1_357' title='bbox 1506 813 1587 839; x_wconf 90' lang='lat' dir='ltr'>esse</span> <span class='ocrx_word' id='word_1_358' title='bbox 1605 815 1676 840; x_wconf 89' lang='lat' dir='ltr'>non</span> <span class='ocrx_word' id='word_1_359' title='bbox 1697 811 1775 852; x_wconf 87' lang='lat' dir='ltr'>pot-</span> 
     </span>
     <span class='ocr_line' id='line_1_65' title="bbox 983 847 1772 899; baseline 0.011 -18"><span class='ocrx_word' id='word_1_360' title='bbox 983 849 1057 881; x_wconf 80' lang='lat' dir='ltr'>est:</span> <span class='ocrx_word' id='word_1_361' title='bbox 1084 859 1101 878; x_wconf 86' lang='lat'>»</span> <span class='ocrx_word' id='word_1_362' title='bbox 1127 847 1205 882; x_wconf 79' lang='lat' dir='ltr'>haec</span> <span class='ocrx_word' id='word_1_363' title='bbox 1239 848 1484 892; x_wconf 66' lang='lat' dir='ltr'>Azzyuscinus.</span> <span class='ocrx_word' id='word_1_364' title='bbox 1510 850 1645 887; x_wconf 84' lang='lat' dir='ltr'>Dicens</span> <span class='ocrx_word' id='word_1_365' title='bbox 1663 863 1772 899; x_wconf 84' lang='lat' dir='ltr'>ergo:</span> 
     </span>
     <span class='ocr_line' id='line_1_66' title="bbox 983 893 1776 940; baseline 0.013 -13"><span class='ocrx_word' id='word_1_366' title='bbox 983 893 1239 939; x_wconf 77' lang='lat' dir='ltr'>Omnipetenti</span> <span class='ocrx_word' id='word_1_367' title='bbox 1259 899 1291 930; x_wconf 83' lang='lat' dir='ltr'>te</span> <span class='ocrx_word' id='word_1_368' title='bbox 1309 896 1533 940; x_wconf 76' lang='lat' dir='ltr'>tribue‚...et</span> <span class='ocrx_word' id='word_1_369' title='bbox 1552 900 1687 935; x_wconf 63' lang='lat' dir='ltr'>volenti</span> <span class='ocrx_word' id='word_1_370' title='bbox 1701 912 1776 937; x_wconf 83' lang='lat' dir='ltr'>mu-</span> 
     </span>
     <span class='ocr_line' id='line_1_67' title="bbox 984 942 1771 992; baseline 0.013 -17"><span class='ocrx_word' id='word_1_371' title='bbox 984 942 1082 975; x_wconf 75' lang='lat' dir='ltr'>tuari</span> <span class='ocrx_word' id='word_1_372' title='bbox 1123 952 1144 976; x_wconf 90' lang='grc' dir='ltr'><em>α</em></span> <span class='ocrx_word' id='word_1_373' title='bbox 1178 945 1224 986; x_wconf 79' lang='lat' dir='ltr'>te,</span> <span class='ocrx_word' id='word_1_374' title='bbox 1258 953 1302 978; x_wconf 80' lang='lat' dir='ltr'>ne</span> <span class='ocrx_word' id='word_1_375' title='bbox 1329 947 1509 980; x_wconf 76' lang='lat' dir='ltr'>avertaris</span> <span class='ocrx_word' id='word_1_376' title='bbox 1534 946 1580 982; x_wconf 82' lang='lat' dir='ltr'>ab</span> <span class='ocrx_word' id='word_1_377' title='bbox 1603 957 1663 992; x_wconf 78' lang='lat'>00,</span> <span class='ocrx_word' id='word_1_378' title='bbox 1697 949 1771 985; x_wconf 86' lang='lat' dir='ltr'>duo</span> 
     </span>
     <span class='ocr_line' id='line_1_68' title="bbox 983 989 1774 1037; baseline 0.013 -15"><span class='ocrx_word' id='word_1_379' title='bbox 983 998 1123 1032; x_wconf 86' lang='lat' dir='ltr'>genera</span> <span class='ocrx_word' id='word_1_380' title='bbox 1163 989 1336 1025; x_wconf 78' lang='lat' dir='ltr'>beneficii</span> <span class='ocrx_word' id='word_1_381' title='bbox 1373 992 1671 1037; x_wconf 85' lang='lat' dir='ltr'>complectitur:</span> <span class='ocrx_word' id='word_1_382' title='bbox 1715 996 1774 1033; x_wconf 72' lang='lat' dir='ltr'>vel</span> 
     </span>
     <span class='ocr_line' id='line_1_69' title="bbox 984 1035 1773 1083; baseline 0.015 -16"><span class='ocrx_word' id='word_1_383' title='bbox 984 1044 1068 1069; x_wconf 87' lang='lat' dir='ltr'>cnm</span> <span class='ocrx_word' id='word_1_384' title='bbox 1090 1035 1270 1072; x_wconf 82' lang='lat' dir='ltr'>benevole</span> <span class='ocrx_word' id='word_1_385' title='bbox 1291 1038 1438 1083; x_wconf 88' lang='lat' dir='ltr'>damus,</span> <span class='ocrx_word' id='word_1_386' title='bbox 1460 1041 1517 1075; x_wconf 71' lang='lat' dir='ltr'>vel</span> <span class='ocrx_word' id='word_1_387' title='bbox 1540 1051 1624 1076; x_wconf 90' lang='lat' dir='ltr'>cum</span> <span class='ocrx_word' id='word_1_388' title='bbox 1649 1043 1773 1079; x_wconf 90' lang='lat' dir='ltr'>reddi-</span> 
     </span>
     <span class='ocr_line' id='line_1_70' title="bbox 983 1084 1773 1137; baseline 0.014 -22"><span class='ocrx_word' id='word_1_389' title='bbox 983 1084 1066 1133; x_wconf 75' lang='lat' dir='ltr'>turo</span> <span class='ocrx_word' id='word_1_390' title='bbox 1086 1084 1388 1127; x_wconf 84' lang='lat' dir='ltr'>commodamus;</span> <span class='ocrx_word' id='word_1_391' title='bbox 1414 1089 1450 1121; x_wconf 91' lang='lat' dir='ltr'>et</span> <span class='ocrx_word' id='word_1_392' title='bbox 1469 1087 1517 1121; x_wconf 90' lang='lat' dir='ltr'>ad</span> <span class='ocrx_word' id='word_1_393' title='bbox 1534 1092 1692 1134; x_wconf 79' lang='lat' dir='ltr'>utraque</span> <span class='ocrx_word' id='word_1_394' title='bbox 1710 1101 1773 1137; x_wconf 88' lang='lat' dir='ltr'>pa·</span> 
     </span>
     <span class='ocr_line' id='line_1_71' title="bbox 982 1129 1771 1180; baseline 0.015 -18"><span class='ocrx_word' id='word_1_395' title='bbox 982 1132 1053 1163; x_wconf 87' lang='lat' dir='ltr'>rat1</span> <span class='ocrx_word' id='word_1_396' title='bbox 1075 1139 1157 1164; x_wconf 86' lang='lat' dir='ltr'>esse</span> <span class='ocrx_word' id='word_1_397' title='bbox 1189 1129 1381 1167; x_wconf 72' lang='lat' dir='ltr'>debemus.</span> <span class='ocrx_word' id='word_1_398' title='bbox 1410 1134 1449 1168; x_wconf 91' lang='lat' dir='ltr'>In</span> <span class='ocrx_word' id='word_1_399' title='bbox 1479 1138 1637 1180; x_wconf 77' lang='lat' dir='ltr'>utroque</span> <span class='ocrx_word' id='word_1_400' title='bbox 1670 1138 1771 1174; x_wconf 89' lang='lat' dir='ltr'>enim</span> 
     </span>
     <span class='ocr_line' id='line_1_72' title="bbox 982 1176 1772 1224; baseline 0.015 -15"><span class='ocrx_word' id='word_1_401' title='bbox 982 1185 1120 1220; x_wconf 79' lang='lat' dir='ltr'>genere</span> <span class='ocrx_word' id='word_1_402' title='bbox 1155 1176 1418 1224; x_wconf 55' lang='lat' dir='ltr'>eleemosynae,</span> <span class='ocrx_word' id='word_1_403' title='bbox 1447 1180 1534 1216; x_wconf 88' lang='lat' dir='ltr'>dato</span> <span class='ocrx_word' id='word_1_404' title='bbox 1566 1182 1708 1220; x_wconf 80' lang='lat' dir='ltr'>scilicet</span> <span class='ocrx_word' id='word_1_405' title='bbox 1735 1188 1772 1221; x_wconf 88' lang='lat' dir='ltr'>et</span> 
     </span>
     <span class='ocr_line' id='line_1_73' title="bbox 982 1226 1769 1277; baseline 0.014 -20"><span class='ocrx_word' id='word_1_406' title='bbox 982 1227 1135 1276; x_wconf 69' lang='lat' dir='ltr'>mutuo.⁸</span> <span class='ocrx_word' id='word_1_407' title='bbox 1149 1226 1322 1260; x_wconf 87' lang='lat' dir='ltr'>tenemur</span> <span class='ocrx_word' id='word_1_408' title='bbox 1349 1227 1450 1262; x_wconf 92' lang='lat' dir='ltr'>omni</span> <span class='ocrx_word' id='word_1_409' title='bbox 1473 1229 1612 1274; x_wconf 83' lang='lat' dir='ltr'>petenti</span> <span class='ocrx_word' id='word_1_410' title='bbox 1642 1232 1769 1277; x_wconf 84' lang='lat' dir='ltr'>egenti</span> 
     </span>
     <span class='ocr_line' id='line_1_74' title="bbox 982 1271 1770 1324; baseline 0.015 -20"><span class='ocrx_word' id='word_1_411' title='bbox 982 1271 1195 1324; x_wconf 81' lang='lat' dir='ltr'>subvenire,</span> <span class='ocrx_word' id='word_1_412' title='bbox 1225 1272 1337 1308; x_wconf 88' lang='lat' dir='ltr'>etiam</span> <span class='ocrx_word' id='word_1_413' title='bbox 1366 1273 1532 1320; x_wconf 85' lang='lat' dir='ltr'>inimico,</span> <span class='ocrx_word' id='word_1_414' title='bbox 1561 1276 1590 1312; x_wconf 91' lang='lat' dir='ltr'>si</span> <span class='ocrx_word' id='word_1_415' title='bbox 1615 1279 1770 1323; x_wconf 87' lang='lat' dir='ltr'>perfecti</span> 
     </span>
     <span class='ocr_line' id='line_1_75' title="bbox 982 1319 1772 1365; baseline 0.016 -14"><span class='ocrx_word' id='word_1_416' title='bbox 982 1328 1128 1360; x_wconf 82' lang='lat' dir='ltr'>sumus3</span> <span class='ocrx_word' id='word_1_417' title='bbox 1145 1329 1175 1353; x_wconf 82' lang='lat' dir='ltr'>st</span> <span class='ocrx_word' id='word_1_418' title='bbox 1189 1319 1410 1365; x_wconf 81' lang='lat' dir='ltr'>imperfecti,</span> <span class='ocrx_word' id='word_1_419' title='bbox 1430 1333 1504 1358; x_wconf 90' lang='lat' dir='ltr'>non</span> <span class='ocrx_word' id='word_1_420' title='bbox 1526 1323 1596 1359; x_wconf 86' lang='lat' dir='ltr'>nisi</span> <span class='ocrx_word' id='word_1_421' title='bbox 1615 1325 1652 1361; x_wconf 90' lang='lat' dir='ltr'>in</span> <span class='ocrx_word' id='word_1_422' title='bbox 1674 1338 1772 1363; x_wconf 76' lang='lat' dir='ltr'>surn-</span> 
     </span>
     <span class='ocr_line' id='line_1_76' title="bbox 981 1368 1770 1411; baseline 0.015 -12"><span class='ocrx_word' id='word_1_423' title='bbox 981 1375 1043 1400; x_wconf 91' lang='lat' dir='ltr'>ma</span> <span class='ocrx_word' id='word_1_424' title='bbox 1064 1368 1288 1402; x_wconf 85' lang='lat' dir='ltr'>necessitate</span> <span class='ocrx_word' id='word_1_425' title='bbox 1319 1378 1402 1404; x_wconf 91' lang='lat' dir='ltr'>esse</span> <span class='ocrx_word' id='word_1_426' title='bbox 1417 1369 1634 1408; x_wconf 65' lang='lat' dir='ltr'>viderimus</span> <span class='ocrx_word' id='word_1_427' title='bbox 1666 1375 1770 1411; x_wconf 89' lang='lat' dir='ltr'>Unde</span> 
     </span>
     <span class='ocr_line' id='line_1_77' title="bbox 982 1413 1772 1468; baseline 0.014 -21"><span class='ocrx_word' id='word_1_428' title='bbox 982 1413 1275 1456; x_wconf 69' lang='lat' dir='ltr'>Chrysostomas:</span> <span class='ocrx_word' id='word_1_429' title='bbox 1297 1415 1366 1451; x_wconf 86' lang='lat' dir='ltr'>«Si</span> <span class='ocrx_word' id='word_1_430' title='bbox 1390 1416 1690 1456; x_wconf 85' lang='lat' dir='ltr'>misericordiam</span> <span class='ocrx_word' id='word_1_431' title='bbox 1708 1432 1772 1468; x_wconf 93' lang='lat' dir='ltr'>po-</span> 
     </span>
    </p>
   </div>
   <div class='ocr_carea' id='block_1_9' title="bbox 978 1507 1770 1655">
    <p class='ocr_par' dir='ltr' id='par_1_10' title="bbox 978 1507 1770 1655">
     <span class='ocr_line' id='line_1_78' title="bbox 980 1507 1767 1562; baseline 0.014 -21"><span class='ocrx_word' id='word_1_432' title='bbox 980 1511 1017 1542; x_wconf 91' lang='lat' dir='ltr'>ut</span> <span class='ocrx_word' id='word_1_433' title='bbox 1040 1507 1110 1553; x_wconf 90' lang='lat' dir='ltr'>ipsi</span> <span class='ocrx_word' id='word_1_434' title='bbox 1133 1507 1170 1544; x_wconf 90' lang='lat' dir='ltr'>id</span> <span class='ocrx_word' id='word_1_435' title='bbox 1191 1509 1293 1561; x_wconf 79' lang='lat' dir='ltr'>quod</span> <span class='ocrx_word' id='word_1_436' title='bbox 1322 1521 1344 1546; x_wconf 88' lang='lat' dir='ltr'>a</span> <span class='ocrx_word' id='word_1_437' title='bbox 1364 1512 1440 1547; x_wconf 89' lang='lat' dir='ltr'>Deo</span> <span class='ocrx_word' id='word_1_438' title='bbox 1466 1512 1643 1558; x_wconf 83' lang='lat' dir='ltr'>petimus,</span> <span class='ocrx_word' id='word_1_439' title='bbox 1667 1527 1767 1562; x_wconf 81' lang='lat' dir='ltr'>prae-</span> 
     </span>
     <span class='ocr_line' id='line_1_79' title="bbox 979 1554 1769 1608; baseline 0.014 -19"><span class='ocrx_word' id='word_1_440' title='bbox 979 1554 1139 1607; x_wconf 77' lang='lat' dir='ltr'>cedente</span> <span class='ocrx_word' id='word_1_441' title='bbox 1180 1560 1330 1601; x_wconf 88' lang='lat' dir='ltr'>merito,</span> <span class='ocrx_word' id='word_1_442' title='bbox 1375 1558 1521 1595; x_wconf 81' lang='lat' dir='ltr'>facilius</span> <span class='ocrx_word' id='word_1_443' title='bbox 1565 1561 1769 1608; x_wconf 85' lang='lat' dir='ltr'>impetrare</span> 
     </span>
     <span class='ocr_line' id='line_1_80' title="bbox 978 1604 1770 1655; baseline 0.014 -19"><span class='ocrx_word' id='word_1_444' title='bbox 978 1604 1340 1648; x_wconf 75' lang='lat' dir='ltr'>possimusverum,</span> <span class='ocrx_word' id='word_1_445' title='bbox 1357 1604 1387 1640; x_wconf 91' lang='lat' dir='ltr'>si</span> <span class='ocrx_word' id='word_1_446' title='bbox 1400 1616 1465 1641; x_wconf 89' lang='lat' dir='ltr'>eos</span> <span class='ocrx_word' id='word_1_447' title='bbox 1481 1606 1627 1652; x_wconf 89' lang='lat' dir='ltr'>quinos</span> <span class='ocrx_word' id='word_1_448' title='bbox 1639 1615 1770 1655; x_wconf 89' lang='lat' dir='ltr'>petunt</span> 
     </span>
    </p>
   </div>
   <div class='ocr_carea' id='block_1_10' title="bbox 940 1648 1767 1703">
    <p class='ocr_par' dir='ltr' id='par_1_11' title="bbox 940 1648 1767 1703">
     <span class='ocr_line' id='line_1_81' title="bbox 940 1648 1767 1703; baseline 0.013 -20"><span class='ocrx_word' id='word_1_449' title='bbox 940 1650 941 1653; x_wconf 77' lang='grc'>’</span> <span class='ocrx_word' id='word_1_450' title='bbox 976 1648 1242 1695; x_wconf 80' lang='lat' dir='ltr'>despiciamus,</span> <span class='ocrx_word' id='word_1_451' title='bbox 1259 1661 1334 1696; x_wconf 89' lang='lat' dir='ltr'>qua</span> <span class='ocrx_word' id='word_1_452' title='bbox 1354 1652 1491 1689; x_wconf 89' lang='lat' dir='ltr'>fiducia</span> <span class='ocrx_word' id='word_1_453' title='bbox 1507 1655 1623 1691; x_wconf 88' lang='lat' dir='ltr'>Deum</span> <span class='ocrx_word' id='word_1_454' title='bbox 1642 1658 1767 1703; x_wconf 89' lang='lat' dir='ltr'>nobis,</span> 
     </span>
    </p>
   </div>
   <div class='ocr_carea' id='block_1_11' title="bbox 971 1696 1770 1841">
    <p class='ocr_par' dir='ltr' id='par_1_12' title="bbox 971 1696 1770 1841">
     <span class='ocr_line' id='line_1_82' title="bbox 975 1696 1770 1745; baseline 0.014 -14"><span class='ocrx_word' id='word_1_455' title='bbox 975 1696 1075 1741; x_wconf 87' lang='lat' dir='ltr'>quod</span> <span class='ocrx_word' id='word_1_456' title='bbox 1111 1697 1288 1743; x_wconf 87' lang='lat' dir='ltr'>petimus,</span> <span class='ocrx_word' id='word_1_457' title='bbox 1325 1704 1507 1745; x_wconf 86' lang='lat' dir='ltr'>praestare</span> <span class='ocrx_word' id='word_1_458' title='bbox 1544 1703 1770 1742; x_wconf 80' lang='lat' dir='ltr'>credimus?</span> 
     </span>
     <span class='ocr_line' id='line_1_83' title="bbox 972 1744 1766 1797; baseline 0.013 -18"><span class='ocrx_word' id='word_1_459' title='bbox 972 1744 1157 1797; x_wconf 81' lang='lat' dir='ltr'>Jubemur</span> <span class='ocrx_word' id='word_1_460' title='bbox 1173 1744 1275 1781; x_wconf 89' lang='lat' dir='ltr'>enim</span> <span class='ocrx_word' id='word_1_461' title='bbox 1290 1756 1358 1792; x_wconf 89' lang='lat' dir='ltr'>per</span> <span class='ocrx_word' id='word_1_462' title='bbox 1372 1747 1512 1791; x_wconf 89' lang='lat' dir='ltr'>omnia,</span> <span class='ocrx_word' id='word_1_463' title='bbox 1542 1750 1766 1797; x_wconf 84' lang='lat' dir='ltr'>religionem</span> 
     </span>
     <span class='ocr_line' id='line_1_84' title="bbox 971 1793 1768 1841; baseline 0.013 -15"><span class='ocrx_word' id='word_1_464' title='bbox 971 1795 1123 1837; x_wconf 83' lang='lat' dir='ltr'>pietatis</span> <span class='ocrx_word' id='word_1_465' title='bbox 1152 1802 1194 1828; x_wconf 88' lang='lat' dir='ltr'>ac</span> <span class='ocrx_word' id='word_1_466' title='bbox 1221 1793 1308 1829; x_wconf 85' lang='lat' dir='ltr'>fidei</span> <span class='ocrx_word' id='word_1_467' title='bbox 1339 1795 1542 1841; x_wconf 88' lang='lat' dir='ltr'>custodire,</span> <span class='ocrx_word' id='word_1_468' title='bbox 1571 1803 1610 1834; x_wconf 90' lang='lat' dir='ltr'>ut</span> <span class='ocrx_word' id='word_1_469' title='bbox 1633 1810 1768 1836; x_wconf 86' lang='lat' dir='ltr'>neces·</span> 
     </span>
    </p>
   </div>
   <div class='ocr_carea' id='block_1_12' title="bbox 936 1838 1766 1946">
    <p class='ocr_par' dir='ltr' id='par_1_13' title="bbox 936 1838 1766 1946">
     <span class='ocr_line' id='line_1_85' title="bbox 936 1838 1766 1892; baseline 0.013 -19"><span class='ocrx_word' id='word_1_470' title='bbox 936 1869 937 1872; x_wconf 73' lang='grc'>,</span> <span class='ocrx_word' id='word_1_471' title='bbox 973 1838 1123 1892; x_wconf 83' lang='lat' dir='ltr'>sitatem</span> <span class='ocrx_word' id='word_1_472' title='bbox 1153 1839 1410 1878; x_wconf 85' lang='lat' dir='ltr'>tribulationis</span> <span class='ocrx_word' id='word_1_473' title='bbox 1448 1843 1617 1889; x_wconf 89' lang='lat' dir='ltr'>alterius,</span> <span class='ocrx_word' id='word_1_474' title='bbox 1658 1847 1766 1892; x_wconf 76' lang='lat' dir='ltr'>quasi</span> 
     </span>
     <span class='ocr_line' id='line_1_86' title="bbox 936 1893 1765 1946; baseline 0.012 -25"><span class='ocrx_word' id='word_1_475' title='bbox 936 1918 937 1922; x_wconf 73' lang='grc'>,</span> <span class='ocrx_word' id='word_1_476' title='bbox 971 1897 1179 1933; x_wconf 88' lang='lat' dir='ltr'>propriam,</span> <span class='ocrx_word' id='word_1_477' title='bbox 1226 1893 1508 1935; x_wconf 80' lang='lat' dir='ltr'>computemus3</span> <span class='ocrx_word' id='word_1_478' title='bbox 1542 1895 1765 1946; x_wconf 44' lang='lat' dir='ltr'>nec-pluris</span> 
     </span>
    </p>
   </div>
   <div class='ocr_carea' id='block_1_13' title="bbox 971 1934 1763 1989">
    <p class='ocr_par' dir='ltr' id='par_1_14' title="bbox 971 1934 1763 1989">
     <span class='ocr_line' id='line_1_87' title="bbox 971 1934 1763 1989; baseline 0.013 -21"><span class='ocrx_word' id='word_1_479' title='bbox 971 1934 1203 1979; x_wconf 89' lang='lat' dir='ltr'>facultatem,</span> <span class='ocrx_word' id='word_1_480' title='bbox 1235 1946 1347 1981; x_wconf 84' lang='lat' dir='ltr'>quam</span> <span class='ocrx_word' id='word_1_481' title='bbox 1378 1937 1533 1974; x_wconf 86' lang='lat' dir='ltr'>fratrem</span> <span class='ocrx_word' id='word_1_482' title='bbox 1566 1940 1763 1989; x_wconf 82' lang='lat' dir='ltr'>faciainus,</span> 
     </span>
    </p>
   </div>
   <div class='ocr_carea' id='block_1_14' title="bbox 936 1984 1764 2026">
    <p class='ocr_par' dir='ltr' id='par_1_15' title="bbox 936 1984 1764 2026">
     <span class='ocr_line' id='line_1_88' title="bbox 936 1984 1764 2026; baseline 0.013 -11"><span class='ocrx_word' id='word_1_483' title='bbox 936 1995 937 1999; x_wconf 45' lang='lat'>¹</span> <span class='ocrx_word' id='word_1_484' title='bbox 972 1984 1232 2026; x_wconf 85' lang='lat' dir='ltr'>exspectantes</span> <span class='ocrx_word' id='word_1_485' title='bbox 1269 1984 1479 2020; x_wconf 77' lang='lat' dir='ltr'>mercedem</span> <span class='ocrx_word' id='word_1_486' title='bbox 1502 1986 1764 2026; x_wconf 87' lang='lat' dir='ltr'>retributionis</span> 
     </span>
    </p>
   </div>
   <div class='ocr_carea' id='block_1_15' title="bbox 972 2030 1762 2128">
    <p class='ocr_par' dir='ltr' id='par_1_16' title="bbox 972 2030 1762 2128">
     <span class='ocr_line' id='line_1_89' title="bbox 972 2030 1762 2075; baseline 0.011 -11"><span class='ocrx_word' id='word_1_487' title='bbox 972 2032 1125 2064; x_wconf 83' lang='lat' dir='ltr'>aeternae</span> <span class='ocrx_word' id='word_1_488' title='bbox 1148 2040 1156 2063; x_wconf 90' lang='lat'>:</span> <span class='ocrx_word' id='word_1_489' title='bbox 1177 2043 1193 2062; x_wconf 87' lang='lat'>»</span> <span class='ocrx_word' id='word_1_490' title='bbox 1210 2030 1290 2065; x_wconf 83' lang='lat' dir='ltr'>haec</span> <span class='ocrx_word' id='word_1_491' title='bbox 1313 2032 1601 2075; x_wconf 74' lang='lat' dir='ltr'>Chrysostomus.</span> <span class='ocrx_word' id='word_1_492' title='bbox 1623 2036 1666 2071; x_wconf 87' lang='lat' dir='ltr'>Et</span> <span class='ocrx_word' id='word_1_493' title='bbox 1688 2046 1762 2073; x_wconf 89' lang='lat' dir='ltr'>non</span> 
     </span>
     <span class='ocr_line' id='line_1_90' title="bbox 972 2076 1762 2128; baseline 0.011 -18"><span class='ocrx_word' id='word_1_494' title='bbox 972 2076 1092 2111; x_wconf 90' lang='lat' dir='ltr'>solum</span> <span class='ocrx_word' id='word_1_495' title='bbox 1115 2076 1162 2112; x_wconf 91' lang='lat' dir='ltr'>de</span> <span class='ocrx_word' id='word_1_496' title='bbox 1184 2077 1433 2124; x_wconf 87' lang='lat' dir='ltr'>eleemosynis</span> <span class='ocrx_word' id='word_1_497' title='bbox 1454 2080 1525 2116; x_wconf 89' lang='lat' dir='ltr'>hoc</span> <span class='ocrx_word' id='word_1_498' title='bbox 1545 2080 1762 2128; x_wconf 84' lang='lat' dir='ltr'>intelligen-</span> 
     </span>
    </p>
   </div>
   <div class='ocr_carea' id='block_1_16' title="bbox 938 2123 1761 2174">
    <p class='ocr_par' dir='ltr' id='par_1_17' title="bbox 938 2123 1761 2174">
     <span class='ocr_line' id='line_1_91' title="bbox 938 2123 1761 2174; baseline 0.011 -16"><span class='ocrx_word' id='word_1_499' title='bbox 938 2146 940 2164; x_wconf 63' lang='grc'><strong>,</strong></span> <span class='ocrx_word' id='word_1_500' title='bbox 973 2123 1062 2159; x_wconf 91' lang='lat' dir='ltr'>dum</span> <span class='ocrx_word' id='word_1_501' title='bbox 1085 2126 1156 2167; x_wconf 89' lang='lat' dir='ltr'>est,</span> <span class='ocrx_word' id='word_1_502' title='bbox 1180 2125 1246 2160; x_wconf 88' lang='lat' dir='ltr'>sed</span> <span class='ocrx_word' id='word_1_503' title='bbox 1261 2125 1356 2161; x_wconf 90' lang='lat' dir='ltr'>etde</span> <span class='ocrx_word' id='word_1_504' title='bbox 1376 2127 1537 2172; x_wconf 88' lang='lat' dir='ltr'>pecunia</span> <span class='ocrx_word' id='word_1_505' title='bbox 1558 2139 1640 2174; x_wconf 83' lang='lat' dir='ltr'>quae</span> <span class='ocrx_word' id='word_1_506' title='bbox 1651 2140 1761 2166; x_wconf 90' lang='lat' dir='ltr'>num-</span> 
     </span>
    </p>
   </div>
   <div class='ocr_carea' id='block_1_17' title="bbox 972 2171 1763 2360">
    <p class='ocr_par' dir='ltr' id='par_1_18' title="bbox 972 2171 1763 2360">
     <span class='ocr_line' id='line_1_92' title="bbox 974 2171 1763 2222; baseline 0.013 -18"><span class='ocrx_word' id='word_1_507' title='bbox 974 2180 1087 2217; x_wconf 88' lang='lat' dir='ltr'>quam</span> <span class='ocrx_word' id='word_1_508' title='bbox 1109 2171 1249 2216; x_wconf 83' lang='lat' dir='ltr'>deficit,</span> <span class='ocrx_word' id='word_1_509' title='bbox 1277 2171 1316 2208; x_wconf 91' lang='lat' dir='ltr'>id</span> <span class='ocrx_word' id='word_1_510' title='bbox 1350 2177 1407 2209; x_wconf 89' lang='lat' dir='ltr'>est</span> <span class='ocrx_word' id='word_1_511' title='bbox 1433 2174 1480 2211; x_wconf 87' lang='lat' dir='ltr'>de</span> <span class='ocrx_word' id='word_1_512' title='bbox 1512 2175 1697 2222; x_wconf 87' lang='lat' dir='ltr'>sapientia</span> <span class='ocrx_word' id='word_1_513' title='bbox 1725 2181 1763 2215; x_wconf 87' lang='lat' dir='ltr'>et</span> 
     </span>
     <span class='ocr_line' id='line_1_93' title="bbox 973 2217 1761 2268; baseline 0.01 -14"><span class='ocrx_word' id='word_1_514' title='bbox 973 2217 1161 2262; x_wconf 89' lang='lat' dir='ltr'>doctrina,</span> <span class='ocrx_word' id='word_1_515' title='bbox 1185 2229 1268 2265; x_wconf 70' lang='lat' dir='ltr'>quae</span> <span class='ocrx_word' id='word_1_516' title='bbox 1298 2230 1373 2256; x_wconf 89' lang='lat' dir='ltr'>non</span> <span class='ocrx_word' id='word_1_517' title='bbox 1397 2225 1453 2257; x_wconf 89' lang='lat' dir='ltr'>est</span> <span class='ocrx_word' id='word_1_518' title='bbox 1479 2225 1622 2268; x_wconf 88' lang='lat' dir='ltr'>petenti</span> <span class='ocrx_word' id='word_1_519' title='bbox 1644 2225 1761 2262; x_wconf 88' lang='lat' dir='ltr'>dene-</span> 
     </span>
     <span class='ocr_line' id='line_1_94' title="bbox 973 2265 1762 2318; baseline 0.011 -18"><span class='ocrx_word' id='word_1_520' title='bbox 973 2265 1116 2311; x_wconf 90' lang='lat' dir='ltr'>ganda;</span> <span class='ocrx_word' id='word_1_521' title='bbox 1150 2266 1328 2312; x_wconf 86' lang='lat' dir='ltr'>quoniam</span> <span class='ocrx_word' id='word_1_522' title='bbox 1355 2279 1510 2305; x_wconf 87' lang='lat' dir='ltr'>avarum</span> <span class='ocrx_word' id='word_1_523' title='bbox 1533 2270 1762 2318; x_wconf 87' lang='lat' dir='ltr'>dedignatur</span> 
     </span>
     <span class='ocr_line' id='line_1_95' title="bbox 972 2315 1762 2360; baseline 0.011 -12"><span class='ocrx_word' id='word_1_524' title='bbox 972 2323 1246 2360; x_wconf 86' lang='lat' dir='ltr'>possessorem,</span> <span class='ocrx_word' id='word_1_525' title='bbox 1287 2319 1324 2351; x_wconf 87' lang='lat' dir='ltr'>et</span> <span class='ocrx_word' id='word_1_526' title='bbox 1359 2315 1398 2351; x_wconf 91' lang='lat' dir='ltr'>in</span> <span class='ocrx_word' id='word_1_527' title='bbox 1443 2317 1538 2354; x_wconf 90' lang='lat' dir='ltr'>alios</span> <span class='ocrx_word' id='word_1_528' title='bbox 1577 2320 1762 2357; x_wconf 89' lang='lat' dir='ltr'>translata</span> 
     </span>
    </p>
   </div>
   <div class='ocr_carea' id='block_1_18' title="bbox 940 2360 1761 2413">
    <p class='ocr_par' dir='ltr' id='par_1_19' title="bbox 940 2360 1761 2413">
     <span class='ocr_line' id='line_1_96' title="bbox 940 2360 1761 2413; baseline 0.01 -18"><span class='ocrx_word' id='word_1_529' title='bbox 940 2383 941 2386; x_wconf 57' lang='lat'><em>=</em></span> <span class='ocrx_word' id='word_1_530' title='bbox 973 2360 1120 2405; x_wconf 88' lang='lat' dir='ltr'>crescit,</span> <span class='ocrx_word' id='word_1_531' title='bbox 1135 2364 1173 2397; x_wconf 90' lang='lat' dir='ltr'>et</span> <span class='ocrx_word' id='word_1_532' title='bbox 1194 2361 1314 2409; x_wconf 91' lang='lat' dir='ltr'>magis</span> <span class='ocrx_word' id='word_1_533' title='bbox 1329 2362 1424 2400; x_wconf 87' lang='lat' dir='ltr'>ditat</span> <span class='ocrx_word' id='word_1_534' title='bbox 1438 2368 1643 2402; x_wconf 86' lang='lat' dir='ltr'>auctorem.</span> <span class='ocrx_word' id='word_1_535' title='bbox 1663 2368 1761 2413; x_wconf 89' lang='lat' dir='ltr'>Ergo</span> 
     </span>
    </p>
   </div>
   <div class='ocr_carea' id='block_1_19' title="bbox 109 2406 941 2452">
    <p class='ocr_par' dir='ltr' id='par_1_20' title="bbox 109 2406 941 2452">
     <span class='ocr_line' id='line_1_97' title="bbox 109 2406 941 2452; baseline -0.004 -7"><span class='ocrx_word' id='word_1_536' title='bbox 109 2408 156 2445; x_wconf 91' lang='lat' dir='ltr'>ab</span> <span class='ocrx_word' id='word_1_537' title='bbox 199 2419 257 2452; x_wconf 90' lang='lat' dir='ltr'>e0,</span> <span class='ocrx_word' id='word_1_538' title='bbox 297 2408 438 2445; x_wconf 87' lang='lat' dir='ltr'>scilicet</span> <span class='ocrx_word' id='word_1_539' title='bbox 481 2419 558 2445; x_wconf 91' lang='lat' dir='ltr'>non</span> <span class='ocrx_word' id='word_1_540' title='bbox 591 2408 813 2450; x_wconf 88' lang='lat' dir='ltr'>mutuando,</span> <span class='ocrx_word' id='word_1_541' title='bbox 842 2406 899 2443; x_wconf 76' lang='lat' dir='ltr'>vel</span> <span class='ocrx_word' id='word_1_542' title='bbox 939 2430 941 2451; x_wconf 46' lang='grc' dir='ltr'>ς</span> 
     </span>
    </p>
   </div>
   <div class='ocr_carea' id='block_1_20' title="bbox 109 2455 900 2789">
    <p class='ocr_par' dir='ltr' id='par_1_21' title="bbox 109 2455 900 2789">
     <span class='ocr_line' id='line_1_98' title="bbox 112 2455 896 2501; baseline -0.003 -9"><span class='ocrx_word' id='word_1_543' title='bbox 112 2459 284 2493; x_wconf 90' lang='lat' dir='ltr'>mutuum</span> <span class='ocrx_word' id='word_1_544' title='bbox 307 2456 533 2501; x_wconf 82' lang='lat' dir='ltr'>differendo,</span> <span class='ocrx_word' id='word_1_545' title='bbox 557 2456 613 2491; x_wconf 79' lang='lat' dir='ltr'>vel</span> <span class='ocrx_word' id='word_1_546' title='bbox 635 2455 896 2491; x_wconf 89' lang='lat' dir='ltr'>diminuendo.</span> 
     </span>
     <span class='ocr_line' id='line_1_99' title="bbox 113 2502 899 2550; baseline -0.004 -10"><span class='ocrx_word' id='word_1_547' title='bbox 113 2505 244 2540; x_wconf 89' lang='lat' dir='ltr'>Mutua</span> <span class='ocrx_word' id='word_1_548' title='bbox 263 2503 347 2547; x_wconf 86' lang='lat' dir='ltr'>sibi,</span> <span class='ocrx_word' id='word_1_549' title='bbox 363 2503 392 2539; x_wconf 88' lang='lat' dir='ltr'>si</span> <span class='ocrx_word' id='word_1_550' title='bbox 414 2503 507 2550; x_wconf 91' lang='lat' dir='ltr'>petit</span> <span class='ocrx_word' id='word_1_551' title='bbox 520 2503 795 2540; x_wconf 84' lang='lat' dir='ltr'>rationabiliter</span> <span class='ocrx_word' id='word_1_552' title='bbox 811 2514 819 2545; x_wconf 81' lang='lat'>3</span> <span class='ocrx_word' id='word_1_553' title='bbox 843 2502 899 2538; x_wconf 87' lang='lat' dir='ltr'>vel</span> 
     </span>
     <span class='ocr_line' id='line_1_100' title="bbox 110 2549 899 2598; baseline -0.003 -11"><span class='ocrx_word' id='word_1_554' title='bbox 110 2551 296 2588; x_wconf 88' lang='lat' dir='ltr'>rationem</span> <span class='ocrx_word' id='word_1_555' title='bbox 315 2551 443 2596; x_wconf 87' lang='lat' dir='ltr'>redde,</span> <span class='ocrx_word' id='word_1_556' title='bbox 466 2551 495 2587; x_wconf 89' lang='lat' dir='ltr'>si</span> <span class='ocrx_word' id='word_1_557' title='bbox 516 2550 609 2598; x_wconf 91' lang='lat' dir='ltr'>petit</span> <span class='ocrx_word' id='word_1_558' title='bbox 630 2549 899 2586; x_wconf 87' lang='lat' dir='ltr'>irrationabili-</span> 
     </span>
     <span class='ocr_line' id='line_1_101' title="bbox 112 2597 900 2635; baseline -0.003 0"><span class='ocrx_word' id='word_1_559' title='bbox 112 2602 181 2635; x_wconf 90' lang='lat' dir='ltr'>ter.</span> <span class='ocrx_word' id='word_1_560' title='bbox 221 2600 273 2635; x_wconf 91' lang='lat' dir='ltr'>Da</span> <span class='ocrx_word' id='word_1_561' title='bbox 295 2602 465 2635; x_wconf 85' lang='lat' dir='ltr'>mutuum</span> <span class='ocrx_word' id='word_1_562' title='bbox 499 2597 671 2635; x_wconf 86' lang='lat' dir='ltr'>hilariter</span> <span class='ocrx_word' id='word_1_563' title='bbox 693 2610 701 2634; x_wconf 91' lang='lat'>:</span> <span class='ocrx_word' id='word_1_564' title='bbox 736 2599 900 2634; x_wconf 77' lang='lat' dir='ltr'>Hilarem</span> 
     </span>
     <span class='ocr_line' id='line_1_102' title="bbox 109 2646 900 2691; baseline 0 -9"><span class='ocrx_word' id='word_1_565' title='bbox 109 2648 204 2682; x_wconf 86' lang='lat' dir='ltr'>enim</span> <span class='ocrx_word' id='word_1_566' title='bbox 225 2647 390 2682; x_wconf 81' lang='lat' dir='ltr'>datorem</span> <span class='ocrx_word' id='word_1_567' title='bbox 411 2647 543 2691; x_wconf 73' lang='lat' dir='ltr'>diliqit</span> <span class='ocrx_word' id='word_1_568' title='bbox 564 2649 674 2691; x_wconf 83' lang='lat' dir='ltr'>Deus,</span> <span class='ocrx_word' id='word_1_569' title='bbox 696 2649 732 2682; x_wconf 88' lang='lat' dir='ltr'>et</span> <span class='ocrx_word' id='word_1_570' title='bbox 753 2657 796 2682; x_wconf 89' lang='lat' dir='ltr'>ex</span> <span class='ocrx_word' id='word_1_571' title='bbox 815 2646 900 2682; x_wconf 88' lang='lat' dir='ltr'>cha·</span> 
     </span>
     <span class='ocr_line' id='line_1_103' title="bbox 111 2693 898 2741; baseline -0.001 -11"><span class='ocrx_word' id='word_1_572' title='bbox 111 2693 223 2730; x_wconf 86' lang='lat' dir='ltr'>ritate</span> <span class='ocrx_word' id='word_1_573' title='bbox 249 2705 359 2741; x_wconf 88' lang='lat' dir='ltr'>pura,</span> <span class='ocrx_word' id='word_1_574' title='bbox 385 2693 477 2729; x_wconf 87' lang='lat' dir='ltr'>nihil</span> <span class='ocrx_word' id='word_1_575' title='bbox 508 2693 596 2730; x_wconf 91' lang='lat' dir='ltr'>inde</span> <span class='ocrx_word' id='word_1_576' title='bbox 631 2704 802 2740; x_wconf 89' lang='lat' dir='ltr'>sperans,</span> <span class='ocrx_word' id='word_1_577' title='bbox 841 2693 898 2730; x_wconf 90' lang='lat' dir='ltr'>vel</span> 
     </span>
     <span class='ocr_line' id='line_1_104' title="bbox 110 2741 899 2789; baseline -0.001 -10"><span class='ocrx_word' id='word_1_578' title='bbox 110 2741 299 2789; x_wconf 87' lang='lat' dir='ltr'>recipiens</span> <span class='ocrx_word' id='word_1_579' title='bbox 322 2741 420 2778; x_wconf 87' lang='lat' dir='ltr'>ultra</span> <span class='ocrx_word' id='word_1_580' title='bbox 436 2745 592 2787; x_wconf 89' lang='lat' dir='ltr'>sortem,</span> <span class='ocrx_word' id='word_1_581' title='bbox 616 2752 686 2778; x_wconf 89' lang='lat' dir='ltr'>nec.</span> <span class='ocrx_word' id='word_1_582' title='bbox 705 2741 899 2779; x_wconf 88' lang='lat' dir='ltr'>servitium</span> 
     </span>
    </p>
   </div>
   <div class='ocr_carea' id='block_1_21' title="bbox 216 2805 785 2845">
    <p class='ocr_par' dir='ltr' id='par_1_22' title="bbox 216 2805 785 2845">
     <span class='ocr_line' id='line_1_105' title="bbox 216 2805 785 2845; baseline 0.004 -7"><span class='ocrx_word' id='word_1_583' title='bbox 216 2805 306 2838; x_wconf 64' lang='lat' dir='ltr'>Vim</span> <span class='ocrx_word' id='word_1_584' title='bbox 328 2806 416 2838; x_wconf 69' lang='lat' dir='ltr'>Jesu</span> <span class='ocrx_word' id='word_1_585' title='bbox 438 2806 596 2845; x_wconf 70' lang='lat' dir='ltr'>Cnmsn,</span> <span class='ocrx_word' id='word_1_586' title='bbox 620 2815 733 2840; x_wconf 66' lang='lat' dir='ltr'>‘routvs</span> <span class='ocrx_word' id='word_1_587' title='bbox 756 2807 785 2840; x_wconf 87' lang='grc' dir='ltr'>Ι.</span> 
     </span>
    </p>
   </div>
   <div class='ocr_carea' id='block_1_22' title="bbox 972 2408 1763 2788">
    <p class='ocr_par' dir='ltr' id='par_1_23' title="bbox 972 2408 1763 2788">
     <span class='ocr_line' id='line_1_106' title="bbox 972 2408 1763 2461; baseline 0.009 -18"><span class='ocrx_word' id='word_1_588' title='bbox 972 2408 1115 2461; x_wconf 76' lang='lat' dir='ltr'>petenti</span> <span class='ocrx_word' id='word_1_589' title='bbox 1137 2419 1235 2454; x_wconf 87' lang='lat' dir='ltr'>eam,</span> <span class='ocrx_word' id='word_1_590' title='bbox 1267 2420 1336 2456; x_wconf 93' lang='lat' dir='ltr'>pro</span> <span class='ocrx_word' id='word_1_591' title='bbox 1366 2412 1442 2448; x_wconf 88' lang='lat' dir='ltr'>Deo</span> <span class='ocrx_word' id='word_1_592' title='bbox 1470 2411 1689 2456; x_wconf 86' lang='lat' dir='ltr'>distribuas,</span> <span class='ocrx_word' id='word_1_593' title='bbox 1724 2418 1763 2450; x_wconf 81' lang='lat' dir='ltr'>et</span> 
     </span>
     <span class='ocr_line' id='line_1_107' title="bbox 973 2455 1761 2502; baseline 0.009 -12"><span class='ocrx_word' id='word_1_594' title='bbox 973 2455 1112 2491; x_wconf 84' lang='lat' dir='ltr'>volenti</span> <span class='ocrx_word' id='word_1_595' title='bbox 1129 2466 1213 2492; x_wconf 90' lang='lat' dir='ltr'>eam</span> <span class='ocrx_word' id='word_1_596' title='bbox 1231 2458 1395 2494; x_wconf 90' lang='lat' dir='ltr'>mutuari</span> <span class='ocrx_word' id='word_1_597' title='bbox 1416 2469 1437 2494; x_wconf 86' lang='lat' dir='ltr'>a</span> <span class='ocrx_word' id='word_1_598' title='bbox 1456 2462 1507 2502; x_wconf 88' lang='lat' dir='ltr'>te,</span> <span class='ocrx_word' id='word_1_599' title='bbox 1526 2463 1565 2495; x_wconf 90' lang='lat' dir='ltr'>ut</span> <span class='ocrx_word' id='word_1_600' title='bbox 1585 2461 1679 2496; x_wconf 86' lang='lat' dir='ltr'>alios</span> <span class='ocrx_word' id='word_1_601' title='bbox 1696 2461 1761 2497; x_wconf 91' lang='lat' dir='ltr'>do-</span> 
     </span>
     <span class='ocr_line' id='line_1_108' title="bbox 974 2505 1759 2552; baseline 0.008 -13"><span class='ocrx_word' id='word_1_602' title='bbox 974 2506 1068 2547; x_wconf 90' lang='lat' dir='ltr'>ceat,</span> <span class='ocrx_word' id='word_1_603' title='bbox 1114 2514 1161 2540; x_wconf 92' lang='lat' dir='ltr'>ne</span> <span class='ocrx_word' id='word_1_604' title='bbox 1195 2505 1398 2549; x_wconf 88' lang='lat' dir='ltr'>avertaris;</span> <span class='ocrx_word' id='word_1_605' title='bbox 1424 2505 1511 2551; x_wconf 87' lang='lat' dir='ltr'>quia</span> <span class='ocrx_word' id='word_1_606' title='bbox 1540 2507 1640 2552; x_wconf 83' lang='lat' dir='ltr'>quod</span> <span class='ocrx_word' id='word_1_607' title='bbox 1665 2509 1759 2545; x_wconf 90' lang='lat' dir='ltr'>alios</span> 
     </span>
     <span class='ocr_line' id='line_1_109' title="bbox 973 2551 1758 2598; baseline 0.008 -12"><span class='ocrx_word' id='word_1_608' title='bbox 973 2554 1111 2598; x_wconf 87' lang='lat' dir='ltr'>praeter</span> <span class='ocrx_word' id='word_1_609' title='bbox 1124 2555 1160 2588; x_wconf 89' lang='lat' dir='ltr'>te</span> <span class='ocrx_word' id='word_1_610' title='bbox 1179 2551 1342 2596; x_wconf 87' lang='lat' dir='ltr'>docebit,</span> <span class='ocrx_word' id='word_1_611' title='bbox 1360 2552 1425 2589; x_wconf 91' lang='lat' dir='ltr'>tibi</span> <span class='ocrx_word' id='word_1_612' title='bbox 1445 2553 1624 2590; x_wconf 89' lang='lat' dir='ltr'>reddetur</span> <span class='ocrx_word' id='word_1_613' title='bbox 1639 2566 1661 2591; x_wconf 87' lang='lat' dir='ltr'>a</span> <span class='ocrx_word' id='word_1_614' title='bbox 1682 2556 1758 2592; x_wconf 89' lang='lat' dir='ltr'>Deo</span> 
     </span>
     <span class='ocr_line' id='line_1_110' title="bbox 973 2598 1758 2655; baseline 0.008 -21"><span class='ocrx_word' id='word_1_615' title='bbox 973 2609 1058 2635; x_wconf 87' lang='lat' dir='ltr'>cum</span> <span class='ocrx_word' id='word_1_616' title='bbox 1075 2598 1219 2635; x_wconf 91' lang='lat' dir='ltr'>foenore</span> <span class='ocrx_word' id='word_1_617' title='bbox 1241 2600 1372 2635; x_wconf 89' lang='lat' dir='ltr'>multo.</span> <span class='ocrx_word' id='word_1_618' title='bbox 1398 2601 1560 2646; x_wconf 85' lang='lat' dir='ltr'>Utraque</span> <span class='ocrx_word' id='word_1_619' title='bbox 1582 2612 1672 2655; x_wconf 86' lang='lat' dir='ltr'>ergo</span> <span class='ocrx_word' id='word_1_620' title='bbox 1693 2613 1758 2650; x_wconf 87' lang='lat' dir='ltr'>pe-</span> 
     </span>
     <span class='ocr_line' id='line_1_111' title="bbox 973 2645 1758 2695; baseline 0.006 -13"><span class='ocrx_word' id='word_1_621' title='bbox 973 2645 1097 2688; x_wconf 87' lang='lat' dir='ltr'>cunia,</span> <span class='ocrx_word' id='word_1_622' title='bbox 1129 2646 1270 2682; x_wconf 89' lang='lat' dir='ltr'>scilicet</span> <span class='ocrx_word' id='word_1_623' title='bbox 1287 2647 1494 2693; x_wconf 89' lang='lat' dir='ltr'>corporalis</span> <span class='ocrx_word' id='word_1_624' title='bbox 1515 2652 1551 2684; x_wconf 90' lang='lat' dir='ltr'>et</span> <span class='ocrx_word' id='word_1_625' title='bbox 1578 2649 1758 2695; x_wconf 87' lang='lat' dir='ltr'>spiritua·</span> 
     </span>
     <span class='ocr_line' id='line_1_112' title="bbox 974 2693 1762 2738; baseline 0.006 -9"><span class='ocrx_word' id='word_1_626' title='bbox 974 2693 1033 2738; x_wconf 92' lang='lat' dir='ltr'>lis,</span> <span class='ocrx_word' id='word_1_627' title='bbox 1067 2697 1124 2730; x_wconf 87' lang='lat' dir='ltr'>est</span> <span class='ocrx_word' id='word_1_628' title='bbox 1159 2694 1446 2738; x_wconf 88' lang='lat' dir='ltr'>commodanda,</span> <span class='ocrx_word' id='word_1_629' title='bbox 1469 2695 1534 2731; x_wconf 91' lang='lat' dir='ltr'>sed</span> <span class='ocrx_word' id='word_1_630' title='bbox 1555 2697 1762 2734; x_wconf 86' lang='lat' dir='ltr'>materialis</span> 
     </span>
     <span class='ocr_line' id='line_1_113' title="bbox 973 2741 1758 2788; baseline 0.005 -10"><span class='ocrx_word' id='word_1_631' title='bbox 973 2741 1055 2778; x_wconf 91' lang='lat' dir='ltr'>sine</span> <span class='ocrx_word' id='word_1_632' title='bbox 1095 2751 1222 2786; x_wconf 87' lang='lat' dir='ltr'>usura,</span> <span class='ocrx_word' id='word_1_633' title='bbox 1262 2741 1467 2788; x_wconf 86' lang='lat' dir='ltr'>spiritualis</span> <span class='ocrx_word' id='word_1_634' title='bbox 1508 2753 1591 2780; x_wconf 93' lang='lat' dir='ltr'>cum</span> <span class='ocrx_word' id='word_1_635' title='bbox 1630 2755 1758 2782; x_wconf 86' lang='lat' dir='ltr'>usura.</span> 
     </span>
    </p>
   </div>
   <div class='ocr_carea' id='block_1_23' title="bbox 1614 2811 1649 2840">
    <p class='ocr_par' dir='ltr' id='par_1_24' title="bbox 1614 2811 1649 2840">
     <span class='ocr_line' id='line_1_114' title="bbox 1614 2811 1649 2840; baseline -0.029 0"><span class='ocrx_word' id='word_1_636' title='bbox 1614 2811 1649 2840; x_wconf 81' lang='grc'>19</span> 
     </span>
    </p>
   </div>
  </div>
 </body>
</html>
