1902 3126
115 165 176 199 218
600 161 746 194 PRIMAE
782 161 933 197 PARTIS

122 235 252 270 chrum
280 232 379 278 eJus3
400 234 437 268 et
461 231 500 267 in
530 231 748 269 ascensione
767 231 895 269 astite-

122 283 222 324 runt,
244 284 435 326 tamquam
462 278 535 315 duo
566 278 649 324 viri,
671 278 709 314 in
729 279 896 316 vestibus

123 327 235 371 albis;
257 327 321 362 sed
342 330 376 362 et
392 330 480 362 ante
494 326 578 371 hoc,
593 330 843 370 accesserunt,
860 330 897 363 et

123 373 390 410 ministrabant
423 373 456 409 ei
474 384 482 418 ;
517 375 554 409 et
591 373 896 419 evangelizabant

124 421 205 467 ejus
230 420 477 456 nativitatem.
498 419 566 456 Ubi
594 421 863 465 chrysostomus
885 433 895 455 :

126 482 145 500 «
165 467 257 504 Vide
275 467 434 513 qualiter
453 467 631 514 paulatim
653 478 736 504 eum
757 478 779 504 a
795 471 897 503 terra

125 515 357 558 subducit‚et
371 514 456 551 facit
473 515 571 561 quod
588 525 664 550 non
683 515 781 551 ultra
800 514 896 550 aesti-

121 565 200 598 met
219 572 303 598 eum
325 561 517 598 hominem
537 562 657 598 solum
679 573 688 597 z
712 561 770 598 cui
797 560 895 597 enim

122 609 252 654 Angeli
274 608 500 654 ministrant,
523 609 684 655 qualiter
706 608 765 644 hic
785 609 897 643 homo

123 665 240 702 purus
268 656 391 692 esset?
418 657 490 692 Per
519 656 589 692 hoc
620 655 735 701 igitur
767 655 898 690 suadet

122 703 348 748 Angelorum
376 713 415 738 se
443 713 524 739 esse
550 703 823 739 dominatorem
845 713 895 753 ς.»

122 749 203 785 haec
216 750 500 793 chrysostomus.
516 751 796 791 Verumtamen,
810 758 831 799 q
836 758 898 799 unia

123 794 194 832 iste
213 796 421 832 Nathanael
443 796 681 832 doctissimus
699 800 735 831 et
755 799 899 846 peritis-

125 842 243 879 simus
262 848 339 879 erat
358 844 395 878 in
412 843 651 889 Lege‚noluit
668 852 752 878 eum
772 843 897 877 Domi-

124 900 196 925 nus
218 891 254 925 in
277 890 495 936 Apostolum
523 900 606 925 cum
627 889 710 924 aliis
736 888 896 933 eligere3

124 946 193 972 nec
214 936 326 972 etiam
354 936 611 980 Nicodemum,
633 935 679 971 de
707 945 780 981 quo
802 934 901 969 infra

122 982 280 1027 dicetur,
315 994 359 1018 eo
385 983 484 1028 quod
517 986 552 1018 et
584 982 664 1028 ipse
690 981 833 1033 peritus
865 984 901 1016 et

123 1030 255 1065 doctus
276 1032 387 1073 esset,
410 1039 457 1064 ne
478 1032 631 1075 propter
651 1039 757 1065 suam
779 1039 900 1064 scien-

125 1076 229 1119 tiam,
252 1087 290 1111 se
317 1076 455 1111 electos
481 1076 654 1111 dicerent
678 1075 735 1111 vel
756 1086 901 1121 praesu-

126 1126 285 1158 merent.
302 1121 428 1158 Voluit
443 1122 544 1158 enim
563 1122 731 1159 Christus
748 1124 902 1168 Aposto-

53 1183 58 1185 ·
126 1169 181 1204 los
190 1169 332 1214 primos
346 1169 566 1205 fundatores
577 1169 750 1205 Ecclesiae
765 1169 902 1205 idiotas

125 1219 162 1251 et
182 1216 370 1262 simplices
390 1216 564 1252 homines
583 1216 742 1262 eligere;
765 1228 813 1252 ne
834 1216 900 1252 do-

125 1263 245 1299 ctrina
261 1263 348 1298 lidei
370 1267 407 1299 et
425 1263 546 1309 prima
568 1263 762 1299 conversio
782 1263 902 1299 homi-

124 1320 215 1345 num
242 1311 418 1346 humanae
446 1310 639 1356 sapientiae
666 1310 901 1346 adscribere-

125 1360 200 1400 tur,
216 1357 281 1392 sed
295 1356 449 1401 divinae3
472 1358 542 1393 hoc
563 1357 675 1393 etiam
696 1357 781 1393 ideo
799 1357 900 1400 fecit,

124 1407 166 1439 ut
186 1404 365 1439 mundum
387 1409 424 1440 et
443 1404 630 1450 sapientes
650 1405 730 1450 ejus
750 1404 903 1439 consun-

127 1449 246 1486 deret.
278 1452 442 1487 Fuerunt
475 1456 601 1487 tamen
630 1451 837 1487 Nathanael
866 1454 903 1486 et

125 1497 362 1541 Nicodemus,
381 1509 403 1534 a
428 1498 610 1545 principio
631 1499 679 1534 ad
699 1498 814 1546 fidem
834 1508 901 1533 vo-

126 1544 212 1587 cati,
236 1555 282 1580 ne
313 1545 486 1581 doctrina
513 1545 615 1590 fidei,
636 1545 741 1591 quasi
769 1556 790 1580 a
811 1544 901 1580 solis

126 1590 358 1636 simplicibus
390 1595 553 1638 recepta,
575 1593 777 1628 haberetur
811 1602 900 1626 con-

126 1638 302 1683 temptui3
327 1642 363 1674 et
383 1650 443 1681 ne,
465 1639 495 1674 si
522 1649 544 1674 a
560 1638 745 1685 principio
771 1648 901 1673 omnes

126 1684 284 1720 fuissent
321 1685 521 1732 simplices,
556 1686 800 1722 crederentur
835 1695 902 1730 per

126 1731 339 1779 oppositum
366 1743 433 1779 per
458 1733 710 1779 ignorantiam
740 1731 899 1778 decepti.

970 161 1108 196 CAPUT
1142 161 1237 195 XXV

968 232 1173 277 Postquam
1203 240 1291 266 vero
1318 230 1412 266 fides
1439 230 1622 266 catholica
1640 229 1741 266 radi-

969 283 1051 315 cata
1074 277 1158 322 fuit,
1181 277 1321 314 Paulus
1338 278 1385 313 ad
1405 277 1658 323 apostolatum
1675 287 1741 313 vo-

969 330 1073 362 catus
1085 324 1334 371 est‚quamvis
1346 324 1531 360 litteratus
1545 327 1658 360 esset.
1672 324 1744 360 Per

968 373 1158 408 Andream
1176 375 1213 408 et
1233 371 1458 418 Philippum,
1471 371 1531 417 qui
1554 382 1576 407 a
1596 370 1744 407 Christo

969 419 1104 462 edocti,
1120 419 1166 455 de
1187 419 1305 454 salute
1323 420 1480 455 fratrum
1501 428 1654 454 suorum
1674 417 1746 454 sol-

970 465 1059 502 liciti
1095 466 1259 509 fuerunt,
1291 465 1552 512 significantur
1580 465 1648 509 illi,
1679 465 1744 511 qui

969 512 1160 558 proximos
1184 522 1285 555 su05,
1307 516 1486 558 quantum
1507 514 1607 549 bono
1633 512 1745 548 modo

971 562 1146 605 possunt,
1171 558 1219 594 ad
1250 559 1439 604 sequelam
1468 559 1603 596 Christi
1635 558 1746 596 indu-

972 609 1071 641 cunt.
1091 605 1197 648 Quod
1211 608 1267 640 est
1285 608 1416 641 contra
1429 607 1580 650 multos,
1593 605 1655 652 qui
1671 616 1748 642 non

972 652 1092 688 solum
1125 662 1203 686 non
1233 650 1426 698 inducunt,
1448 653 1513 689 sed
1544 663 1611 699 pro
1636 662 1748 699 posse

972 710 1038 735 suo
1060 701 1248 734 avertunt.

1024 759 1062 782 12
1081 747 1155 782 Cun
1171 746 1345 782 Cnmsrcs
1363 747 1552 781 NAZARETH
1567 745 1749 781 anmur?

972 795 1074 828 —Et
1085 803 1267 836 reqressus
1285 796 1337 828 est
1349 794 1452 828 Jesus
1467 803 1547 828 eum
1562 792 1748 839 Philippo,

972 841 1011 874 in
1033 840 1221 876 Galilaeam
1242 852 1252 874 :
1275 842 1311 875 et
1327 839 1481 875 veniens
1494 839 1750 885 Nazareth‚ad

974 888 1131 922 Matrem
1154 897 1274 933 suam,
1300 897 1383 922 cum
1409 886 1593 923 indicibili
1613 886 1751 933 gaudio

974 937 1144 979 receptus
1173 936 1230 969 est
1254 943 1322 979 per
1348 944 1444 969 eam.
1470 934 1630 970 Attende
1651 933 1752 980 quod

972 984 1057 1027 post
1079 980 1323 1026 baptismum,
1343 984 1427 1026 post
1448 980 1642 1017 victoriam
1668 983 1750 1017 ten-

973 1027 1157 1064 tationum
1198 1027 1363 1063 Christus
1403 1027 1515 1064 rediit
1552 1027 1748 1072 Nazareth,

975 1075 1074 1120 quod
1102 1074 1371 1120 interpretatur
1389 1077 1452 1120 flos
1475 1088 1484 1110 :
1507 1078 1543 1111 et
1563 1074 1752 1120 significat

975 1122 1075 1167 quod
1091 1122 1218 1165 homo,
1233 1125 1578 1168 quantumcumque
1592 1124 1689 1158 lotus
1704 1120 1752 1158 sit

975 1180 996 1204 a
1012 1168 1187 1214 peccatis,
1198 1172 1511 1214 quatumcumque
1523 1169 1752 1205 tentationes

975 1215 1225 1261 superaverit,
1267 1216 1326 1251 vel
1365 1226 1610 1261 quaecumque
1652 1216 1752 1252 bona

974 1262 1116 1306 fecerit,
1138 1272 1286 1307 semper
1312 1263 1425 1299 debet
1445 1273 1484 1298 se
1511 1265 1687 1308 reputare
1712 1261 1751 1299 in

975 1311 1068 1345 flore
1089 1308 1176 1345 etin
1192 1308 1376 1355 principio
1391 1320 1486 1345 esse.
1500 1311 1544 1346 Et
1558 1309 1749 1355 deinceps

973 1367 1041 1402 per
1072 1356 1176 1391 illum
1208 1366 1362 1400 annum,
1389 1358 1498 1393 Jesus
1528 1356 1566 1393 in
1598 1356 1752 1393 Galilaea

974 1403 1157 1439 remansit
1193 1413 1200 1438 :
1236 1413 1306 1439 nec
1340 1403 1475 1449 aliquis
1511 1403 1752 1450 Evangelista

974 1450 1093 1496 ponit,
1116 1449 1204 1496 quid
1225 1449 1375 1485 interim
1396 1461 1514 1496 usque
1535 1451 1583 1487 ad
1604 1450 1752 1497 nuptias

974 1499 1116 1533 fecerit.
1151 1498 1191 1532 In
1229 1507 1328 1532 anno
1359 1497 1458 1533 enim
1488 1508 1511 1533 a
1545 1498 1751 1545 Baptismo‚

976 1555 1094 1589 usque
1121 1544 1168 1579 ad
1190 1544 1352 1589 nuptias,
1376 1545 1468 1580 nihil
1489 1545 1590 1581 aliud
1616 1544 1753 1591 legitur

976 1591 1164 1627 Christum
1185 1590 1332 1635 secisse,
1347 1591 1417 1627 nisi
1437 1593 1535 1637 quod
1555 1592 1690 1638 legitur
1705 1591 1753 1628 de

971 1637 1117 1683 JeJ'unio
1138 1637 1176 1672 in
1197 1637 1360 1681 deserto,
1379 1642 1415 1674 et
1435 1639 1482 1675 de
1503 1639 1710 1675 tentatione
1729 1648 1752 1675 a

976 1685 1139 1727 diabolo,
1156 1688 1192 1719 et
1207 1684 1253 1720 de
1270 1685 1484 1722 testimonio
1505 1686 1697 1732 Baptistae‚
1715 1688 1753 1722 et

975 1732 1022 1768 de
1043 1731 1310 1777 discipulorum
1334 1735 1590 1769 conversione.

849 1827 1019 1865 ORATIO

169 1907 197 1943 O
217 1907 318 1943 bone
336 1908 437 1951 Jesu,
458 1907 689 1953 Redemptor
707 1907 957 1954 perditorum,

974 1909 1144 1946 Salvator
1162 1909 1457 1956 redemptorum,
1472 1920 1557 1956 spes
1568 1909 1750 1955 exsulum,

126 1964 333 2000 pauperum
355 1954 490 2000 spiritu
511 1955 619 1991 dulce
637 1955 826 1999 solatium,
850 1955 1100 1992 laborantium
1124 1957 1319 2002 fortitudo,
1346 1957 1531 1993 lassorum
1552 1956 1751 2003 recreatio,

123 2000 436 2047 triumphantium
457 2012 609 2045 corona,
631 2012 880 2048 supernorum
902 2003 1037 2038 civium
1060 2003 1171 2040 unica
1195 2015 1341 2040 merces
1363 2008 1400 2040 et
1420 2004 1551 2041 laetitia
1570 2015 1672 2049 vera,
1692 2003 1751 2040 in-

123 2047 221 2093 clyta
242 2049 364 2093 proles
386 2048 521 2084 summi
549 2049 629 2093 Dei,
652 2053 688 2085 et
710 2050 851 2085 tructus
871 2050 1041 2086 sublimis
1071 2051 1165 2087 uteri
1193 2051 1386 2098 virginalis
1408 2063 1415 2087 :
1440 2052 1522 2087 sons
1545 2051 1752 2097 gratiarum

125 2094 305 2139 omnium,
325 2096 370 2131 de
388 2097 494 2141 qu'us
514 2096 749 2142 plenitudine
766 2107 836 2133 nos
851 2108 982 2133 omnes
1002 2098 1228 2144 accepimus,
1244 2099 1281 2135 in
1301 2103 1350 2143 te,
1373 2103 1412 2135 ut
1432 2099 1546 2134 finem
1568 2098 1750 2144 omnium,

125 2142 298 2185 tendens,
320 2145 355 2177 et
377 2153 547 2188 sperans,
570 2147 605 2179 et
631 2154 778 2188 amans,
806 2145 919 2180 ferar.
952 2145 979 2180 Ο
1009 2145 1221 2182 desiderate
1254 2147 1360 2183 Jesu!
1383 2146 1431 2181 ad
1452 2150 1487 2181 tc
1509 2146 1688 2189 adducar,
1713 2148 1752 2182 te

126 2198 283 2232 sequar,
306 2188 393 2233 quia
413 2193 452 2224 tu
473 2190 572 2226 solus
591 2191 746 2235 sufficis,
774 2194 814 2227 tu
834 2192 938 2228 solus
959 2192 1094 2238 salvas,
1128 2197 1167 2230 tu
1189 2193 1288 2230 solus
1306 2194 1429 2230 bonus
1450 2197 1487 2229 et
1507 2193 1634 2229 suavis
1654 2203 1694 2230 es
1713 2195 1751 2229 te

126 2235 382 2281 quaerentibus
397 2236 697 2282 etldiligentibus
718 2249 856 2275 nomen
879 2242 996 2276 tuum.
1015 2241 1150 2276 Amen.

749 2412 932 2459 CAPUT
968 2415 1110 2462 XXV.

516 2530 573 2558 DE
605 2530 884 2562 MUTATIONE
920 2536 1056 2570 AQUAE
1092 2537 1137 2566 IN
1177 2537 1341 2567 VINUM.

757 2624 777 2660 J
781 2623 914 2661 oannis
939 2636 1021 2673 cap.
1048 2628 1094 2665 ΙΙ.

173 2741 185 2763 1
208 2727 364 2763 Nupmls
390 2727 563 2764 Cmusrus
593 2738 659 2764 suA
696 2740 897 2767 PRAESENTIA
935 2733 943 2777 Ι
974 2732 1115 2770 scilicet
1137 2734 1330 2779 trigesimo
1350 2734 1487 2781 primo,
1509 2733 1621 2779 coepit
1639 2734 1747 2770 Jesus

124 2784 300 2810 HONORAT.
326 2794 367 2801 —
397 2773 540 2811 Deinde
574 2785 674 2813 anno
709 2777 893 2823 sequenti,
933 2781 942 2825 Ι

976 2780 1092 2826 signis
1124 2781 1292 2818 mirificis
1326 2781 1507 2818 mundum
1542 2781 1743 2817 illustrare.
