1902 3126
390 139 503 178 QUOD
542 138 652 172 PUER
688 138 818 172 JESUS
857 139 1076 172 INVENTUS
1113 138 1191 172 EST
1228 138 1272 171 lx
1308 137 1497 171 TEMPLO.
1717 136 1774 171 135

125 211 222 248 tavit
243 209 457 255 consilium,
475 214 512 246 et
530 208 659 245 Matris
678 209 909 245 voluntatem

124 261 290 302 secutus,
312 257 468 293 recessit
495 266 578 292 cum
605 265 651 291 ea
680 259 717 291 et
750 256 908 292 nutritio

126 316 209 351 suo,
231 309 265 341 et
287 307 364 340 erat
382 303 551 339 subditus
571 303 661 338 illis.
681 302 774 339 Hinc
792 303 906 339 etiam

124 352 318 400 perpende
353 353 533 396 quantum
567 349 707 386 debent
733 349 907 386 homines

125 399 280 436 obedire
321 399 397 433 Deo
420 424 430 441 ‚
467 396 774 443 quandoquidem
827 397 906 443 ipse

124 447 224 483 Deus
261 444 388 481 obedit
427 443 659 480 hominibus.
716 444 752 481 Si
802 445 904 481 enim

121 492 291 538 exemplo
317 489 465 527 Domini
487 491 738 528 obediendum
759 496 815 528 est
836 492 905 528 ho-

122 539 299 582 minibus,
314 538 430 575 multo
446 538 565 585 magis
584 543 732 585 oportet
749 539 904 576 obedire

121 587 211 624 Deo.
248 585 476 623 Obediamus
510 586 625 631 igitur
662 598 737 623 non
782 587 904 623 solum

121 634 214 679 Deo,
237 634 302 670 sed
324 637 361 670 et
380 633 598 670 hominibus
617 645 624 677 ;
650 634 739 681 quia
760 634 825 671 Dei
844 634 902 670 Fi-

121 679 193 718 lius
227 680 394 717 obedivit
428 692 503 717 non
530 682 651 717 solum
692 683 767 718 Deo
800 681 903 718 Patri

121 727 278 772 coelesti,
298 728 365 765 sed
385 731 422 764 et
443 728 676 775 parentibus.

171 790 211 822 17
233 776 353 812 Manis
386 787 498 811 onxiix
525 788 560 811 Lx·
587 787 700 812 coum:
722 787 787 812 sco
816 788 902 812 cox-

122 833 269 859 SERVAT.
293 843 340 849 —
355 825 402 859 Et
415 825 534 860 Mater
553 824 633 868 eJ'us
651 825 901 865 conservabat,

120 869 228 917 quasi
251 880 405 915 magna,
433 873 554 906 omnia
575 871 684 907 verba
711 873 796 912 ham,
820 882 903 916 quae

121 928 222 954 nunc
242 921 279 954 et
298 917 393 954 alias
417 917 589 954 audierat
609 918 656 954 ab
684 929 749 962 eo,
777 922 812 955 et
834 920 904 955 hoc

119 967 160 1001 in
181 965 286 1001 corde
304 976 381 1007 suo,
404 965 511 1011 quasi
528 967 596 1002 sub
617 965 739 1012 sigillo
761 966 904 1002 scilicet

120 1012 345 1056 recondens,
383 1016 420 1048 et
449 1012 656 1058 signaculo.
696 1013 773 1049 Nisi
803 1014 903 1050 enim

119 1058 202 1106 ipsa
223 1064 496 1104 conservasset,
519 1071 588 1096 nos
615 1071 660 1096 ea
685 1071 762 1097 non
787 1062 902 1097 habe-

119 1117 247 1143 remus
265 1119 272 1142 :
289 1107 335 1143 de
351 1107 430 1153 ejus
450 1118 612 1153 namque
631 1108 820 1144 thesauris
835 1119 903 1144 nos

116 1153 190 1191 ista
219 1155 464 1201 suscepimus.
495 1155 628 1191 Omnia
652 1155 789 1202 quippe
820 1166 902 1202 quse

118 1201 165 1238 de
190 1201 364 1246 Domino,
396 1202 454 1237 vel
480 1213 501 1237 a
528 1203 688 1239 Domino
719 1203 818 1239 dicta
846 1204 902 1239 vel

117 1248 218 1286 facta
247 1248 444 1295 cognovit,
477 1249 555 1285 sive
582 1249 790 1294 intellecta,
826 1250 902 1286 sive

118 1296 290 1333 nondum
319 1296 523 1341 intellecta,
551 1296 590 1332 in
617 1297 729 1334 corde
761 1301 797 1334 et
824 1308 902 1334 me-

117 1342 255 1388 moria,
277 1343 380 1390 quasi
410 1343 637 1381 ruminanda
664 1348 702 1380 et
741 1345 902 1391 diligen-

116 1389 194 1427 tius
217 1391 434 1435 scrutanda,
462 1392 706 1438 recondebat,
739 1396 779 1429 nt
810 1397 904 1428 tcm-

118 1448 211 1492 pore
237 1448 305 1475 suo
331 1438 507 1476 universa
527 1443 638 1485 prout
664 1443 772 1484 gesta
797 1444 906 1476 erant

118 1485 360 1532 intelligeret,
391 1496 433 1521 ac
456 1487 703 1533 Evangelistis
733 1492 769 1523 et
802 1498 903 1533 quae-

116 1532 288 1570 rentibus
310 1533 541 1570 sufficienter
553 1534 774 1580 explicaret;
798 1535 905 1571 ethis

116 1582 310 1627 tamquam
350 1581 480 1626 regula
515 1584 551 1617 et
577 1581 659 1627 lege
689 1592 756 1628 per
784 1584 903 1618 totam

115 1626 231 1664 vitam
252 1628 442 1672 utebatur,
464 1628 603 1665 docens
626 1632 664 1664 ut
682 1639 752 1665 nos
771 1630 904 1665 crebra

117 1675 303 1712 sactorum
325 1679 362 1711 et
377 1675 562 1712 dictorum
582 1675 729 1712 Domini
748 1676 904 1712 inedita-

116 1722 221 1759 tione
233 1722 467 1769 importunas
480 1723 729 1769 cogitationes
741 1724 901 1770 repella-

115 1780 213 1814 mus,
229 1773 266 1806 et
287 1770 380 1806 alios
397 1770 585 1807 instruere
606 1770 836 1807 laboremus.
858 1773 902 1807 Et

117 1817 216 1863 ideo,
231 1817 262 1854 si
275 1817 358 1863 quis
372 1817 515 1865 indiget
526 1818 634 1855 bonis
647 1819 901 1863 sermonibus,

117 1865 165 1901 ad
185 1875 268 1901 eam
290 1869 473 1909 recurrat,
496 1866 584 1911 quia
609 1866 708 1902 facta
731 1870 766 1902 et
786 1867 902 1902 verba

117 1911 256 1949 Christi
275 1911 313 1948 in
337 1913 507 1948 custodia
527 1916 738 1950 conservat.
761 1935 805 1940 —
827 1915 902 1949 Mo-

118 1959 249 1996 raliter
275 1970 318 1995 ex
353 1958 423 1995 i>to
456 1961 640 1996 habemus
674 1961 900 2007 exemplum,

119 2005 282 2053 qualiter
302 2006 423 2043 audiri
443 2007 607 2044 debeant
624 2009 739 2044 verba
759 2008 899 2052 divina,

120 2053 262 2090 scilicet
281 2058 320 2090 ut
348 2053 386 2089 in
416 2055 528 2091 corde
557 2059 842 2100 conserventur,
866 2060 902 2092 et

119 2101 262 2138 ibidem
294 2101 547 2146 ruminentur,
584 2113 658 2138 non
695 2107 734 2138 ut
760 2103 903 2139 intrent

119 2159 188 2196 per
207 2159 336 2185 aurem
353 2160 466 2185 unam
483 2154 518 2186 et
541 2154 671 2186 exeant
688 2160 757 2196 per
772 2150 899 2187 aliam.

172 2199 213 2233 18
235 2197 436 2233 Pnorici-:nn
457 2209 492 2233 ix
511 2208 640 2233 emm
657 2209 697 2233 ΕΤ
717 2209 902 2233 sAriEN'rm

120 2254 252 2280 roras-r
269 2255 412 2284 ,itioris
430 2256 649 2281 ncrmcmzn.
672 2265 717 2271 —
737 2247 784 2281 Et
799 2247 903 2281 Jesus

117 2292 332 2338 proficiebat
352 2294 549 2338 sapientia,
569 2296 601 2328 et
630 2295 747 2333 aetate,
771 2296 803 2328 et
821 2304 905 2337 yra-

123 2340 177 2374 tia
194 2339 295 2384 apud
316 2341 426 2375 Deum
448 2343 480 2375 et
501 2341 675 2375 homines.
695 2342 797 2376 AEtas
818 2351 902 2386 pei-

122 2384 218 2422 tinet
235 2385 281 2422 ad
294 2397 443 2433 corpus,
457 2387 642 2434 sapientia
656 2387 703 2423 ad
722 2387 902 2433 animam,

123 2432 246 2480 gratia
269 2433 316 2469 ad
349 2434 544 2480 utriusque
578 2435 763 2479 salutem
788 2436 903 2482 profi-

123 2479 245 2517 ciebat
272 2480 400 2527 utiqne
424 2485 548 2526 aetate,
582 2481 678 2518 sicut
703 2482 828 2519 carnis
849 2487 904 2520 cst

124 2527 246 2565 aetatis
267 2527 499 2565 incrementa
517 2529 706 2576 suscipere
723 2542 731 2574 ;
751 2530 838 2576 quia
858 2531 904 2568 de

123 2574 284 2612 infantia
304 2576 349 2612 ad
372 2576 584 2623 pueritiam,
607 2578 653 2613 de
676 2578 838 2624 pueritia
857 2578 905 2615 ad

121 2623 566 2671 juventuteiii,consueto
591 2624 807 2662 hominibus
824 2637 904 2662 cre-

125 2670 255 2708 scendi
270 2671 402 2708 ordine
413 2673 522 2708 Jesus
536 2672 720 2719 pervenit.
734 2674 850 2709 Porro
867 2673 905 2710 in

126 2716 313 2766 sapientia
329 2723 365 2755 et
385 2719 508 2766 gratia
523 2723 646 2767 potest
666 2719 801 2767 aliquis
820 2731 905 2768 pro-

125 2765 241 2804 ficere
251 2765 462 2815 dupliciter.
473 2768 553 2804 Uno
571 2767 682 2806 modo
700 2769 905 2806 secundum

988 209 1090 255 ipsos
1132 209 1283 246 habitus
1321 208 1518 255 sapientise
1562 211 1600 245 et
1633 207 1768 254 gratiae

988 260 1266 301 augmentatos,
1300 260 1337 293 et
1364 257 1416 292 sie
1450 256 1617 293 Christus
1649 255 1689 292 in
1711 254 1767 292 eis

986 313 1062 338 non
1091 307 1237 348 poterat
1269 304 1473 346 proficere;
1517 303 1604 349 quia
1628 303 1676 340 ab
1708 302 1768 338 in-

986 349 1098 385 stanti
1112 350 1577 396 conceptionis,sapientia
1589 354 1626 387 et
1646 349 1769 397 gratia

986 397 1119 443 plenus
1134 397 1212 432 fuit.
1224 397 1305 432 Alio
1322 398 1447 439 inodo,
1458 398 1664 434 secundum
1679 397 1769 434 effe-

985 448 1079 488 ctus,
1096 444 1135 480 in
1163 448 1345 490 quantuni
1367 444 1508 480 scilicet
1533 445 1674 490 aliquid
1701 455 1768 481 sa-

984 491 1172 538 pientiora
1200 495 1238 527 et
1257 490 1483 527 virtuosiora
1510 503 1624 538 opera
1653 491 1762 536 facit;

983 542 1020 575 et
1049 538 1102 575 sic
1129 539 1299 575 Christus
1334 538 1554 584 proficiebat
1582 538 1792 585 sapientia>

983 589 1020 623 et
1046 586 1183 631 gratia,
1217 586 1313 622 sicut
1341 589 1378 621 et
1397 588 1522 628 aetate,
1557 587 1768 622 secundum

982 634 1081 680 quod
1097 644 1165 680 per
1179 643 1395 679 processum
1410 633 1530 668 aetatis
1547 633 1771 676 perfectiora

983 692 1100 727 opera
1130 681 1305 725 faciebat,
1338 680 1376 716 in
1414 679 1473 716 his
1503 690 1587 725 quae
1613 683 1699 715 sunt
1718 679 1768 716 ad

982 730 1100 765 Deum
1115 732 1152 764 et
1166 728 1213 764 ad
1226 727 1420 772 homines;
1444 727 1565 763 ethoc.
1588 729 1643 762 est
1665 725 1767 772 quod

981 776 1147 820 additur,
1175 776 1274 822 apud
1297 777 1414 812 Deum
1435 778 1472 810 et
1495 773 1678 809 homines.
1704 772 1770 824 Vel

982 823 1092 860 aliter
1111 823 1318 859 secundum
1333 823 1580 861 Ambrosium,
1591 820 1766 866 proficie-

982 872 1047 907 bat
1067 870 1253 917 sapientia
1275 870 1401 917 quoad
1420 867 1767 919 manifestationem

983 922 1021 954 et
1039 928 1146 954 usum
1168 919 1262 964 eJus,
1285 917 1372 964 quia
1404 927 1510 953 suam
1538 915 1767 966 sapientiam

984 969 1020 1001 et
1042 964 1202 1009 gratiam
1225 964 1407 1011 paulatim
1433 963 1553 1009 magis
1585 966 1623 998 et
1646 971 1768 1007 magis

982 1012 1246 1059 patefacIebat.
1292 1012 1372 1055 Vel,
1395 1011 1602 1048 seeundum
1630 1010 1764 1061 Greqo-

983 1063 1092 1101 riam,
1110 1059 1332 1106 proficiebat
1348 1059 1485 1102 inillis,
1509 1058 1570 1103 qui
1592 1057 1767 1093 doctrina

983 1108 1063 1153 ejus
1104 1112 1139 1143 et
1175 1108 1344 1152 exemplo
1374 1106 1637 1157 proficiebant,
1673 1103 1770 1139 sicut

982 1154 1163 1201 magister
1183 1154 1222 1190 in
1243 1153 1479 1190 scholaribus
1499 1153 1635 1188 dicitur
1655 1149 1769 1197 profi-

982 1212 1081 1245 cere,
1123 1201 1211 1248 qnia
1233 1201 1424 1238 scholares
1458 1201 1525 1235 sub
1565 1209 1609 1235 eo
1648 1197 1766 1244 prosi-

983 1249 1109 1285 ciunt:
1136 1254 1173 1286 et
1195 1250 1264 1285 hoc.
1291 1249 1388 1295 apud
1418 1249 1548 1290 Deum,
1570 1246 1608 1281 id
1628 1248 1699 1288 est,
1721 1244 1770 1281 ad

982 1296 1132 1332 laudem
1153 1296 1219 1334 Dei
1245 1295 1409 1343 ;etapud
1436 1293 1621 1338 homines,
1649 1292 1688 1329 id
1712 1293 1770 1329 est

982 1344 1029 1380 ad
1061 1344 1261 1381 utilitatem
1295 1344 1502 1380 hominu-in.
1526 1341 1606 1381 Vel.
1630 1350 1763 1376 secun·
1789 1375 1791 1378 ,

985 1392 1073 1428 dum
1097 1393 1347 1438 Theophilum,
1370 1391 1470 1437 apud
1492 1391 1609 1425 Deum
1636 1391 1671 1423 et
1693 1388 1761 1423 ho-

983 1439 1118 1483 mines,
1138 1440 1226 1486 quia
1245 1441 1350 1486 prius
1367 1439 1479 1474 debet
1500 1436 1648 1482 placere
1671 1436 1764 1487 Deo,

983 1490 1020 1523 et
1039 1491 1169 1533 postea
1185 1486 1415 1523 hominibus.
1439 1486 1483 1520 Et
1499 1484 1708 1519 licetJesus
1726 1491 1767 1535 ln

983 1545 1022 1570 se
1043 1544 1121 1570 non
1147 1534 1369 1580 proficiebat
1391 1531 1574 1584 sapientia
1589 1534 1625 1566 et
1643 1539 1769 1575 cogni-

982 1581 1086 1616 tione
1106 1581 1304 1625 habituali,
1339 1579 1427 1626 quia
1446 1581 1526 1614 haec
1542 1589 1582 1613 in
1603 1587 1648 1630 eo
1669 1586 1762 1628 aug-

982 1632 1151 1665 mentata
1182 1640 1257 1665 non
1279 1632 1378 1672 sunt,
1412 1627 1458 1663 ab
1487 1626 1643 1661 instanti
1663 1633 1766 1660 enim

982 1676 1237 1722 conceptionis
1267 1675 1538 1722 plenitudinem
1568 1673 1680 1718 hujus
1701 1672 1766 1707 ha-

981 1723 1061 1760 buit
1079 1736 1086 1768 ;
1103 1724 1325 1770 proficiebat
1348 1727 1477 1759 tamen
1497 1724 1533 1757 et
1549 1720 1588 1773 in
1613 1729 1652 1755 se
1674 1729 1766 1771 cog-

981 1771 1125 1808 nitione
1161 1771 1326 1808 sensuali
1366 1774 1402 1807 et
1444 1766 1727 1815 experimentali
1753 1794 1762 1810 ,

981 1818 1068 1864 quia
1107 1830 1240 1855 sensus
1277 1819 1356 1865 ejus
1392 1816 1683 1853 convertebatur
1716 1813 1763 1850 de

980 1877 1076 1902 novo
1101 1867 1149 1902 ad
1174 1867 1330 1913 aliquid,
1358 1865 1406 1901 ad
1432 1864 1532 1911 quod
1552 1866 1666 1899 antea
1686 1871 1763 1898 non

979 1915 1281 1950 convertebatur.
1304 1913 1423 1956 Unde,
1447 1910 1651 1948 secundum
1671 1911 1770 1955 Apo-

981 1962 1119 1998 stolum
1141 1973 1148 1996 :
1169 1963 1310 1997 Didicit
1331 1972 1375 1996 ea:
1396 1962 1452 1995 his
1473 1969 1552 2004 qaae
1564 1968 1698 2004 passus
1718 1961 1770 1995 est

979 2010 1235 2044 obedientiam.
1277 2010 1359 2044 Non
1397 2011 1525 2043 tamen
1587 2005 1634 2041 de
1672 2016 1770 2042 novo

981 2056 1121 2102 aliquid
1157 2056 1287 2091 didicit
1320 2055 1420 2101 quod
1456 2053 1560 2101 prius
1586 2052 1761 2097 nesciret,

981 2103 1069 2150 quia
1111 2103 1211 2149 quod
1253 2102 1381 2139 didicit
1405 2130 1414 2146 ,
1459 2100 1564 2148 prius
1604 2104 1763 2136 noverat

981 2150 1139 2186 scientia
1156 2150 1283 2186 divina
1302 2154 1339 2186 et
1361 2148 1556 2196 inspirata.
1577 2149 1684 2184 Unde
1709 2147 1762 2183 ait

979 2199 1189 2234 Bernarclus
1221 2211 1231 2233 .-
1263 2212 1280 2231 «
1315 2199 1360 2234 Ut
1387 2198 1434 2233 ob
1461 2195 1624 2233 alienam
1652 2194 1767 2232 mise-

980 2246 1076 2282 riam
1097 2256 1162 2282 cor
1182 2245 1363 2282 miserum
1383 2245 1540 2289 habeas,
1556 2247 1707 2291 oportet
1726 2246 1766 2295 ut

980 2298 1082 2330 tuam
1119 2293 1224 2340 prius
1255 2303 1491 2340 cognoscaS,
1525 2295 1567 2329 ut
1604 2290 1766 2338 proximi

980 2344 1145 2377 mentem
1167 2340 1204 2376 in
1226 2344 1291 2377 tua
1309 2340 1494 2386 invenias,
1517 2342 1554 2376 et
1573 2350 1616 2376 ex
1643 2342 1680 2375 te
1697 2349 1766 2375 no-

980 2390 1079 2425 veris
1112 2388 1273 2435 qualiter
1309 2389 1364 2425 illi
1395 2387 1609 2425 subvenias.
1642 2388 1763 2423 Verus

982 2436 1118 2483 quippe
1145 2436 1211 2473 Dei
1236 2436 1363 2481 Filius,
1395 2436 1614 2483 priusquam
1637 2445 1678 2470 se
1704 2443 1769 2487 ex-

980 2483 1163 2520 inanisset
1185 2484 1345 2520 formam
1364 2483 1460 2520 servi
1477 2481 1677 2529 accipiens,
1699 2491 1770 2517 sic—

981 2534 1021 2568 ut
1046 2531 1240 2568 miseriam
1261 2537 1297 2568 et
1331 2531 1602 2582 subJectionem
1639 2537 1771 2576 exper-

980 2582 1040 2616 tus
1063 2590 1138 2616 non
1174 2583 1269 2624 erat,
1291 2579 1344 2616 sic
1371 2577 1682 2620 misericordiam,
1701 2577 1760 2614 vel

981 2626 1237 2664 obedientiam
1268 2627 1522 2674 experimento
1547 2635 1623 2660 non
1649 2631 1760 2659 nove-

980 2678 1052 2711 rat.
1095 2674 1243 2711 Sciebat
1277 2675 1429 2721 quidem
1469 2683 1534 2719 per
1570 2675 1760 2720 naturam,

981 2733 1058 2758 non
1078 2726 1203 2759 autem
1227 2723 1369 2758 sciebat
1388 2731 1454 2768 per
1476 2719 1746 2766 experientiam
1763 2753 1777 2762 ,

980 2771 1027 2806 At
1042 2770 1107 2808 ubi
1128 2770 1336 2806 minoratus
1357 2773 1413 2806 est
1438 2779 1555 2815 usque
1579 2768 1627 2805 ad
1655 2767 1761 2805 illam
