<?xml version="1.0" encoding="UTF-8"?>
<!DOCTYPE html PUBLIC "-//W3C//DTD XHTML 1.0 Transitional//EN"
    "http://www.w3.org/TR/xhtml1/DTD/xhtml1-transitional.dtd">
<html xmlns="http://www.w3.org/1999/xhtml" xml:lang="en" lang="en">
 <head>
  <title>
</title>
<meta http-equiv="Content-Type" content="text/html;charset=utf-8" />
  <meta name='ocr-system' content='tesseract 3.04.00' />
  <meta name='ocr-capabilities' content='ocr_page ocr_carea ocr_par ocr_line ocrx_word'/>
</head>
<body>
  <div class='ocr_page' id='page_1' title='image "./vitajesuchristie01ludouoft_0283.png"; bbox 0 0 1876 3126; ppageno 0'>
   <div class='ocr_carea' id='block_1_1' title="bbox 568 150 1790 189">
    <p class='ocr_par' dir='ltr' id='par_1_1' title="bbox 568 150 1790 189">
     <span class='ocr_line' id='line_1_1' title="bbox 568 150 1790 189; baseline 0.002 -4"><span class='ocrx_word' id='word_1_1' title='bbox 568 152 621 185; x_wconf 82' lang='lat' dir='ltr'>DE</span> <span class='ocrx_word' id='word_1_2' title='bbox 659 151 865 184; x_wconf 71' lang='lat' dir='ltr'>SERMONE</span> <span class='ocrx_word' id='word_1_3' title='bbox 905 150 1065 186; x_wconf 71' lang='lat' dir='ltr'>DOMINI</span> <span class='ocrx_word' id='word_1_4' title='bbox 1105 153 1148 186; x_wconf 60' lang='lat' dir='ltr'>lx</span> <span class='ocrx_word' id='word_1_5' title='bbox 1187 153 1349 186; x_wconf 66' lang='lat' dir='ltr'><strong>MONTE.</strong></span> <span class='ocrx_word' id='word_1_6' title='bbox 1728 155 1790 189; x_wconf 78' lang='lat'>‘269</span> 
     </span>
    </p>
   </div>
   <div class='ocr_carea' id='block_1_2' title="bbox 133 218 922 599">
    <p class='ocr_par' dir='ltr' id='par_1_2' title="bbox 133 218 922 599">
     <span class='ocr_line' id='line_1_2' title="bbox 133 218 918 272; baseline -0.01 -11"><span class='ocrx_word' id='word_1_7' title='bbox 133 223 285 269; x_wconf 87' lang='lat' dir='ltr'>mentis,</span> <span class='ocrx_word' id='word_1_8' title='bbox 311 225 402 267; x_wconf 87' lang='lat' dir='ltr'>Deo,</span> <span class='ocrx_word' id='word_1_9' title='bbox 431 223 526 258; x_wconf 82' lang='lat' dir='ltr'>sicut</span> <span class='ocrx_word' id='word_1_10' title='bbox 557 230 713 272; x_wconf 81' lang='lat' dir='ltr'>summae</span> <span class='ocrx_word' id='word_1_11' title='bbox 738 218 918 271; x_wconf 73' lang='lat' dir='ltr'>bonitati,</span> 
     </span>
     <span class='ocr_line' id='line_1_3' title="bbox 135 265 922 318; baseline -0.008 -10"><span class='ocrx_word' id='word_1_12' title='bbox 135 273 438 317; x_wconf 77' lang='lat' dir='ltr'>conJ&#39;unguntur3</span> <span class='ocrx_word' id='word_1_13' title='bbox 461 273 498 305; x_wconf 88' lang='lat' dir='ltr'>ct</span> <span class='ocrx_word' id='word_1_14' title='bbox 518 267 569 303; x_wconf 88' lang='lat' dir='ltr'>sic</span> <span class='ocrx_word' id='word_1_15' title='bbox 585 267 675 303; x_wconf 83' lang='lat' dir='ltr'>nihil</span> <span class='ocrx_word' id='word_1_16' title='bbox 698 265 922 318; x_wconf 39' lang='lat' dir='ltr'>aliud-extra</span> 
     </span>
     <span class='ocr_line' id='line_1_4' title="bbox 136 313 919 365; baseline -0.009 -10"><span class='ocrx_word' id='word_1_17' title='bbox 136 318 259 365; x_wconf 89' lang='lat' dir='ltr'>ipsum</span> <span class='ocrx_word' id='word_1_18' title='bbox 281 320 466 364; x_wconf 67' lang='lat' dir='ltr'>quaerunt,</span> <span class='ocrx_word' id='word_1_19' title='bbox 501 314 567 350; x_wconf 90' lang='lat' dir='ltr'>sed</span> <span class='ocrx_word' id='word_1_20' title='bbox 587 314 623 349; x_wconf 91' lang='lat' dir='ltr'>in</span> <span class='ocrx_word' id='word_1_21' title='bbox 645 313 725 359; x_wconf 88' lang='lat' dir='ltr'>ipso</span> <span class='ocrx_word' id='word_1_22' title='bbox 748 318 919 359; x_wconf 82' lang='lat' dir='ltr'>quietan-</span> 
     </span>
     <span class='ocr_line' id='line_1_5' title="bbox 137 360 919 412; baseline -0.008 -10"><span class='ocrx_word' id='word_1_23' title='bbox 137 370 197 402; x_wconf 92' lang='lat' dir='ltr'>tur</span> <span class='ocrx_word' id='word_1_24' title='bbox 214 370 251 402; x_wconf 90' lang='lat' dir='ltr'>et</span> <span class='ocrx_word' id='word_1_25' title='bbox 271 365 526 412; x_wconf 68' lang='lat' dir='ltr'>parilii-antur.</span> <span class='ocrx_word' id='word_1_26' title='bbox 547 361 614 404; x_wconf 92' lang='lat' dir='ltr'>Qui</span> <span class='ocrx_word' id='word_1_27' title='bbox 637 365 671 397; x_wconf 90' lang='lat' dir='ltr'>et</span> <span class='ocrx_word' id='word_1_28' title='bbox 691 360 757 396; x_wconf 82' lang='lat' dir='ltr'>filii</span> <span class='ocrx_word' id='word_1_29' title='bbox 774 360 835 396; x_wconf 85' lang='lat' dir='ltr'>Dei</span> <span class='ocrx_word' id='word_1_30' title='bbox 855 371 919 396; x_wconf 90' lang='lat' dir='ltr'>vo-</span> 
     </span>
     <span class='ocr_line' id='line_1_6' title="bbox 133 407 919 455; baseline -0.008 -6"><span class='ocrx_word' id='word_1_31' title='bbox 133 413 208 449; x_wconf 84' lang='lat' dir='ltr'>cari</span> <span class='ocrx_word' id='word_1_32' title='bbox 232 415 436 452; x_wconf 86' lang='lat' dir='ltr'>merentur,</span> <span class='ocrx_word' id='word_1_33' title='bbox 465 408 553 455; x_wconf 82' lang='lat' dir='ltr'>quia</span> <span class='ocrx_word' id='word_1_34' title='bbox 584 407 715 444; x_wconf 82' lang='lat' dir='ltr'>filiatio</span> <span class='ocrx_word' id='word_1_35' title='bbox 751 407 815 444; x_wconf 91' lang='lat' dir='ltr'>Dei</span> <span class='ocrx_word' id='word_1_36' title='bbox 851 407 919 444; x_wconf 91' lang='lat' dir='ltr'>im-</span> 
     </span>
     <span class='ocr_line' id='line_1_7' title="bbox 134 456 920 507; baseline -0.006 -11"><span class='ocrx_word' id='word_1_37' title='bbox 134 464 258 507; x_wconf 87' lang='lat' dir='ltr'>portat</span> <span class='ocrx_word' id='word_1_38' title='bbox 278 456 588 495; x_wconf 79' lang='lat' dir='ltr'>assimilationem</span> <span class='ocrx_word' id='word_1_39' title='bbox 609 456 653 491; x_wconf 87' lang='lat' dir='ltr'>ad</span> <span class='ocrx_word' id='word_1_40' title='bbox 670 456 787 491; x_wconf 89' lang='lat' dir='ltr'>Deum</span> <span class='ocrx_word' id='word_1_41' title='bbox 804 467 812 499; x_wconf 92' lang='lat'>;</span> <span class='ocrx_word' id='word_1_42' title='bbox 832 466 920 501; x_wconf 87' lang='lat' dir='ltr'>pro-</span> 
     </span>
     <span class='ocr_line' id='line_1_8' title="bbox 159 502 918 550; baseline -0.003 -8"><span class='ocrx_word' id='word_1_43' title='bbox 159 507 255 543; x_wconf 90' lang='lat' dir='ltr'>rium</span> <span class='ocrx_word' id='word_1_44' title='bbox 295 510 419 541; x_wconf 87' lang='lat' dir='ltr'>autem</span> <span class='ocrx_word' id='word_1_45' title='bbox 457 507 514 540; x_wconf 90' lang='lat' dir='ltr'>est</span> <span class='ocrx_word' id='word_1_46' title='bbox 535 503 650 550; x_wconf 85' lang='lat' dir='ltr'>ipsius</span> <span class='ocrx_word' id='word_1_47' title='bbox 692 502 756 539; x_wconf 90' lang='lat' dir='ltr'>Dei</span> <span class='ocrx_word' id='word_1_48' title='bbox 796 503 918 549; x_wconf 87' lang='lat' dir='ltr'>seipso</span> 
     </span>
     <span class='ocr_line' id='line_1_9' title="bbox 145 550 917 599; baseline -0.004 -10"><span class='ocrx_word' id='word_1_49' title='bbox 145 553 216 599; x_wconf 90' lang='lat' dir='ltr'>rui,</span> <span class='ocrx_word' id='word_1_50' title='bbox 249 556 286 588; x_wconf 90' lang='lat' dir='ltr'>et</span> <span class='ocrx_word' id='word_1_51' title='bbox 322 552 358 587; x_wconf 91' lang='lat' dir='ltr'>in</span> <span class='ocrx_word' id='word_1_52' title='bbox 395 551 518 597; x_wconf 83' lang='lat' dir='ltr'>seipso</span> <span class='ocrx_word' id='word_1_53' title='bbox 553 550 728 597; x_wconf 83' lang='lat' dir='ltr'>quietari.</span> <span class='ocrx_word' id='word_1_54' title='bbox 768 551 917 587; x_wconf 79' lang='lat' dir='ltr'>Pacifici</span> 
     </span>
    </p>
   </div>
   <div class='ocr_carea' id='block_1_3' title="bbox 128 598 964 646">
    <p class='ocr_par' dir='ltr' id='par_1_3' title="bbox 128 598 964 646">
     <span class='ocr_line' id='line_1_10' title="bbox 128 598 964 646; baseline -0.002 -10"><span class='ocrx_word' id='word_1_55' title='bbox 128 610 218 646; x_wconf 85' lang='lat' dir='ltr'>ergo</span> <span class='ocrx_word' id='word_1_56' title='bbox 257 610 339 636; x_wconf 81' lang='lat' dir='ltr'>esse</span> <span class='ocrx_word' id='word_1_57' title='bbox 377 600 572 642; x_wconf 79' lang='lat' dir='ltr'>debemus,</span> <span class='ocrx_word' id='word_1_58' title='bbox 613 602 651 634; x_wconf 89' lang='lat' dir='ltr'>ut</span> <span class='ocrx_word' id='word_1_59' title='bbox 681 609 768 634; x_wconf 91' lang='lat' dir='ltr'>vere</span> <span class='ocrx_word' id='word_1_60' title='bbox 796 598 918 644; x_wconf 89' lang='lat' dir='ltr'>ipsum</span> <span class='ocrx_word' id='word_1_61' title='bbox 962 642 964 646; x_wconf 33' lang='grc' dir='ltr'>Ι</span> 
     </span>
    </p>
   </div>
   <div class='ocr_carea' id='block_1_4' title="bbox 126 646 917 883">
    <p class='ocr_par' dir='ltr' id='par_1_4' title="bbox 126 646 917 883">
     <span class='ocr_line' id='line_1_11' title="bbox 128 646 914 692; baseline -0.003 -8"><span class='ocrx_word' id='word_1_62' title='bbox 128 648 245 684; x_wconf 90' lang='lat' dir='ltr'>Deum</span> <span class='ocrx_word' id='word_1_63' title='bbox 267 646 370 692; x_wconf 77' lang='lat' dir='ltr'>pacis</span> <span class='ocrx_word' id='word_1_64' title='bbox 399 646 435 682; x_wconf 91' lang='lat' dir='ltr'>in</span> <span class='ocrx_word' id='word_1_65' title='bbox 465 646 572 681; x_wconf 78' lang='lat' dir='ltr'>nobis</span> <span class='ocrx_word' id='word_1_66' title='bbox 606 646 745 681; x_wconf 85' lang='lat' dir='ltr'>habere</span> <span class='ocrx_word' id='word_1_67' title='bbox 769 656 914 682; x_wconf 84' lang='lat' dir='ltr'>merea-</span> 
     </span>
     <span class='ocr_line' id='line_1_12' title="bbox 126 694 917 740; baseline -0.003 -10"><span class='ocrx_word' id='word_1_68' title='bbox 126 704 225 738; x_wconf 87' lang='lat' dir='ltr'>mur,</span> <span class='ocrx_word' id='word_1_69' title='bbox 254 695 300 730; x_wconf 91' lang='lat' dir='ltr'>de</span> <span class='ocrx_word' id='word_1_70' title='bbox 339 705 412 740; x_wconf 84' lang='lat' dir='ltr'>quo</span> <span class='ocrx_word' id='word_1_71' title='bbox 456 694 635 740; x_wconf 86' lang='lat' dir='ltr'>scriptum</span> <span class='ocrx_word' id='word_1_72' title='bbox 673 697 756 729; x_wconf 88' lang='lat' dir='ltr'>est:</span> <span class='ocrx_word' id='word_1_73' title='bbox 786 695 917 729; x_wconf 72' lang='lat' dir='ltr'>Factus</span> 
     </span>
     <span class='ocr_line' id='line_1_13' title="bbox 130 740 915 788; baseline -0.004 -10"><span class='ocrx_word' id='word_1_74' title='bbox 130 745 183 778; x_wconf 80' lang='lat' dir='ltr'>est</span> <span class='ocrx_word' id='word_1_75' title='bbox 203 743 241 777; x_wconf 84' lang='lat' dir='ltr'>in</span> <span class='ocrx_word' id='word_1_76' title='bbox 257 753 349 788; x_wconf 76' lang='lat' dir='ltr'>par-e</span> <span class='ocrx_word' id='word_1_77' title='bbox 370 743 467 776; x_wconf 72' lang='lat' dir='ltr'>locus</span> <span class='ocrx_word' id='word_1_78' title='bbox 486 742 577 785; x_wconf 78' lang='lat' dir='ltr'>ejus.</span> <span class='ocrx_word' id='word_1_79' title='bbox 603 754 619 773; x_wconf 89' lang='lat'>»</span> <span class='ocrx_word' id='word_1_80' title='bbox 643 740 710 776; x_wconf 87' lang='lat' dir='ltr'>Ubi</span> <span class='ocrx_word' id='word_1_81' title='bbox 733 742 915 785; x_wconf 59' lang='lat' dir='ltr'>Augusti-</span> 
     </span>
     <span class='ocr_line' id='line_1_14' title="bbox 130 788 913 834; baseline 0 -10"><span class='ocrx_word' id='word_1_82' title='bbox 130 799 198 825; x_wconf 82' lang='lat' dir='ltr'>nus</span> <span class='ocrx_word' id='word_1_83' title='bbox 227 802 237 824; x_wconf 93' lang='lat'>.·</span> <span class='ocrx_word' id='word_1_84' title='bbox 275 804 289 821; x_wconf 74' lang='lat' dir='ltr'>u</span> <span class='ocrx_word' id='word_1_85' title='bbox 317 788 464 824; x_wconf 75' lang='lat' dir='ltr'>Paciliri</span> <span class='ocrx_word' id='word_1_86' title='bbox 503 788 538 823; x_wconf 92' lang='lat' dir='ltr'>in</span> <span class='ocrx_word' id='word_1_87' title='bbox 572 788 784 834; x_wconf 74' lang='lat' dir='ltr'>semetipsis</span> <span class='ocrx_word' id='word_1_88' title='bbox 813 792 913 833; x_wconf 89' lang='lat' dir='ltr'>sunt,</span> 
     </span>
     <span class='ocr_line' id='line_1_15' title="bbox 126 835 914 883; baseline -0.001 -11"><span class='ocrx_word' id='word_1_89' title='bbox 126 835 189 883; x_wconf 90' lang='lat' dir='ltr'>qui</span> <span class='ocrx_word' id='word_1_90' title='bbox 211 846 340 872; x_wconf 52' lang='lat' dir='ltr'>omnes=</span> <span class='ocrx_word' id='word_1_91' title='bbox 362 835 476 872; x_wconf 88' lang='lat' dir='ltr'>animi</span> <span class='ocrx_word' id='word_1_92' title='bbox 499 835 555 871; x_wconf 86' lang='lat' dir='ltr'>sni</span> <span class='ocrx_word' id='word_1_93' title='bbox 582 840 703 871; x_wconf 88' lang='lat' dir='ltr'>motus</span> <span class='ocrx_word' id='word_1_94' title='bbox 726 846 914 881; x_wconf 81' lang='lat' dir='ltr'>exponen-</span> 
     </span>
    </p>
   </div>
   <div class='ocr_carea' id='block_1_5' title="bbox 121 882 1787 1309">
    <p class='ocr_par' dir='ltr' id='par_1_5' title="bbox 121 882 1787 1309">
     <span class='ocr_line' id='line_1_16' title="bbox 124 882 961 929; baseline -0.002 -9"><span class='ocrx_word' id='word_1_95' title='bbox 124 886 182 920; x_wconf 83' lang='lat' dir='ltr'>tes</span> <span class='ocrx_word' id='word_1_96' title='bbox 196 887 232 920; x_wconf 87' lang='lat' dir='ltr'>et</span> <span class='ocrx_word' id='word_1_97' title='bbox 250 883 492 929; x_wconf 53' lang='lat' dir='ltr'>subjicientes</span> <span class='ocrx_word' id='word_1_98' title='bbox 508 882 659 927; x_wconf 84' lang='lat' dir='ltr'>rationi,</span> <span class='ocrx_word' id='word_1_99' title='bbox 674 882 710 918; x_wconf 92' lang='lat' dir='ltr'>id</span> <span class='ocrx_word' id='word_1_100' title='bbox 726 887 782 919; x_wconf 86' lang='lat' dir='ltr'>est</span> <span class='ocrx_word' id='word_1_101' title='bbox 798 884 914 919; x_wconf 88' lang='lat' dir='ltr'>menti</span> <span class='ocrx_word' id='word_1_102' title='bbox 958 887 961 929; x_wconf 71' lang='lat' dir='ltr'><strong>j</strong></span> 
     </span>
     <span class='ocr_line' id='line_1_17' title="bbox 958 931 1786 978; baseline 0.005 -13"><span class='ocrx_word' id='word_1_103' title='bbox 958 939 960 956; x_wconf 60' lang='grc' dir='ltr'><strong><em>ὲ</em></strong></span> <span class='ocrx_word' id='word_1_104' title='bbox 997 934 1152 975; x_wconf 79' lang='lat' dir='ltr'>peccata</span> <span class='ocrx_word' id='word_1_105' title='bbox 1184 941 1264 974; x_wconf 90' lang='lat' dir='ltr'>sua,</span> <span class='ocrx_word' id='word_1_106' title='bbox 1303 931 1369 967; x_wconf 87' lang='lat' dir='ltr'>sed</span> <span class='ocrx_word' id='word_1_107' title='bbox 1403 936 1556 978; x_wconf 86' lang='lat' dir='ltr'>propter</span> <span class='ocrx_word' id='word_1_108' title='bbox 1585 933 1786 978; x_wconf 81' lang='lat' dir='ltr'>justitiam,</span> 
     </span>
     <span class='ocr_line' id='line_1_18' title="bbox 958 977 1787 1024; baseline 0.005 -12"><span class='ocrx_word' id='word_1_109' title='bbox 958 981 959 1022; x_wconf 63' lang='grc' dir='ltr'>ξ</span> <span class='ocrx_word' id='word_1_110' title='bbox 997 977 1137 1013; x_wconf 85' lang='lat' dir='ltr'>seilicet</span> <span class='ocrx_word' id='word_1_111' title='bbox 1159 978 1331 1023; x_wconf 78' lang='lat' dir='ltr'>legalem,</span> <span class='ocrx_word' id='word_1_112' title='bbox 1355 989 1439 1024; x_wconf 76' lang='lat' dir='ltr'>quae</span> <span class='ocrx_word' id='word_1_113' title='bbox 1457 978 1614 1016; x_wconf 89' lang='lat' dir='ltr'>includit</span> <span class='ocrx_word' id='word_1_114' title='bbox 1636 991 1787 1017; x_wconf 89' lang='lat' dir='ltr'>omnem</span> 
     </span>
     <span class='ocr_line' id='line_1_19' title="bbox 957 1024 1787 1071; baseline 0.007 -13"><span class='ocrx_word' id='word_1_115' title='bbox 957 1032 959 1064; x_wconf 67' lang='lat' dir='ltr'><strong>j</strong></span> <span class='ocrx_word' id='word_1_116' title='bbox 996 1024 1186 1068; x_wconf 70' lang='lat' dir='ltr'>virtutem,</span> <span class='ocrx_word' id='word_1_117' title='bbox 1206 1026 1324 1068; x_wconf 78' lang='lat' dir='ltr'>idest,</span> <span class='ocrx_word' id='word_1_118' title='bbox 1347 1026 1553 1062; x_wconf 88' lang='lat' dir='ltr'>secundum</span> <span class='ocrx_word' id='word_1_119' title='bbox 1578 1028 1787 1071; x_wconf 65' lang='lat' dir='ltr'>Clu-yssosto-</span> 
     </span>
     <span class='ocr_line' id='line_1_20' title="bbox 958 1073 1786 1120; baseline 0.006 -14"><span class='ocrx_word' id='word_1_120' title='bbox 958 1081 959 1100; x_wconf 66' lang='lat'>1</span> <span class='ocrx_word' id='word_1_121' title='bbox 996 1084 1107 1115; x_wconf 75' lang='lat' dir='ltr'>mum,</span> <span class='ocrx_word' id='word_1_122' title='bbox 1147 1084 1212 1118; x_wconf 89' lang='lat' dir='ltr'>pro</span> <span class='ocrx_word' id='word_1_123' title='bbox 1243 1073 1399 1109; x_wconf 72' lang='lat' dir='ltr'>veritate</span> <span class='ocrx_word' id='word_1_124' title='bbox 1427 1078 1539 1119; x_wconf 79' lang='lat' dir='ltr'>atque</span> <span class='ocrx_word' id='word_1_125' title='bbox 1568 1074 1720 1120; x_wconf 86' lang='lat' dir='ltr'>pietate,</span> <span class='ocrx_word' id='word_1_126' title='bbox 1749 1080 1786 1111; x_wconf 85' lang='lat' dir='ltr'>et</span> 
     </span>
     <span class='ocr_line' id='line_1_21' title="bbox 957 1119 1555 1165; baseline 0.005 -12"><span class='ocrx_word' id='word_1_127' title='bbox 957 1129 959 1136; x_wconf 64' lang='lat'><strong><em>⁴</em></strong></span> <span class='ocrx_word' id='word_1_128' title='bbox 996 1130 1063 1165; x_wconf 90' lang='lat' dir='ltr'>pro</span> <span class='ocrx_word' id='word_1_129' title='bbox 1101 1119 1261 1155; x_wconf 81' lang='lat' dir='ltr'>aliorum</span> <span class='ocrx_word' id='word_1_130' title='bbox 1308 1120 1555 1156; x_wconf 86' lang='lat' dir='ltr'>defensione:</span> 
     </span>
     <span class='ocr_line' id='line_1_22' title="bbox 121 1167 958 1214; baseline -0.001 -11"><span class='ocrx_word' id='word_1_131' title='bbox 121 1167 603 1214; x_wconf 77' lang='lat' dir='ltr'>reluctantibtis,quaesu11t</span> <span class='ocrx_word' id='word_1_132' title='bbox 625 1167 732 1203; x_wconf 89' lang='lat' dir='ltr'>nobis</span> <span class='ocrx_word' id='word_1_133' title='bbox 754 1167 907 1203; x_wconf 86' lang='lat' dir='ltr'>bestiis-</span> <span class='ocrx_word' id='word_1_134' title='bbox 956 1182 958 1206; x_wconf 63' lang='grc' dir='ltr'><strong><em>ε</em></strong></span> 
     </span>
     <span class='ocr_line' id='line_1_23' title="bbox 123 1215 957 1262; baseline 0 -11"><span class='ocrx_word' id='word_1_135' title='bbox 123 1225 195 1262; x_wconf 88' lang='lat' dir='ltr'>que</span> <span class='ocrx_word' id='word_1_136' title='bbox 235 1215 462 1258; x_wconf 88' lang='lat' dir='ltr'>communia,</span> <span class='ocrx_word' id='word_1_137' title='bbox 485 1220 596 1260; x_wconf 78' lang='lat' dir='ltr'>atque</span> <span class='ocrx_word' id='word_1_138' title='bbox 631 1215 794 1261; x_wconf 89' lang='lat' dir='ltr'>idipsum</span> <span class='ocrx_word' id='word_1_139' title='bbox 812 1215 912 1260; x_wconf 80' lang='lat' dir='ltr'>quod</span> <span class='ocrx_word' id='word_1_140' title='bbox 956 1242 957 1251; x_wconf 39' lang='lat' dir='ltr'>i</span> 
     </span>
     <span class='ocr_line' id='line_1_24' title="bbox 955 1261 1787 1309; baseline 0.006 -13"><span class='ocrx_word' id='word_1_141' title='bbox 955 1279 957 1300; x_wconf 48' lang='lat' dir='ltr'>i</span> <span class='ocrx_word' id='word_1_142' title='bbox 995 1261 1163 1297; x_wconf 71' lang='lat' dir='ltr'>titii-andi</span> <span class='ocrx_word' id='word_1_143' title='bbox 1198 1262 1235 1298; x_wconf 93' lang='lat' dir='ltr'>in</span> <span class='ocrx_word' id='word_1_144' title='bbox 1267 1274 1326 1298; x_wconf 86' lang='lat' dir='ltr'>re:</span> <span class='ocrx_word' id='word_1_145' title='bbox 1346 1263 1523 1308; x_wconf 82' lang='lat' dir='ltr'>quoniam</span> <span class='ocrx_word' id='word_1_146' title='bbox 1544 1264 1710 1309; x_wconf 89' lang='lat' dir='ltr'>ipsorum</span> <span class='ocrx_word' id='word_1_147' title='bbox 1730 1267 1787 1301; x_wconf 87' lang='lat' dir='ltr'>est</span> 
     </span>
    </p>
   </div>
   <div class='ocr_carea' id='block_1_6' title="bbox 122 930 913 1166">
    <p class='ocr_par' dir='ltr' id='par_1_6' title="bbox 122 930 913 1166">
     <span class='ocr_line' id='line_1_25' title="bbox 125 930 913 977; baseline -0.001 -10"><span class='ocrx_word' id='word_1_148' title='bbox 125 934 160 968; x_wconf 92' lang='lat' dir='ltr'>et</span> <span class='ocrx_word' id='word_1_149' title='bbox 185 930 347 977; x_wconf 77' lang='lat' dir='ltr'>spiritui,</span> <span class='ocrx_word' id='word_1_150' title='bbox 375 931 621 976; x_wconf 73' lang='lat' dir='ltr'>carnalesque</span> <span class='ocrx_word' id='word_1_151' title='bbox 643 930 913 976; x_wconf 78' lang='lat' dir='ltr'>concupiscen-</span> 
     </span>
     <span class='ocr_line' id='line_1_26' title="bbox 122 978 913 1023; baseline 0 -9"><span class='ocrx_word' id='word_1_152' title='bbox 122 978 193 1014; x_wconf 83' lang='lat' dir='ltr'>tias</span> <span class='ocrx_word' id='word_1_153' title='bbox 214 979 396 1015; x_wconf 80' lang='lat' dir='ltr'>liabentes</span> <span class='ocrx_word' id='word_1_154' title='bbox 418 978 617 1021; x_wconf 85' lang='lat' dir='ltr'>edomitas,</span> <span class='ocrx_word' id='word_1_155' title='bbox 638 978 733 1013; x_wconf 84' lang='lat' dir='ltr'>finnt</span> <span class='ocrx_word' id='word_1_156' title='bbox 756 988 913 1023; x_wconf 79' lang='lat' dir='ltr'>regnum</span> 
     </span>
     <span class='ocr_line' id='line_1_27' title="bbox 122 1025 911 1072; baseline -0.001 -10"><span class='ocrx_word' id='word_1_157' title='bbox 122 1026 213 1069; x_wconf 91' lang='lat' dir='ltr'>Dei;</span> <span class='ocrx_word' id='word_1_158' title='bbox 235 1026 273 1061; x_wconf 94' lang='lat' dir='ltr'>in</span> <span class='ocrx_word' id='word_1_159' title='bbox 293 1037 365 1072; x_wconf 74' lang='lat' dir='ltr'>quo</span> <span class='ocrx_word' id='word_1_160' title='bbox 391 1026 442 1061; x_wconf 85' lang='lat' dir='ltr'>ita</span> <span class='ocrx_word' id='word_1_161' title='bbox 468 1025 643 1061; x_wconf 86' lang='lat' dir='ltr'>ordinata</span> <span class='ocrx_word' id='word_1_162' title='bbox 665 1027 750 1061; x_wconf 86' lang='lat' dir='ltr'>sunt</span> <span class='ocrx_word' id='word_1_163' title='bbox 771 1025 911 1070; x_wconf 87' lang='lat' dir='ltr'>onmia,</span> 
     </span>
     <span class='ocr_line' id='line_1_28' title="bbox 122 1072 911 1119; baseline 0 -11"><span class='ocrx_word' id='word_1_164' title='bbox 122 1077 161 1109; x_wconf 91' lang='lat' dir='ltr'>ut</span> <span class='ocrx_word' id='word_1_165' title='bbox 181 1073 219 1109; x_wconf 93' lang='lat' dir='ltr'>id</span> <span class='ocrx_word' id='word_1_166' title='bbox 245 1073 345 1119; x_wconf 80' lang='lat' dir='ltr'>quod</span> <span class='ocrx_word' id='word_1_167' title='bbox 363 1078 419 1109; x_wconf 90' lang='lat' dir='ltr'>est</span> <span class='ocrx_word' id='word_1_168' title='bbox 442 1073 479 1108; x_wconf 92' lang='lat' dir='ltr'>in</span> <span class='ocrx_word' id='word_1_169' title='bbox 505 1072 657 1108; x_wconf 81' lang='lat' dir='ltr'>homine</span> <span class='ocrx_word' id='word_1_170' title='bbox 678 1073 911 1118; x_wconf 58' lang='lat' dir='ltr'>praecipuum</span> 
     </span>
     <span class='ocr_line' id='line_1_29' title="bbox 124 1119 911 1166; baseline -0.001 -9"><span class='ocrx_word' id='word_1_171' title='bbox 124 1124 160 1157; x_wconf 90' lang='lat' dir='ltr'>et</span> <span class='ocrx_word' id='word_1_172' title='bbox 179 1121 379 1164; x_wconf 82' lang='lat' dir='ltr'>excellens,</span> <span class='ocrx_word' id='word_1_173' title='bbox 404 1122 473 1156; x_wconf 78' lang='lat' dir='ltr'>lioc</span> <span class='ocrx_word' id='word_1_174' title='bbox 488 1120 661 1166; x_wconf 82' lang='lat' dir='ltr'>imperet,</span> <span class='ocrx_word' id='word_1_175' title='bbox 681 1119 815 1155; x_wconf 90' lang='lat' dir='ltr'>ceteris</span> <span class='ocrx_word' id='word_1_176' title='bbox 836 1131 911 1156; x_wconf 90' lang='lat' dir='ltr'>non</span> 
     </span>
    </p>
   </div>
   <div class='ocr_carea' id='block_1_7' title="bbox 125 1262 910 1306">
    <p class='ocr_par' dir='ltr' id='par_1_7' title="bbox 125 1262 910 1306">
     <span class='ocr_line' id='line_1_30' title="bbox 125 1262 910 1306; baseline -0.001 -7"><span class='ocrx_word' id='word_1_177' title='bbox 125 1262 270 1299; x_wconf 85' lang='lat' dir='ltr'>excellit</span> <span class='ocrx_word' id='word_1_178' title='bbox 290 1265 326 1298; x_wconf 82' lang='lat' dir='ltr'>in</span> <span class='ocrx_word' id='word_1_179' title='bbox 348 1263 511 1306; x_wconf 78' lang='lat' dir='ltr'>nomine,</span> <span class='ocrx_word' id='word_1_180' title='bbox 534 1263 571 1298; x_wconf 88' lang='lat' dir='ltr'>id</span> <span class='ocrx_word' id='word_1_181' title='bbox 587 1267 643 1298; x_wconf 89' lang='lat' dir='ltr'>est</span> <span class='ocrx_word' id='word_1_182' title='bbox 663 1273 769 1298; x_wconf 89' lang='lat' dir='ltr'>mens</span> <span class='ocrx_word' id='word_1_183' title='bbox 793 1266 829 1298; x_wconf 88' lang='lat' dir='ltr'>et</span> <span class='ocrx_word' id='word_1_184' title='bbox 852 1273 910 1298; x_wconf 90' lang='lat' dir='ltr'>ra-</span> 
     </span>
    </p>
   </div>
   <div class='ocr_carea' id='block_1_8' title="bbox 122 1309 1784 1406">
    <p class='ocr_par' dir='ltr' id='par_1_8' title="bbox 122 1307 1784 1406">
     <span class='ocr_line' id='line_1_31' title="bbox 122 1309 911 1356; baseline 0 -10"><span class='ocrx_word' id='word_1_185' title='bbox 122 1310 189 1354; x_wconf 93' lang='lat' dir='ltr'>tio,</span> <span class='ocrx_word' id='word_1_186' title='bbox 213 1310 433 1356; x_wconf 69' lang='lat' dir='ltr'>subjiciatur</span> <span class='ocrx_word' id='word_1_187' title='bbox 455 1309 604 1354; x_wconf 83' lang='lat' dir='ltr'>potiori,</span> <span class='ocrx_word' id='word_1_188' title='bbox 628 1310 728 1355; x_wconf 78' lang='lat' dir='ltr'>qnod</span> <span class='ocrx_word' id='word_1_189' title='bbox 749 1313 805 1346; x_wconf 89' lang='lat' dir='ltr'>est</span> <span class='ocrx_word' id='word_1_190' title='bbox 831 1310 911 1355; x_wconf 90' lang='lat' dir='ltr'>ipsa</span> 
     </span>
     <span class='ocr_line' id='line_1_32' title="bbox 956 1357 1784 1406; baseline 0.006 -15"><span class='ocrx_word' id='word_1_191' title='bbox 956 1379 957 1382; x_wconf 58' lang='lat'><em>=</em></span> <span class='ocrx_word' id='word_1_192' title='bbox 993 1361 1030 1391; x_wconf 89' lang='lat' dir='ltr'>et</span> <span class='ocrx_word' id='word_1_193' title='bbox 1051 1357 1175 1402; x_wconf 80' lang='lat' dir='ltr'>quoad</span> <span class='ocrx_word' id='word_1_194' title='bbox 1193 1358 1386 1393; x_wconf 85' lang='lat' dir='ltr'>aureolam</span> <span class='ocrx_word' id='word_1_195' title='bbox 1420 1359 1491 1394; x_wconf 83' lang='lat' dir='ltr'>Sed</span> <span class='ocrx_word' id='word_1_196' title='bbox 1511 1359 1692 1404; x_wconf 75' lang='lat' dir='ltr'>numquid</span> <span class='ocrx_word' id='word_1_197' title='bbox 1717 1371 1784 1406; x_wconf 86' lang='lat' dir='ltr'>pro</span> 
     </span>
    </p>
   </div>
   <div class='ocr_carea' id='block_1_9' title="bbox 121 1357 911 1591">
    <p class='ocr_par' dir='ltr' id='par_1_9' title="bbox 121 1357 911 1591">
     <span class='ocr_line' id='line_1_33' title="bbox 124 1357 910 1403; baseline 0 -10"><span class='ocrx_word' id='word_1_198' title='bbox 124 1357 271 1393; x_wconf 87' lang='lat' dir='ltr'>Veritas</span> <span class='ocrx_word' id='word_1_199' title='bbox 297 1357 516 1400; x_wconf 67' lang='lat' dir='ltr'>Unigenitus</span> <span class='ocrx_word' id='word_1_200' title='bbox 540 1357 653 1393; x_wconf 87' lang='lat' dir='ltr'>Filius</span> <span class='ocrx_word' id='word_1_201' title='bbox 677 1357 753 1393; x_wconf 86' lang='lat' dir='ltr'>Dei.</span> <span class='ocrx_word' id='word_1_202' title='bbox 783 1358 910 1403; x_wconf 78' lang='lat' dir='ltr'>Neque</span> 
     </span>
     <span class='ocr_line' id='line_1_34' title="bbox 122 1404 908 1451; baseline 0 -11"><span class='ocrx_word' id='word_1_203' title='bbox 122 1404 222 1441; x_wconf 88' lang='lat' dir='ltr'>enim</span> <span class='ocrx_word' id='word_1_204' title='bbox 262 1405 449 1451; x_wconf 81' lang='lat' dir='ltr'>imperare</span> <span class='ocrx_word' id='word_1_205' title='bbox 486 1405 732 1440; x_wconf 86' lang='lat' dir='ltr'>inferioribus</span> <span class='ocrx_word' id='word_1_206' title='bbox 772 1408 908 1450; x_wconf 86' lang='lat' dir='ltr'>potest,</span> 
     </span>
     <span class='ocr_line' id='line_1_35' title="bbox 123 1452 911 1498; baseline -0.001 -10"><span class='ocrx_word' id='word_1_207' title='bbox 123 1452 194 1488; x_wconf 89' lang='lat' dir='ltr'>nisi</span> <span class='ocrx_word' id='word_1_208' title='bbox 215 1452 397 1498; x_wconf 75' lang='lat' dir='ltr'>superiori</span> <span class='ocrx_word' id='word_1_209' title='bbox 421 1463 457 1488; x_wconf 79' lang='lat' dir='ltr'>se</span> <span class='ocrx_word' id='word_1_210' title='bbox 480 1452 665 1497; x_wconf 86' lang='lat' dir='ltr'>subjiciat.</span> <span class='ocrx_word' id='word_1_211' title='bbox 691 1453 733 1487; x_wconf 84' lang='lat' dir='ltr'>Et</span> <span class='ocrx_word' id='word_1_212' title='bbox 753 1452 833 1487; x_wconf 62' lang='lat' dir='ltr'>haec.</span> <span class='ocrx_word' id='word_1_213' title='bbox 855 1457 911 1488; x_wconf 90' lang='lat' dir='ltr'>est</span> 
     </span>
     <span class='ocr_line' id='line_1_36' title="bbox 121 1499 910 1546; baseline 0 -11"><span class='ocrx_word' id='word_1_214' title='bbox 121 1510 205 1546; x_wconf 80' lang='lat' dir='ltr'>pax,</span> <span class='ocrx_word' id='word_1_215' title='bbox 229 1510 312 1546; x_wconf 63' lang='lat' dir='ltr'>quie</span> <span class='ocrx_word' id='word_1_216' title='bbox 347 1500 458 1535; x_wconf 86' lang='lat' dir='ltr'>datur</span> <span class='ocrx_word' id='word_1_217' title='bbox 493 1500 531 1535; x_wconf 92' lang='lat' dir='ltr'>in</span> <span class='ocrx_word' id='word_1_218' title='bbox 555 1504 656 1536; x_wconf 89' lang='lat' dir='ltr'>terra</span> <span class='ocrx_word' id='word_1_219' title='bbox 690 1499 910 1535; x_wconf 89' lang='lat' dir='ltr'>hominibus</span> 
     </span>
     <span class='ocr_line' id='line_1_37' title="bbox 123 1547 908 1591; baseline -0.003 -8"><span class='ocrx_word' id='word_1_220' title='bbox 123 1548 233 1583; x_wconf 85' lang='lat' dir='ltr'>bonae</span> <span class='ocrx_word' id='word_1_221' title='bbox 268 1547 486 1591; x_wconf 81' lang='lat' dir='ltr'>voluntatis,</span> <span class='ocrx_word' id='word_1_222' title='bbox 512 1548 592 1583; x_wconf 82' lang='lat' dir='ltr'>haee</span> <span class='ocrx_word' id='word_1_223' title='bbox 624 1550 681 1583; x_wconf 92' lang='lat' dir='ltr'>est</span> <span class='ocrx_word' id='word_1_224' title='bbox 712 1547 788 1582; x_wconf 87' lang='lat' dir='ltr'>vita</span> <span class='ocrx_word' id='word_1_225' title='bbox 817 1557 908 1582; x_wconf 88' lang='lat' dir='ltr'>con-</span> 
     </span>
    </p>
   </div>
   <div class='ocr_carea' id='block_1_10' title="bbox 121 1593 1783 1688">
    <p class='ocr_par' dir='ltr' id='par_1_10' title="bbox 121 1593 1783 1688">
     <span class='ocr_line' id='line_1_38' title="bbox 121 1593 955 1640; baseline -0.001 -10"><span class='ocrx_word' id='word_1_226' title='bbox 121 1596 295 1630; x_wconf 83' lang='lat' dir='ltr'>summati</span> <span class='ocrx_word' id='word_1_227' title='bbox 320 1594 548 1640; x_wconf 74' lang='lat' dir='ltr'>perfectique</span> <span class='ocrx_word' id='word_1_228' title='bbox 568 1593 748 1640; x_wconf 89' lang='lat' dir='ltr'>sapientis</span> <span class='ocrx_word' id='word_1_229' title='bbox 765 1606 772 1630; x_wconf 90' lang='lat'>:</span> <span class='ocrx_word' id='word_1_230' title='bbox 792 1608 810 1627; x_wconf 85' lang='lat'>»</span> <span class='ocrx_word' id='word_1_231' title='bbox 830 1594 910 1629; x_wconf 67' lang='lat' dir='ltr'>hier,</span> <span class='ocrx_word' id='word_1_232' title='bbox 954 1624 955 1634; x_wconf 65' lang='grc'>,</span> 
     </span>
     <span class='ocr_line' id='line_1_39' title="bbox 954 1641 1783 1688; baseline 0.005 -13"><span class='ocrx_word' id='word_1_233' title='bbox 954 1671 955 1674; x_wconf 72' lang='grc'>,</span> <span class='ocrx_word' id='word_1_234' title='bbox 993 1652 1108 1686; x_wconf 88' lang='lat' dir='ltr'>quam</span> <span class='ocrx_word' id='word_1_235' title='bbox 1144 1641 1304 1686; x_wconf 88' lang='lat' dir='ltr'>justitia.</span> <span class='ocrx_word' id='word_1_236' title='bbox 1346 1642 1567 1687; x_wconf 85' lang='lat' dir='ltr'>Hujusmodi</span> <span class='ocrx_word' id='word_1_237' title='bbox 1607 1644 1783 1688; x_wconf 67' lang='lat' dir='ltr'>qtizestio-</span> 
     </span>
    </p>
   </div>
   <div class='ocr_carea' id='block_1_11' title="bbox 117 1641 907 1783">
    <p class='ocr_par' dir='ltr' id='par_1_11' title="bbox 117 1641 907 1783">
     <span class='ocr_line' id='line_1_40' title="bbox 119 1641 906 1687; baseline -0.001 -9"><span class='ocrx_word' id='word_1_238' title='bbox 119 1642 366 1686; x_wconf 69' lang='lat' dir='ltr'>Achustz‘nns.</span> <span class='ocrx_word' id='word_1_239' title='bbox 399 1642 559 1687; x_wconf 81' lang='lat' dir='ltr'>Litigent</span> <span class='ocrx_word' id='word_1_240' title='bbox 582 1653 672 1687; x_wconf 83' lang='lat' dir='ltr'>ergo</span> <span class='ocrx_word' id='word_1_241' title='bbox 698 1641 906 1685; x_wconf 71' lang='lat' dir='ltr'>discordes,</span> 
     </span>
     <span class='ocr_line' id='line_1_41' title="bbox 119 1688 906 1735; baseline -0.001 -10"><span class='ocrx_word' id='word_1_242' title='bbox 119 1692 266 1735; x_wconf 88' lang='lat' dir='ltr'>patrem</span> <span class='ocrx_word' id='word_1_243' title='bbox 306 1699 416 1725; x_wconf 78' lang='lat' dir='ltr'>snum</span> <span class='ocrx_word' id='word_1_244' title='bbox 453 1689 646 1725; x_wconf 87' lang='lat' dir='ltr'>diabolum</span> <span class='ocrx_word' id='word_1_245' title='bbox 677 1688 868 1725; x_wconf 75' lang='lat' dir='ltr'>imitantes</span> <span class='ocrx_word' id='word_1_246' title='bbox 899 1700 906 1732; x_wconf 93' lang='lat'>;</span> 
     </span>
     <span class='ocr_line' id='line_1_42' title="bbox 117 1735 907 1783; baseline -0.001 -11"><span class='ocrx_word' id='word_1_247' title='bbox 117 1736 217 1773; x_wconf 88' lang='lat' dir='ltr'>beati</span> <span class='ocrx_word' id='word_1_248' title='bbox 269 1741 396 1772; x_wconf 85' lang='lat' dir='ltr'>autem</span> <span class='ocrx_word' id='word_1_249' title='bbox 441 1736 602 1782; x_wconf 77' lang='lat' dir='ltr'>pacifici,</span> <span class='ocrx_word' id='word_1_250' title='bbox 646 1735 769 1783; x_wconf 90' lang='lat' dir='ltr'>primo</span> <span class='ocrx_word' id='word_1_251' title='bbox 822 1735 907 1780; x_wconf 90' lang='lat' dir='ltr'>sibi,</span> 
     </span>
    </p>
   </div>
   <div class='ocr_carea' id='block_1_12' title="bbox 117 1783 1784 1878">
    <p class='ocr_par' dir='ltr' id='par_1_12' title="bbox 117 1783 1784 1878">
     <span class='ocr_line' id='line_1_43' title="bbox 117 1783 955 1830; baseline 0.002 -11"><span class='ocrx_word' id='word_1_252' title='bbox 117 1783 254 1820; x_wconf 92' lang='lat' dir='ltr'>deinde</span> <span class='ocrx_word' id='word_1_253' title='bbox 275 1784 372 1828; x_wconf 88' lang='lat' dir='ltr'>aliis,</span> <span class='ocrx_word' id='word_1_254' title='bbox 397 1784 538 1820; x_wconf 87' lang='lat' dir='ltr'>scilicet</span> <span class='ocrx_word' id='word_1_255' title='bbox 568 1784 757 1820; x_wconf 89' lang='lat' dir='ltr'>internam</span> <span class='ocrx_word' id='word_1_256' title='bbox 777 1794 909 1830; x_wconf 85' lang='lat' dir='ltr'>pacem</span> <span class='ocrx_word' id='word_1_257' title='bbox 954 1795 955 1822; x_wconf 70' lang='lat'><em>3</em></span> 
     </span>
     <span class='ocr_line' id='line_1_44' title="bbox 952 1832 1784 1878; baseline 0.002 -10"><span class='ocrx_word' id='word_1_258' title='bbox 952 1835 955 1876; x_wconf 60' lang='grc' dir='ltr'><em>ξ</em></span> <span class='ocrx_word' id='word_1_259' title='bbox 993 1835 1148 1877; x_wconf 76' lang='lat' dir='ltr'>gentum</span> <span class='ocrx_word' id='word_1_260' title='bbox 1179 1842 1321 1876; x_wconf 82' lang='lat' dir='ltr'>meum,</span> <span class='ocrx_word' id='word_1_261' title='bbox 1358 1835 1394 1868; x_wconf 87' lang='lat' dir='ltr'>et</span> <span class='ocrx_word' id='word_1_262' title='bbox 1429 1832 1659 1878; x_wconf 84' lang='lat' dir='ltr'>hujusmodi,</span> <span class='ocrx_word' id='word_1_263' title='bbox 1692 1833 1784 1870; x_wconf 88' lang='lat' dir='ltr'>sciat</span> 
     </span>
    </p>
   </div>
   <div class='ocr_carea' id='block_1_13' title="bbox 118 1831 908 1877">
    <p class='ocr_par' dir='ltr' id='par_1_13' title="bbox 118 1831 908 1877">
     <span class='ocr_line' id='line_1_45' title="bbox 118 1831 908 1877; baseline 0.001 -11"><span class='ocrx_word' id='word_1_264' title='bbox 118 1834 155 1867; x_wconf 90' lang='lat' dir='ltr'>et</span> <span class='ocrx_word' id='word_1_265' title='bbox 176 1831 384 1867; x_wconf 72' lang='lat' dir='ltr'>fraternam</span> <span class='ocrx_word' id='word_1_266' title='bbox 407 1834 615 1875; x_wconf 88' lang='lat' dir='ltr'>servantes,</span> <span class='ocrx_word' id='word_1_267' title='bbox 635 1831 816 1877; x_wconf 87' lang='lat' dir='ltr'>quoniam</span> <span class='ocrx_word' id='word_1_268' title='bbox 840 1831 908 1867; x_wconf 84' lang='lat' dir='ltr'>filii</span> 
     </span>
    </p>
   </div>
   <div class='ocr_carea' id='block_1_14' title="bbox 120 1878 1784 1974">
    <p class='ocr_par' dir='ltr' id='par_1_14' title="bbox 120 1878 1784 1974">
     <span class='ocr_line' id='line_1_46' title="bbox 120 1878 1558 1932; baseline 0.001 -18"><span class='ocrx_word' id='word_1_269' title='bbox 120 1878 200 1923; x_wconf 81' lang='lat' dir='ltr'>Dei,</span> <span class='ocrx_word' id='word_1_270' title='bbox 223 1882 260 1915; x_wconf 88' lang='lat' dir='ltr'>et</span> <span class='ocrx_word' id='word_1_271' title='bbox 280 1879 356 1914; x_wconf 81' lang='lat' dir='ltr'>veri</span> <span class='ocrx_word' id='word_1_272' title='bbox 377 1879 585 1915; x_wconf 89' lang='lat' dir='ltr'>imitatores</span> <span class='ocrx_word' id='word_1_273' title='bbox 608 1880 703 1923; x_wconf 80' lang='lat' dir='ltr'>ejus,</span> <span class='ocrx_word' id='word_1_274' title='bbox 725 1879 763 1915; x_wconf 89' lang='lat' dir='ltr'>in</span> <span class='ocrx_word' id='word_1_275' title='bbox 781 1890 911 1926; x_wconf 90' lang='lat' dir='ltr'>super·</span> <span class='ocrx_word' id='word_1_276' title='bbox 952 1892 955 1909; x_wconf 65' lang='grc' dir='ltr'><strong><em>τ</em></strong></span> <span class='ocrx_word' id='word_1_277' title='bbox 1089 1926 1096 1932; x_wconf 40' lang='lat'><strong>·</strong></span> <span class='ocrx_word' id='word_1_278' title='bbox 1552 1927 1558 1932; x_wconf 39' lang='lat'>·</span> 
     </span>
     <span class='ocr_line' id='line_1_47' title="bbox 954 1931 1784 1974; baseline 0.004 -13"><span class='ocrx_word' id='word_1_279' title='bbox 954 1965 955 1970; x_wconf 18' lang='lat'>¹</span> <span class='ocrx_word' id='word_1_280' title='bbox 994 1937 1124 1962; x_wconf 87' lang='lat' dir='ltr'>omma</span> <span class='ocrx_word' id='word_1_281' title='bbox 1150 1937 1235 1973; x_wconf 63' lang='lat' dir='ltr'>quie</span> <span class='ocrx_word' id='word_1_282' title='bbox 1271 1937 1355 1963; x_wconf 88' lang='lat' dir='ltr'>mea</span> <span class='ocrx_word' id='word_1_283' title='bbox 1388 1932 1487 1971; x_wconf 85' lang='lat' dir='ltr'>sunt,</span> <span class='ocrx_word' id='word_1_284' title='bbox 1530 1931 1605 1963; x_wconf 82' lang='lat' dir='ltr'>sint</span> <span class='ocrx_word' id='word_1_285' title='bbox 1647 1939 1784 1974; x_wconf 88' lang='lat' dir='ltr'>paupe-</span> 
     </span>
    </p>
   </div>
   <div class='ocr_carea' id='block_1_15' title="bbox 117 1926 908 2019">
    <p class='ocr_par' dir='ltr' id='par_1_15' title="bbox 117 1926 908 2019">
     <span class='ocr_line' id='line_1_48' title="bbox 118 1926 904 1971; baseline 0.001 -10"><span class='ocrx_word' id='word_1_286' title='bbox 118 1937 168 1962; x_wconf 89' lang='lat' dir='ltr'>na</span> <span class='ocrx_word' id='word_1_287' title='bbox 189 1936 280 1971; x_wconf 85' lang='lat' dir='ltr'>pace</span> <span class='ocrx_word' id='word_1_288' title='bbox 301 1927 550 1962; x_wconf 86' lang='lat' dir='ltr'>vocabuntur.</span> <span class='ocrx_word' id='word_1_289' title='bbox 575 1928 722 1962; x_wconf 87' lang='lat' dir='ltr'>Habent</span> <span class='ocrx_word' id='word_1_290' title='bbox 739 1927 839 1962; x_wconf 91' lang='lat' dir='ltr'>enim</span> <span class='ocrx_word' id='word_1_291' title='bbox 858 1926 904 1962; x_wconf 88' lang='lat' dir='ltr'>si-</span> 
     </span>
     <span class='ocr_line' id='line_1_49' title="bbox 117 1973 908 2019; baseline 0.001 -10"><span class='ocrx_word' id='word_1_292' title='bbox 117 1973 367 2010; x_wconf 90' lang='lat' dir='ltr'>militudinem</span> <span class='ocrx_word' id='word_1_293' title='bbox 407 1974 470 2009; x_wconf 65' lang='lat' dir='ltr'>Dei</span> <span class='ocrx_word' id='word_1_294' title='bbox 509 1973 645 2017; x_wconf 82' lang='lat' dir='ltr'>Patris,</span> <span class='ocrx_word' id='word_1_295' title='bbox 687 1973 775 2019; x_wconf 90' lang='lat' dir='ltr'>quia</span> <span class='ocrx_word' id='word_1_296' title='bbox 810 1976 908 2010; x_wconf 88' lang='lat' dir='ltr'>Deus</span> 
     </span>
    </p>
   </div>
   <div class='ocr_carea' id='block_1_16' title="bbox 116 2020 1781 2115">
    <p class='ocr_par' dir='ltr' id='par_1_16' title="bbox 116 2020 1781 2115">
     <span class='ocr_line' id='line_1_50' title="bbox 116 2020 910 2067; baseline 0.001 -10"><span class='ocrx_word' id='word_1_297' title='bbox 116 2031 186 2067; x_wconf 85' lang='lat' dir='ltr'>pax</span> <span class='ocrx_word' id='word_1_298' title='bbox 215 2024 253 2057; x_wconf 87' lang='lat' dir='ltr'>et</span> <span class='ocrx_word' id='word_1_299' title='bbox 284 2020 392 2066; x_wconf 83' lang='lat' dir='ltr'>quies</span> <span class='ocrx_word' id='word_1_300' title='bbox 420 2030 568 2056; x_wconf 86' lang='lat' dir='ltr'>summa</span> <span class='ocrx_word' id='word_1_301' title='bbox 601 2023 672 2064; x_wconf 90' lang='lat' dir='ltr'>est,</span> <span class='ocrx_word' id='word_1_302' title='bbox 711 2024 746 2057; x_wconf 92' lang='lat' dir='ltr'>et</span> <span class='ocrx_word' id='word_1_303' title='bbox 782 2021 910 2058; x_wconf 89' lang='lat' dir='ltr'>omnia</span> 
     </span>
     <span class='ocr_line' id='line_1_51' title="bbox 954 2068 1781 2115; baseline 0.007 -15"><span class='ocrx_word' id='word_1_304' title='bbox 954 2081 955 2100; x_wconf 65' lang='grc' dir='ltr'>ι</span> <span class='ocrx_word' id='word_1_305' title='bbox 993 2068 1028 2104; x_wconf 90' lang='lat' dir='ltr'>Si</span> <span class='ocrx_word' id='word_1_306' title='bbox 1060 2068 1328 2113; x_wconf 78' lang='lat' dir='ltr'>patrimonium</span> <span class='ocrx_word' id='word_1_307' title='bbox 1362 2069 1502 2115; x_wconf 85' lang='lat' dir='ltr'>petitis,</span> <span class='ocrx_word' id='word_1_308' title='bbox 1535 2068 1720 2112; x_wconf 84' lang='lat' dir='ltr'>invadite;</span> <span class='ocrx_word' id='word_1_309' title='bbox 1750 2070 1781 2106; x_wconf 86' lang='lat' dir='ltr'>si</span> 
     </span>
    </p>
   </div>
   <div class='ocr_carea' id='block_1_17' title="bbox 115 2067 713 2114">
    <p class='ocr_par' dir='ltr' id='par_1_17' title="bbox 115 2067 713 2114">
     <span class='ocr_line' id='line_1_52' title="bbox 115 2067 713 2114; baseline -0.003 -9"><span class='ocrx_word' id='word_1_310' title='bbox 115 2079 200 2105; x_wconf 89' lang='lat' dir='ltr'>cum</span> <span class='ocrx_word' id='word_1_311' title='bbox 226 2067 503 2114; x_wconf 74' lang='lat' dir='ltr'>tranquillitate</span> <span class='ocrx_word' id='word_1_312' title='bbox 529 2067 713 2114; x_wconf 81' lang='lat' dir='ltr'>disponit.</span> 
     </span>
    </p>
   </div>
   <div class='ocr_carea' id='block_1_18' title="bbox 168 2116 955 2161">
    <p class='ocr_par' dir='ltr' id='par_1_18' title="bbox 168 2116 955 2161">
     <span class='ocr_line' id='line_1_53' title="bbox 168 2116 955 2161; baseline -0.001 -8"><span class='ocrx_word' id='word_1_313' title='bbox 168 2131 179 2153; x_wconf 90' lang='lat'>1</span> <span class='ocrx_word' id='word_1_314' title='bbox 192 2131 204 2152; x_wconf 91' lang='lat' dir='ltr'>l</span> <span class='ocrx_word' id='word_1_315' title='bbox 228 2116 373 2153; x_wconf 67' lang='lat' dir='ltr'>OCTAVA</span> <span class='ocrx_word' id='word_1_316' title='bbox 387 2127 606 2151; x_wconf 67' lang='lat' dir='ltr'>BEATiTUbo:</span> <span class='ocrx_word' id='word_1_317' title='bbox 631 2127 907 2152; x_wconf 77' lang='lat' dir='ltr'>PERSECUTIONIS</span> <span class='ocrx_word' id='word_1_318' title='bbox 954 2134 955 2161; x_wconf 65' lang='lat' dir='ltr'><strong>j</strong></span> 
     </span>
    </p>
   </div>
   <div class='ocr_carea' id='block_1_19' title="bbox 112 2163 909 2829">
    <p class='ocr_par' dir='ltr' id='par_1_19' title="bbox 112 2163 909 2829">
     <span class='ocr_line' id='line_1_54' title="bbox 115 2163 908 2209; baseline 0 -9"><span class='ocrx_word' id='word_1_319' title='bbox 115 2175 352 2200; x_wconf 58' lang='lat' dir='ltr'>mmmmm.</span> <span class='ocrx_word' id='word_1_320' title='bbox 376 2184 422 2189; x_wconf 93' lang='lat'><em>-</em></span> <span class='ocrx_word' id='word_1_321' title='bbox 443 2163 586 2199; x_wconf 83' lang='lat' dir='ltr'>Deinde</span> <span class='ocrx_word' id='word_1_322' title='bbox 614 2163 784 2209; x_wconf 84' lang='lat' dir='ltr'>sequitur</span> <span class='ocrx_word' id='word_1_323' title='bbox 805 2167 908 2200; x_wconf 88' lang='lat' dir='ltr'>octa-</span> 
     </span>
     <span class='ocr_line' id='line_1_55' title="bbox 117 2212 909 2257; baseline 0.001 -11"><span class='ocrx_word' id='word_1_324' title='bbox 117 2222 163 2248; x_wconf 81' lang='lat' dir='ltr'>va</span> <span class='ocrx_word' id='word_1_325' title='bbox 182 2223 189 2247; x_wconf 92' lang='lat'>:</span> <span class='ocrx_word' id='word_1_326' title='bbox 211 2213 317 2248; x_wconf 78' lang='lat' dir='ltr'>Beati</span> <span class='ocrx_word' id='word_1_327' title='bbox 335 2214 400 2257; x_wconf 75' lang='lat' dir='ltr'>qni</span> <span class='ocrx_word' id='word_1_328' title='bbox 418 2212 700 2257; x_wconf 75' lang='lat' dir='ltr'>persecutionem</span> <span class='ocrx_word' id='word_1_329' title='bbox 712 2213 909 2257; x_wconf 78' lang='lat' dir='ltr'>patiuntur</span> 
     </span>
     <span class='ocr_line' id='line_1_56' title="bbox 112 2259 909 2306; baseline 0 -12"><span class='ocrx_word' id='word_1_330' title='bbox 112 2263 265 2306; x_wconf 78' lang='lat' dir='ltr'>propter·</span> <span class='ocrx_word' id='word_1_331' title='bbox 292 2259 508 2304; x_wconf 72' lang='lat' dir='ltr'>justitiam,-</span> <span class='ocrx_word' id='word_1_332' title='bbox 542 2260 716 2304; x_wconf 77' lang='lat' dir='ltr'>quoniam</span> <span class='ocrx_word' id='word_1_333' title='bbox 746 2261 909 2304; x_wconf 79' lang='lat' dir='ltr'>ipsorum</span> 
     </span>
     <span class='ocr_line' id='line_1_57' title="bbox 117 2306 907 2352; baseline -0.001 -10"><span class='ocrx_word' id='word_1_334' title='bbox 117 2309 169 2342; x_wconf 82' lang='lat' dir='ltr'>est</span> <span class='ocrx_word' id='word_1_335' title='bbox 188 2317 339 2350; x_wconf 65' lang='lat' dir='ltr'>reanum</span> <span class='ocrx_word' id='word_1_336' title='bbox 360 2309 540 2342; x_wconf 75' lang='lat' dir='ltr'>coelorum.</span> <span class='ocrx_word' id='word_1_337' title='bbox 568 2306 782 2342; x_wconf 89' lang='lat' dir='ltr'>Secundum</span> <span class='ocrx_word' id='word_1_338' title='bbox 795 2308 907 2352; x_wconf 74' lang='lat' dir='ltr'>Chry-</span> 
     </span>
     <span class='ocr_line' id='line_1_58' title="bbox 112 2353 907 2400; baseline 0.001 -11"><span class='ocrx_word' id='word_1_339' title='bbox 112 2357 322 2397; x_wconf 52' lang='lat' dir='ltr'>soa-comum,</span> <span class='ocrx_word' id='word_1_340' title='bbox 361 2354 482 2399; x_wconf 85' lang='lat' dir='ltr'>posita</span> <span class='ocrx_word' id='word_1_341' title='bbox 514 2353 762 2400; x_wconf 80' lang='lat' dir='ltr'>pacificorum</span> <span class='ocrx_word' id='word_1_342' title='bbox 785 2354 907 2390; x_wconf 89' lang='lat' dir='ltr'>beati·</span> 
     </span>
     <span class='ocr_line' id='line_1_59' title="bbox 115 2400 908 2448; baseline 0.001 -12"><span class='ocrx_word' id='word_1_343' title='bbox 115 2400 257 2445; x_wconf 89' lang='lat' dir='ltr'>tudine,</span> <span class='ocrx_word' id='word_1_344' title='bbox 299 2411 345 2436; x_wconf 91' lang='lat' dir='ltr'>ne</span> <span class='ocrx_word' id='word_1_345' title='bbox 383 2401 520 2447; x_wconf 82' lang='lat' dir='ltr'>aliquis</span> <span class='ocrx_word' id='word_1_346' title='bbox 557 2401 765 2437; x_wconf 75' lang='lat' dir='ltr'>aestimaret</span> <span class='ocrx_word' id='word_1_347' title='bbox 805 2402 908 2448; x_wconf 89' lang='lat' dir='ltr'>quod</span> 
     </span>
     <span class='ocr_line' id='line_1_60' title="bbox 116 2448 906 2495; baseline 0.001 -11"><span class='ocrx_word' id='word_1_348' title='bbox 116 2459 266 2494; x_wconf 88' lang='lat' dir='ltr'>semper</span> <span class='ocrx_word' id='word_1_349' title='bbox 295 2459 427 2494; x_wconf 84' lang='lat' dir='ltr'>pacem</span> <span class='ocrx_word' id='word_1_350' title='bbox 451 2448 521 2485; x_wconf 88' lang='lat' dir='ltr'>sibi</span> <span class='ocrx_word' id='word_1_351' title='bbox 545 2459 716 2495; x_wconf 65' lang='lat' dir='ltr'>quaerere</span> <span class='ocrx_word' id='word_1_352' title='bbox 755 2448 802 2484; x_wconf 90' lang='lat' dir='ltr'>sit</span> <span class='ocrx_word' id='word_1_353' title='bbox 841 2449 906 2485; x_wconf 92' lang='lat' dir='ltr'>bo-</span> 
     </span>
     <span class='ocr_line' id='line_1_61' title="bbox 117 2496 906 2542; baseline 0.001 -11"><span class='ocrx_word' id='word_1_354' title='bbox 117 2506 220 2540; x_wconf 93' lang='lat' dir='ltr'>num,</span> <span class='ocrx_word' id='word_1_355' title='bbox 247 2496 373 2532; x_wconf 84' lang='lat' dir='ltr'>subdit</span> <span class='ocrx_word' id='word_1_356' title='bbox 395 2508 402 2531; x_wconf 88' lang='lat'>:</span> <span class='ocrx_word' id='word_1_357' title='bbox 442 2496 543 2532; x_wconf 84' lang='lat' dir='ltr'>Beati</span> <span class='ocrx_word' id='word_1_358' title='bbox 579 2496 641 2542; x_wconf 89' lang='lat' dir='ltr'>qui</span> <span class='ocrx_word' id='word_1_359' title='bbox 678 2496 906 2541; x_wconf 86' lang='lat' dir='ltr'>persecutio-</span> 
     </span>
     <span class='ocr_line' id='line_1_62' title="bbox 115 2542 907 2589; baseline 0.003 -10"><span class='ocrx_word' id='word_1_360' title='bbox 115 2554 203 2579; x_wconf 88' lang='lat' dir='ltr'>nem</span> <span class='ocrx_word' id='word_1_361' title='bbox 223 2542 417 2589; x_wconf 83' lang='lat' dir='ltr'>patiu··tur</span> <span class='ocrx_word' id='word_1_362' title='bbox 431 2547 586 2589; x_wconf 89' lang='lat' dir='ltr'>propter</span> <span class='ocrx_word' id='word_1_363' title='bbox 603 2543 802 2589; x_wconf 86' lang='lat' dir='ltr'>justitiam.</span> <span class='ocrx_word' id='word_1_364' title='bbox 821 2545 907 2581; x_wconf 83' lang='lat' dir='ltr'>Haee</span> 
     </span>
     <span class='ocr_line' id='line_1_63' title="bbox 118 2590 906 2637; baseline 0.001 -10"><span class='ocrx_word' id='word_1_365' title='bbox 118 2594 246 2627; x_wconf 90' lang='lat' dir='ltr'>autem</span> <span class='ocrx_word' id='word_1_366' title='bbox 266 2591 459 2627; x_wconf 83' lang='lat' dir='ltr'>beatitudo</span> <span class='ocrx_word' id='word_1_367' title='bbox 483 2590 630 2637; x_wconf 84' lang='lat' dir='ltr'>perficit</span> <span class='ocrx_word' id='word_1_368' title='bbox 652 2591 844 2628; x_wconf 85' lang='lat' dir='ltr'>hominem</span> <span class='ocrx_word' id='word_1_369' title='bbox 858 2592 906 2628; x_wconf 89' lang='lat' dir='ltr'>ad</span> 
     </span>
     <span class='ocr_line' id='line_1_64' title="bbox 114 2638 906 2685; baseline 0.001 -10"><span class='ocrx_word' id='word_1_370' title='bbox 114 2638 211 2675; x_wconf 89' lang='lat' dir='ltr'>bene</span> <span class='ocrx_word' id='word_1_371' title='bbox 244 2639 476 2685; x_wconf 68' lang='lat' dir='ltr'>patiendum,</span> <span class='ocrx_word' id='word_1_372' title='bbox 511 2638 608 2674; x_wconf 83' lang='lat' dir='ltr'>sicut</span> <span class='ocrx_word' id='word_1_373' title='bbox 638 2639 828 2685; x_wconf 86' lang='lat' dir='ltr'>praedictae</span> <span class='ocrx_word' id='word_1_374' title='bbox 858 2639 906 2676; x_wconf 87' lang='lat' dir='ltr'>ad</span> 
     </span>
     <span class='ocr_line' id='line_1_65' title="bbox 115 2685 905 2733; baseline 0.001 -11"><span class='ocrx_word' id='word_1_375' title='bbox 115 2686 214 2723; x_wconf 89' lang='lat' dir='ltr'>hene</span> <span class='ocrx_word' id='word_1_376' title='bbox 235 2687 451 2732; x_wconf 87' lang='lat' dir='ltr'>agendum;</span> <span class='ocrx_word' id='word_1_377' title='bbox 481 2685 570 2733; x_wconf 86' lang='lat' dir='ltr'>quia</span> <span class='ocrx_word' id='word_1_378' title='bbox 590 2685 685 2723; x_wconf 89' lang='lat' dir='ltr'>sicut</span> <span class='ocrx_word' id='word_1_379' title='bbox 712 2686 759 2724; x_wconf 90' lang='lat' dir='ltr'>ad</span> <span class='ocrx_word' id='word_1_380' title='bbox 782 2687 905 2724; x_wconf 85' lang='lat' dir='ltr'>virtu-</span> 
     </span>
     <span class='ocr_line' id='line_1_66' title="bbox 114 2734 902 2780; baseline 0.004 -11"><span class='ocrx_word' id='word_1_381' title='bbox 114 2736 191 2770; x_wconf 88' lang='lat' dir='ltr'>tem</span> <span class='ocrx_word' id='word_1_382' title='bbox 211 2734 375 2780; x_wconf 87' lang='lat' dir='ltr'>pertinet</span> <span class='ocrx_word' id='word_1_383' title='bbox 397 2735 493 2770; x_wconf 89' lang='lat' dir='ltr'>bene</span> <span class='ocrx_word' id='word_1_384' title='bbox 530 2744 656 2780; x_wconf 87' lang='lat' dir='ltr'>agere,</span> <span class='ocrx_word' id='word_1_385' title='bbox 686 2734 738 2771; x_wconf 88' lang='lat' dir='ltr'>ita</span> <span class='ocrx_word' id='word_1_386' title='bbox 755 2737 792 2771; x_wconf 90' lang='lat' dir='ltr'>et</span> <span class='ocrx_word' id='word_1_387' title='bbox 807 2735 902 2772; x_wconf 89' lang='lat' dir='ltr'>bene</span> 
     </span>
     <span class='ocr_line' id='line_1_67' title="bbox 113 2781 900 2829; baseline 0.005 -12"><span class='ocrx_word' id='word_1_388' title='bbox 113 2781 204 2828; x_wconf 89' lang='lat' dir='ltr'>pati.</span> <span class='ocrx_word' id='word_1_389' title='bbox 226 2783 270 2818; x_wconf 85' lang='lat' dir='ltr'>Et</span> <span class='ocrx_word' id='word_1_390' title='bbox 289 2781 375 2819; x_wconf 89' lang='lat' dir='ltr'>ideo</span> <span class='ocrx_word' id='word_1_391' title='bbox 395 2788 481 2829; x_wconf 88' lang='lat' dir='ltr'>post</span> <span class='ocrx_word' id='word_1_392' title='bbox 502 2782 761 2829; x_wconf 63' lang='lat' dir='ltr'>praecedentes</span> <span class='ocrx_word' id='word_1_393' title='bbox 781 2783 900 2821; x_wconf 88' lang='lat' dir='ltr'>beati-</span> 
     </span>
    </p>
   </div>
   <div class='ocr_carea' id='block_1_20' title="bbox 959 232 970 980">
    <p class='ocr_par' dir='ltr' id='par_1_20' title="bbox 959 232 970 980">
     <span class='ocr_line' id='line_1_68' title="bbox 959 232 970 980; baseline 0 0"><span class='ocrx_word' id='word_1_394' title='bbox 959 232 970 980; x_wconf 95' lang='lat' dir='ltr'> </span> 
     </span>
    </p>
   </div>
   <div class='ocr_carea' id='block_1_21' title="bbox 1003 220 1789 413">
    <p class='ocr_par' dir='ltr' id='par_1_21' title="bbox 1003 220 1789 413">
     <span class='ocr_line' id='line_1_69' title="bbox 1006 220 1788 272; baseline 0.009 -17"><span class='ocrx_word' id='word_1_395' title='bbox 1006 220 1168 272; x_wconf 75' lang='lat' dir='ltr'>tudines,</span> <span class='ocrx_word' id='word_1_396' title='bbox 1188 232 1270 267; x_wconf 72' lang='lat' dir='ltr'>quse</span> <span class='ocrx_word' id='word_1_397' title='bbox 1285 222 1495 259; x_wconf 86' lang='lat' dir='ltr'>consistunt</span> <span class='ocrx_word' id='word_1_398' title='bbox 1512 223 1788 270; x_wconf 81' lang='lat' dir='ltr'>inperfectione</span> 
     </span>
     <span class='ocr_line' id='line_1_70' title="bbox 1003 268 1789 318; baseline 0.01 -16"><span class='ocrx_word' id='word_1_399' title='bbox 1003 268 1174 311; x_wconf 71' lang='lat' dir='ltr'>actionis,</span> <span class='ocrx_word' id='word_1_400' title='bbox 1199 269 1368 314; x_wconf 69' lang='lat' dir='ltr'>sequitur</span> <span class='ocrx_word' id='word_1_401' title='bbox 1390 271 1481 314; x_wconf 70' lang='lat' dir='ltr'>lime,</span> <span class='ocrx_word' id='word_1_402' title='bbox 1511 282 1594 318; x_wconf 70' lang='lat' dir='ltr'>quan</span> <span class='ocrx_word' id='word_1_403' title='bbox 1615 272 1789 310; x_wconf 82' lang='lat' dir='ltr'>consistit</span> 
     </span>
     <span class='ocr_line' id='line_1_71' title="bbox 1005 314 1789 362; baseline 0.011 -14"><span class='ocrx_word' id='word_1_404' title='bbox 1005 314 1042 349; x_wconf 91' lang='lat' dir='ltr'>in</span> <span class='ocrx_word' id='word_1_405' title='bbox 1077 316 1304 359; x_wconf 83' lang='lat' dir='ltr'>perfectione</span> <span class='ocrx_word' id='word_1_406' title='bbox 1325 318 1521 362; x_wconf 57' lang='lat' dir='ltr'>passionis.</span> <span class='ocrx_word' id='word_1_407' title='bbox 1563 320 1654 355; x_wconf 79' lang='lat' dir='ltr'>Nam</span> <span class='ocrx_word' id='word_1_408' title='bbox 1690 320 1789 357; x_wconf 89' lang='lat' dir='ltr'>sicut</span> 
     </span>
     <span class='ocr_line' id='line_1_72' title="bbox 1003 361 1788 413; baseline 0.009 -16"><span class='ocrx_word' id='word_1_409' title='bbox 1003 361 1212 405; x_wconf 80' lang='lat' dir='ltr'>beatitudo,</span> <span class='ocrx_word' id='word_1_410' title='bbox 1249 365 1378 408; x_wconf 72' lang='lat' dir='ltr'>patriae</span> <span class='ocrx_word' id='word_1_411' title='bbox 1410 365 1653 411; x_wconf 77' lang='lat' dir='ltr'>distinguitur</span> <span class='ocrx_word' id='word_1_412' title='bbox 1674 378 1788 413; x_wconf 86' lang='lat' dir='ltr'>penes</span> 
     </span>
    </p>
   </div>
   <div class='ocr_carea' id='block_1_22' title="bbox 964 406 1786 456">
    <p class='ocr_par' dir='ltr' id='par_1_22' title="bbox 964 406 1786 456">
     <span class='ocr_line' id='line_1_73' title="bbox 964 406 1786 456; baseline 0.012 -14"><span class='ocrx_word' id='word_1_413' title='bbox 964 406 967 415; x_wconf 89' lang='grc'><em>“</em></span> <span class='ocrx_word' id='word_1_414' title='bbox 1003 420 1153 443; x_wconf 79' lang='lat' dir='ltr'>auream</span> <span class='ocrx_word' id='word_1_415' title='bbox 1191 413 1226 444; x_wconf 88' lang='lat' dir='ltr'>et</span> <span class='ocrx_word' id='word_1_416' title='bbox 1264 413 1461 456; x_wconf 72' lang='lat' dir='ltr'>aureolam,</span> <span class='ocrx_word' id='word_1_417' title='bbox 1503 414 1554 449; x_wconf 84' lang='lat' dir='ltr'>sic</span> <span class='ocrx_word' id='word_1_418' title='bbox 1595 415 1786 452; x_wconf 78' lang='lat' dir='ltr'>beatitudo</span> 
     </span>
    </p>
   </div>
   <div class='ocr_carea' id='block_1_23' title="bbox 997 455 1789 930">
    <p class='ocr_par' dir='ltr' id='par_1_23' title="bbox 997 455 1789 930">
     <span class='ocr_line' id='line_1_74' title="bbox 1004 455 1787 504; baseline 0.011 -14"><span class='ocrx_word' id='word_1_419' title='bbox 1004 455 1085 499; x_wconf 64' lang='lat' dir='ltr'>vite,</span> <span class='ocrx_word' id='word_1_420' title='bbox 1109 467 1190 501; x_wconf 69' lang='lat' dir='ltr'>quit}</span> <span class='ocrx_word' id='word_1_421' title='bbox 1213 461 1267 492; x_wconf 87' lang='lat' dir='ltr'>est</span> <span class='ocrx_word' id='word_1_422' title='bbox 1290 457 1412 503; x_wconf 78' lang='lat' dir='ltr'>imago</span> <span class='ocrx_word' id='word_1_423' title='bbox 1432 462 1602 504; x_wconf 65' lang='lat' dir='ltr'>quaedam</span> <span class='ocrx_word' id='word_1_424' title='bbox 1625 467 1656 497; x_wconf 87' lang='lat' dir='ltr'>et</span> <span class='ocrx_word' id='word_1_425' title='bbox 1682 462 1787 498; x_wconf 87' lang='lat' dir='ltr'>simi-</span> 
     </span>
     <span class='ocr_line' id='line_1_75' title="bbox 1004 503 1789 549; baseline 0.011 -12"><span class='ocrx_word' id='word_1_426' title='bbox 1004 503 1120 539; x_wconf 82' lang='lat' dir='ltr'>litudo</span> <span class='ocrx_word' id='word_1_427' title='bbox 1141 503 1256 546; x_wconf 83' lang='lat' dir='ltr'>illius;</span> <span class='ocrx_word' id='word_1_428' title='bbox 1295 507 1593 549; x_wconf 62' lang='lat' dir='ltr'>sii-incedentibus</span> <span class='ocrx_word' id='word_1_429' title='bbox 1613 509 1711 545; x_wconf 88' lang='lat' dir='ltr'>enim</span> <span class='ocrx_word' id='word_1_430' title='bbox 1734 521 1789 546; x_wconf 87' lang='lat' dir='ltr'>re-</span> 
     </span>
     <span class='ocr_line' id='line_1_76' title="bbox 1002 551 1787 597; baseline 0.011 -12"><span class='ocrx_word' id='word_1_431' title='bbox 1002 551 1161 596; x_wconf 85' lang='lat' dir='ltr'>spondet</span> <span class='ocrx_word' id='word_1_432' title='bbox 1208 551 1404 597; x_wconf 67' lang='lat' dir='ltr'>pramxium</span> <span class='ocrx_word' id='word_1_433' title='bbox 1425 564 1563 597; x_wconf 65' lang='lat' dir='ltr'>aureae,</span> <span class='ocrx_word' id='word_1_434' title='bbox 1588 556 1671 591; x_wconf 82' lang='lat' dir='ltr'>lmic</span> <span class='ocrx_word' id='word_1_435' title='bbox 1700 568 1787 594; x_wconf 79' lang='lat' dir='ltr'>vero</span> 
     </span>
     <span class='ocr_line' id='line_1_77' title="bbox 1000 598 1787 648; baseline 0.01 -16"><span class='ocrx_word' id='word_1_436' title='bbox 1000 598 1196 644; x_wconf 57' lang='lat' dir='ltr'>praemium</span> <span class='ocrx_word' id='word_1_437' title='bbox 1218 599 1395 643; x_wconf 72' lang='lat' dir='ltr'>aureolie,</span> <span class='ocrx_word' id='word_1_438' title='bbox 1419 612 1500 645; x_wconf 69' lang='lat' dir='ltr'>qnae</span> <span class='ocrx_word' id='word_1_439' title='bbox 1537 602 1593 637; x_wconf 75' lang='lat' dir='ltr'>liic</span> <span class='ocrx_word' id='word_1_440' title='bbox 1628 614 1693 648; x_wconf 84' lang='lat' dir='ltr'>per</span> <span class='ocrx_word' id='word_1_441' title='bbox 1725 616 1787 640; x_wconf 91' lang='lat' dir='ltr'>re-</span> 
     </span>
     <span class='ocr_line' id='line_1_78' title="bbox 999 645 1787 691; baseline 0.01 -12"><span class='ocrx_word' id='word_1_442' title='bbox 999 656 1113 691; x_wconf 84' lang='lat' dir='ltr'>gnum</span> <span class='ocrx_word' id='word_1_443' title='bbox 1160 645 1394 691; x_wconf 79' lang='lat' dir='ltr'>intelligitur.</span> <span class='ocrx_word' id='word_1_444' title='bbox 1437 649 1543 691; x_wconf 75' lang='lat' dir='ltr'>Nam,</span> <span class='ocrx_word' id='word_1_445' title='bbox 1580 651 1787 687; x_wconf 59' lang='lat' dir='ltr'>secundum</span> 
     </span>
     <span class='ocr_line' id='line_1_79' title="bbox 997 694 1786 741; baseline 0.006 -13"><span class='ocrx_word' id='word_1_446' title='bbox 997 694 1272 737; x_wconf 69' lang='lat' dir='ltr'>Hieronymum,</span> <span class='ocrx_word' id='word_1_447' title='bbox 1299 694 1378 730; x_wconf 76' lang='lat' dir='ltr'>llaec</span> <span class='ocrx_word' id='word_1_448' title='bbox 1401 696 1580 741; x_wconf 72' lang='lat' dir='ltr'>martyrio</span> <span class='ocrx_word' id='word_1_449' title='bbox 1604 698 1786 734; x_wconf 85' lang='lat' dir='ltr'>termina-</span> 
     </span>
     <span class='ocr_line' id='line_1_80' title="bbox 1000 740 1787 787; baseline 0.008 -12"><span class='ocrx_word' id='word_1_450' title='bbox 1000 743 1073 775; x_wconf 87' lang='lat' dir='ltr'>tur.</span> <span class='ocrx_word' id='word_1_451' title='bbox 1104 740 1198 776; x_wconf 85' lang='lat' dir='ltr'>Dicit</span> <span class='ocrx_word' id='word_1_452' title='bbox 1233 752 1355 787; x_wconf 85' lang='lat' dir='ltr'>ergo:</span> <span class='ocrx_word' id='word_1_453' title='bbox 1384 742 1501 785; x_wconf 85' lang='lat' dir='ltr'>Beati,</span> <span class='ocrx_word' id='word_1_454' title='bbox 1537 743 1676 779; x_wconf 72' lang='lat' dir='ltr'>scilicet</span> <span class='ocrx_word' id='word_1_455' title='bbox 1713 756 1787 781; x_wconf 87' lang='lat' dir='ltr'>non</span> 
     </span>
     <span class='ocr_line' id='line_1_81' title="bbox 999 787 1787 835; baseline 0.006 -12"><span class='ocrx_word' id='word_1_456' title='bbox 999 791 1145 824; x_wconf 87' lang='lat' dir='ltr'>tantum</span> <span class='ocrx_word' id='word_1_457' title='bbox 1159 787 1220 834; x_wconf 74' lang='lat' dir='ltr'>qui</span> <span class='ocrx_word' id='word_1_458' title='bbox 1241 789 1335 824; x_wconf 62' lang='lat' dir='ltr'>bene</span> <span class='ocrx_word' id='word_1_459' title='bbox 1355 793 1574 835; x_wconf 83' lang='lat' dir='ltr'>operantur,</span> <span class='ocrx_word' id='word_1_460' title='bbox 1593 791 1657 826; x_wconf 89' lang='lat' dir='ltr'>sed</span> <span class='ocrx_word' id='word_1_461' title='bbox 1673 791 1787 828; x_wconf 87' lang='lat' dir='ltr'>etiam</span> 
     </span>
     <span class='ocr_line' id='line_1_82' title="bbox 998 836 1788 882; baseline 0.006 -12"><span class='ocrx_word' id='word_1_462' title='bbox 998 837 1062 881; x_wconf 86' lang='lat' dir='ltr'>qui</span> <span class='ocrx_word' id='word_1_463' title='bbox 1085 836 1385 881; x_wconf 86' lang='lat' dir='ltr'>persecutionem</span> <span class='ocrx_word' id='word_1_464' title='bbox 1416 837 1622 882; x_wconf 88' lang='lat' dir='ltr'>patiuntur,</span> <span class='ocrx_word' id='word_1_465' title='bbox 1645 839 1788 875; x_wconf 75' lang='lat' dir='ltr'>scilicet</span> 
     </span>
     <span class='ocr_line' id='line_1_83' title="bbox 1001 883 1789 930; baseline 0.005 -12"><span class='ocrx_word' id='word_1_466' title='bbox 1001 883 1205 928; x_wconf 58' lang='lat' dir='ltr'>patientem</span> <span class='ocrx_word' id='word_1_467' title='bbox 1241 887 1278 919; x_wconf 91' lang='lat' dir='ltr'>et</span> <span class='ocrx_word' id='word_1_468' title='bbox 1301 895 1377 919; x_wconf 89' lang='lat' dir='ltr'>non</span> <span class='ocrx_word' id='word_1_469' title='bbox 1399 888 1553 930; x_wconf 86' lang='lat' dir='ltr'>propter</span> <span class='ocrx_word' id='word_1_470' title='bbox 1582 886 1726 922; x_wconf 82' lang='lat' dir='ltr'>scelera</span> <span class='ocrx_word' id='word_1_471' title='bbox 1752 890 1789 922; x_wconf 89' lang='lat' dir='ltr'>et</span> 
     </span>
    </p>
   </div>
   <div class='ocr_carea' id='block_1_24' title="bbox 994 1123 1787 1357">
    <p class='ocr_par' dir='ltr' id='par_1_24' title="bbox 994 1123 1787 1357">
     <span class='ocr_line' id='line_1_84' title="bbox 1048 1123 1787 1174; baseline 0.008 -21"><span class='ocrx_word' id='word_1_472' title='bbox 1048 1166 1054 1172; x_wconf 92' lang='lat'>.</span> <span class='ocrx_word' id='word_1_473' title='bbox 1121 1167 1126 1172; x_wconf 31' lang='lat'><em>¹</em></span> <span class='ocrx_word' id='word_1_474' title='bbox 1195 1167 1201 1172; x_wconf 36' lang='grc' dir='ltr'>Ι</span> <span class='ocrx_word' id='word_1_475' title='bbox 1225 1168 1230 1172; x_wconf 28' lang='lat'><strong>¹</strong></span> <span class='ocrx_word' id='word_1_476' title='bbox 1511 1168 1517 1174; x_wconf 25' lang='lat'><strong><em>‘</em></strong></span> <span class='ocrx_word' id='word_1_477' title='bbox 1622 1123 1787 1159; x_wconf 89' lang='lat' dir='ltr'>solemus</span> 
     </span>
     <span class='ocr_line' id='line_1_85' title="bbox 996 1169 1783 1213; baseline 0.006 -12"><span class='ocrx_word' id='word_1_478' title='bbox 996 1177 1095 1202; x_wconf 90' lang='lat' dir='ltr'>emm</span> <span class='ocrx_word' id='word_1_479' title='bbox 1113 1171 1297 1212; x_wconf 67' lang='lat' dir='ltr'>justiliam</span> <span class='ocrx_word' id='word_1_480' title='bbox 1325 1178 1392 1213; x_wconf 88' lang='lat' dir='ltr'>pro</span> <span class='ocrx_word' id='word_1_481' title='bbox 1418 1179 1519 1203; x_wconf 85' lang='lat' dir='ltr'>omni</span> <span class='ocrx_word' id='word_1_482' title='bbox 1547 1169 1680 1205; x_wconf 78' lang='lat' dir='ltr'>virtute</span> <span class='ocrx_word' id='word_1_483' title='bbox 1701 1170 1783 1206; x_wconf 88' lang='lat' dir='ltr'>ani-</span> 
     </span>
     <span class='ocr_line' id='line_1_86' title="bbox 996 1214 1785 1262; baseline 0.008 -14"><span class='ocrx_word' id='word_1_484' title='bbox 996 1214 1044 1249; x_wconf 89' lang='lat' dir='ltr'>mi</span> <span class='ocrx_word' id='word_1_485' title='bbox 1066 1225 1218 1260; x_wconf 88' lang='lat' dir='ltr'>ponere.</span> <span class='ocrx_word' id='word_1_486' title='bbox 1235 1217 1275 1250; x_wconf 87' lang='lat' dir='ltr'>Et</span> <span class='ocrx_word' id='word_1_487' title='bbox 1296 1226 1382 1251; x_wconf 89' lang='lat' dir='ltr'>vere</span> <span class='ocrx_word' id='word_1_488' title='bbox 1404 1216 1501 1251; x_wconf 85' lang='lat' dir='ltr'>beati</span> <span class='ocrx_word' id='word_1_489' title='bbox 1526 1216 1562 1251; x_wconf 95' lang='lat' dir='ltr'>in</span> <span class='ocrx_word' id='word_1_490' title='bbox 1583 1227 1661 1262; x_wconf 85' lang='lat' dir='ltr'>spe,</span> <span class='ocrx_word' id='word_1_491' title='bbox 1696 1218 1785 1254; x_wconf 87' lang='lat' dir='ltr'>bea-</span> 
     </span>
     <span class='ocr_line' id='line_1_87' title="bbox 994 1310 1782 1357; baseline 0.005 -13"><span class='ocrx_word' id='word_1_492' title='bbox 994 1320 1151 1355; x_wconf 82' lang='lat' dir='ltr'>regnum</span> <span class='ocrx_word' id='word_1_493' title='bbox 1173 1310 1369 1353; x_wconf 69' lang='lat' dir='ltr'>coelorum,</span> <span class='ocrx_word' id='word_1_494' title='bbox 1405 1314 1441 1346; x_wconf 90' lang='lat' dir='ltr'>et</span> <span class='ocrx_word' id='word_1_495' title='bbox 1464 1313 1585 1356; x_wconf 84' lang='lat' dir='ltr'>quoad</span> <span class='ocrx_word' id='word_1_496' title='bbox 1611 1323 1782 1357; x_wconf 85' lang='lat' dir='ltr'>auream,</span> 
     </span>
    </p>
   </div>
   <div class='ocr_carea' id='block_1_25' title="bbox 994 1404 1786 1452">
    <p class='ocr_par' dir='ltr' id='par_1_25' title="bbox 994 1404 1786 1452">
     <span class='ocr_line' id='line_1_88' title="bbox 994 1404 1786 1452; baseline 0.006 -14"><span class='ocrx_word' id='word_1_497' title='bbox 994 1404 1168 1440; x_wconf 86' lang='lat' dir='ltr'>libertate</span> <span class='ocrx_word' id='word_1_498' title='bbox 1188 1405 1429 1441; x_wconf 75' lang='lat' dir='ltr'>Ecclesiaeme</span> <span class='ocrx_word' id='word_1_499' title='bbox 1444 1416 1625 1452; x_wconf 77' lang='lat' dir='ltr'>exponam</span> <span class='ocrx_word' id='word_1_500' title='bbox 1650 1407 1786 1443; x_wconf 79' lang='lat' dir='ltr'>morti?</span> 
     </span>
    </p>
   </div>
   <div class='ocr_carea' id='block_1_26' title="bbox 956 1452 1781 1499">
    <p class='ocr_par' dir='ltr' id='par_1_26' title="bbox 956 1452 1781 1499">
     <span class='ocr_line' id='line_1_89' title="bbox 956 1452 1781 1499; baseline 0.005 -13"><span class='ocrx_word' id='word_1_501' title='bbox 956 1482 957 1486; x_wconf 73' lang='grc'>,</span> <span class='ocrx_word' id='word_1_502' title='bbox 995 1453 1063 1495; x_wconf 89' lang='lat' dir='ltr'>lta,</span> <span class='ocrx_word' id='word_1_503' title='bbox 1083 1456 1119 1487; x_wconf 90' lang='lat' dir='ltr'>et</span> <span class='ocrx_word' id='word_1_504' title='bbox 1141 1462 1207 1498; x_wconf 87' lang='lat' dir='ltr'>pro</span> <span class='ocrx_word' id='word_1_505' title='bbox 1230 1452 1313 1488; x_wconf 90' lang='lat' dir='ltr'>aliis</span> <span class='ocrx_word' id='word_1_506' title='bbox 1336 1464 1419 1498; x_wconf 55' lang='lat' dir='ltr'>quas</span> <span class='ocrx_word' id='word_1_507' title='bbox 1441 1453 1652 1498; x_wconf 84' lang='lat' dir='ltr'>spiritualia</span> <span class='ocrx_word' id='word_1_508' title='bbox 1675 1456 1781 1499; x_wconf 86' lang='lat' dir='ltr'>sunt;</span> 
     </span>
    </p>
   </div>
   <div class='ocr_carea' id='block_1_27' title="bbox 993 1499 1785 1642">
    <p class='ocr_par' dir='ltr' id='par_1_27' title="bbox 993 1499 1785 1642">
     <span class='ocr_line' id='line_1_90' title="bbox 993 1499 1785 1544; baseline 0.006 -11"><span class='ocrx_word' id='word_1_509' title='bbox 993 1510 1066 1534; x_wconf 88' lang='lat' dir='ltr'>non</span> <span class='ocrx_word' id='word_1_510' title='bbox 1088 1509 1154 1544; x_wconf 88' lang='lat' dir='ltr'>pro</span> <span class='ocrx_word' id='word_1_511' title='bbox 1171 1499 1287 1544; x_wconf 82' lang='lat' dir='ltr'>agris,</span> <span class='ocrx_word' id='word_1_512' title='bbox 1308 1500 1364 1535; x_wconf 76' lang='lat' dir='ltr'>vel</span> <span class='ocrx_word' id='word_1_513' title='bbox 1384 1500 1594 1536; x_wconf 87' lang='lat' dir='ltr'>redditibus</span> <span class='ocrx_word' id='word_1_514' title='bbox 1611 1502 1785 1538; x_wconf 64' lang='lat' dir='ltr'>Ecclesia}</span> 
     </span>
     <span class='ocr_line' id='line_1_91' title="bbox 993 1546 1781 1594; baseline 0.006 -14"><span class='ocrx_word' id='word_1_515' title='bbox 993 1550 1029 1581; x_wconf 89' lang='lat' dir='ltr'>et</span> <span class='ocrx_word' id='word_1_516' title='bbox 1052 1546 1254 1583; x_wconf 70' lang='lat' dir='ltr'>similibus</span> <span class='ocrx_word' id='word_1_517' title='bbox 1282 1548 1388 1592; x_wconf 74' lang='lat' dir='ltr'>Saepe</span> <span class='ocrx_word' id='word_1_518' title='bbox 1407 1547 1509 1583; x_wconf 89' lang='lat' dir='ltr'>enim</span> <span class='ocrx_word' id='word_1_519' title='bbox 1532 1559 1599 1583; x_wconf 91' lang='lat' dir='ltr'>nos</span> <span class='ocrx_word' id='word_1_520' title='bbox 1624 1549 1781 1594; x_wconf 83' lang='lat' dir='ltr'>opponi-</span> 
     </span>
     <span class='ocr_line' id='line_1_92' title="bbox 994 1593 1782 1642; baseline 0.006 -14"><span class='ocrx_word' id='word_1_521' title='bbox 994 1604 1077 1629; x_wconf 89' lang='lat' dir='ltr'>mus</span> <span class='ocrx_word' id='word_1_522' title='bbox 1102 1604 1169 1639; x_wconf 90' lang='lat' dir='ltr'>pro</span> <span class='ocrx_word' id='word_1_523' title='bbox 1198 1593 1270 1637; x_wconf 80' lang='lat' dir='ltr'>his,</span> <span class='ocrx_word' id='word_1_524' title='bbox 1298 1594 1418 1639; x_wconf 75' lang='lat' dir='ltr'>magis</span> <span class='ocrx_word' id='word_1_525' title='bbox 1442 1595 1583 1630; x_wconf 91' lang='lat' dir='ltr'>inducti</span> <span class='ocrx_word' id='word_1_526' title='bbox 1608 1596 1782 1642; x_wconf 73' lang='lat' dir='ltr'>avaritia,</span> 
     </span>
    </p>
   </div>
   <div class='ocr_carea' id='block_1_28' title="bbox 995 1689 1780 1733">
    <p class='ocr_par' dir='ltr' id='par_1_28' title="bbox 995 1689 1780 1733">
     <span class='ocr_line' id='line_1_93' title="bbox 995 1689 1780 1733; baseline 0.005 -10"><span class='ocrx_word' id='word_1_527' title='bbox 995 1699 1082 1724; x_wconf 89' lang='lat' dir='ltr'>nem</span> <span class='ocrx_word' id='word_1_528' title='bbox 1104 1689 1323 1724; x_wconf 73' lang='lat' dir='ltr'>Ambrosius</span> <span class='ocrx_word' id='word_1_529' title='bbox 1344 1689 1616 1733; x_wconf 84' lang='lat' dir='ltr'>determinans,</span> <span class='ocrx_word' id='word_1_530' title='bbox 1630 1691 1682 1726; x_wconf 87' lang='lat' dir='ltr'>sic</span> <span class='ocrx_word' id='word_1_531' title='bbox 1701 1691 1754 1727; x_wconf 91' lang='lat' dir='ltr'>ait</span> <span class='ocrx_word' id='word_1_532' title='bbox 1772 1706 1780 1728; x_wconf 92' lang='lat'>:</span> 
     </span>
    </p>
   </div>
   <div class='ocr_carea' id='block_1_29' title="bbox 954 1735 1782 1784">
    <p class='ocr_par' dir='ltr' id='par_1_29' title="bbox 954 1735 1782 1784">
     <span class='ocr_line' id='line_1_94' title="bbox 954 1735 1782 1784; baseline 0.008 -16"><span class='ocrx_word' id='word_1_533' title='bbox 954 1749 955 1752; x_wconf 42' lang='lat'>¹</span> <span class='ocrx_word' id='word_1_534' title='bbox 995 1748 1012 1769; x_wconf 87' lang='lat'>«</span> <span class='ocrx_word' id='word_1_535' title='bbox 1045 1735 1081 1772; x_wconf 90' lang='lat' dir='ltr'>Si</span> <span class='ocrx_word' id='word_1_536' title='bbox 1112 1747 1134 1772; x_wconf 88' lang='lat' dir='ltr'>a</span> <span class='ocrx_word' id='word_1_537' title='bbox 1170 1746 1230 1773; x_wconf 92' lang='lat' dir='ltr'>me</span> <span class='ocrx_word' id='word_1_538' title='bbox 1260 1735 1410 1782; x_wconf 82' lang='lat' dir='ltr'>petierit</span> <span class='ocrx_word' id='word_1_539' title='bbox 1438 1737 1647 1782; x_wconf 82' lang='lat' dir='ltr'>Imperator</span> <span class='ocrx_word' id='word_1_540' title='bbox 1681 1738 1782 1784; x_wconf 89' lang='lat' dir='ltr'>quod</span> 
     </span>
    </p>
   </div>
   <div class='ocr_carea' id='block_1_30' title="bbox 994 1783 1786 1926">
    <p class='ocr_par' dir='ltr' id='par_1_30' title="bbox 994 1783 1786 1926">
     <span class='ocr_line' id='line_1_95' title="bbox 994 1783 1782 1830; baseline 0.004 -11"><span class='ocrx_word' id='word_1_541' title='bbox 994 1794 1119 1819; x_wconf 90' lang='lat' dir='ltr'>meum</span> <span class='ocrx_word' id='word_1_542' title='bbox 1142 1788 1212 1828; x_wconf 89' lang='lat' dir='ltr'>est,</span> <span class='ocrx_word' id='word_1_543' title='bbox 1233 1783 1271 1820; x_wconf 93' lang='lat' dir='ltr'>id</span> <span class='ocrx_word' id='word_1_544' title='bbox 1296 1787 1352 1820; x_wconf 88' lang='lat' dir='ltr'>est</span> <span class='ocrx_word' id='word_1_545' title='bbox 1379 1784 1536 1821; x_wconf 90' lang='lat' dir='ltr'>fundum</span> <span class='ocrx_word' id='word_1_546' title='bbox 1556 1795 1696 1830; x_wconf 84' lang='lat' dir='ltr'>meum,</span> <span class='ocrx_word' id='word_1_547' title='bbox 1719 1797 1782 1822; x_wconf 90' lang='lat' dir='ltr'>ar-</span> 
     </span>
     <span class='ocr_line' id='line_1_96' title="bbox 995 1879 1786 1926; baseline 0.003 -12"><span class='ocrx_word' id='word_1_548' title='bbox 995 1889 1054 1914; x_wconf 89' lang='lat' dir='ltr'>me</span> <span class='ocrx_word' id='word_1_549' title='bbox 1095 1890 1172 1915; x_wconf 90' lang='lat' dir='ltr'>non</span> <span class='ocrx_word' id='word_1_550' title='bbox 1221 1879 1513 1925; x_wconf 84' lang='lat' dir='ltr'>refragaturum,</span> <span class='ocrx_word' id='word_1_551' title='bbox 1553 1891 1786 1926; x_wconf 78' lang='lat' dir='ltr'>quamquam</span> 
     </span>
    </p>
   </div>
   <div class='ocr_carea' id='block_1_31' title="bbox 993 1974 1783 2068">
    <p class='ocr_par' dir='ltr' id='par_1_31' title="bbox 993 1974 1783 2068">
     <span class='ocr_line' id='line_1_97' title="bbox 995 1974 1783 2020; baseline 0.005 -12"><span class='ocrx_word' id='word_1_552' title='bbox 995 1984 1078 2009; x_wconf 91' lang='lat' dir='ltr'>rum</span> <span class='ocrx_word' id='word_1_553' title='bbox 1098 1986 1105 2017; x_wconf 89' lang='lat'>;</span> <span class='ocrx_word' id='word_1_554' title='bbox 1130 1984 1257 2010; x_wconf 85' lang='lat' dir='ltr'>verum</span> <span class='ocrx_word' id='word_1_555' title='bbox 1272 1984 1315 2010; x_wconf 89' lang='lat' dir='ltr'>ea</span> <span class='ocrx_word' id='word_1_556' title='bbox 1337 1985 1420 2020; x_wconf 79' lang='lat' dir='ltr'>quae</span> <span class='ocrx_word' id='word_1_557' title='bbox 1436 1974 1563 2010; x_wconf 90' lang='lat' dir='ltr'>divina</span> <span class='ocrx_word' id='word_1_558' title='bbox 1596 1980 1694 2018; x_wconf 84' lang='lat' dir='ltr'>sunt,</span> <span class='ocrx_word' id='word_1_559' title='bbox 1716 1975 1783 2012; x_wconf 88' lang='lat' dir='ltr'>im-</span> 
     </span>
     <span class='ocr_line' id='line_1_98' title="bbox 993 2021 1780 2068; baseline 0.001 -11"><span class='ocrx_word' id='word_1_560' title='bbox 993 2021 1196 2066; x_wconf 78' lang='lat' dir='ltr'>peratoriae</span> <span class='ocrx_word' id='word_1_561' title='bbox 1209 2021 1384 2067; x_wconf 87' lang='lat' dir='ltr'>potestati</span> <span class='ocrx_word' id='word_1_562' title='bbox 1401 2032 1476 2057; x_wconf 91' lang='lat' dir='ltr'>non</span> <span class='ocrx_word' id='word_1_563' title='bbox 1492 2025 1578 2057; x_wconf 87' lang='lat' dir='ltr'>sunt</span> <span class='ocrx_word' id='word_1_564' title='bbox 1596 2023 1780 2068; x_wconf 86' lang='lat' dir='ltr'>subjecta.</span> 
     </span>
    </p>
   </div>
   <div class='ocr_carea' id='block_1_32' title="bbox 984 2115 1783 2830">
    <p class='ocr_par' dir='ltr' id='par_1_32' title="bbox 990 2115 1783 2486">
     <span class='ocr_line' id='line_1_99' title="bbox 992 2115 1783 2161; baseline 0.004 -10"><span class='ocrx_word' id='word_1_565' title='bbox 992 2126 1143 2161; x_wconf 84' lang='lat' dir='ltr'>corpus,</span> <span class='ocrx_word' id='word_1_566' title='bbox 1174 2126 1369 2152; x_wconf 83' lang='lat' dir='ltr'>occurram</span> <span class='ocrx_word' id='word_1_567' title='bbox 1389 2128 1397 2159; x_wconf 90' lang='lat'>;</span> <span class='ocrx_word' id='word_1_568' title='bbox 1421 2115 1534 2152; x_wconf 86' lang='lat' dir='ltr'>vultis</span> <span class='ocrx_word' id='word_1_569' title='bbox 1567 2115 1605 2152; x_wconf 93' lang='lat' dir='ltr'>in</span> <span class='ocrx_word' id='word_1_570' title='bbox 1635 2117 1783 2154; x_wconf 86' lang='lat' dir='ltr'>vincula</span> 
     </span>
     <span class='ocr_line' id='line_1_100' title="bbox 993 2163 1782 2210; baseline 0.003 -12"><span class='ocrx_word' id='word_1_571' title='bbox 993 2174 1140 2209; x_wconf 85' lang='lat' dir='ltr'>rapere,</span> <span class='ocrx_word' id='word_1_572' title='bbox 1162 2163 1272 2199; x_wconf 85' lang='lat' dir='ltr'>vultis</span> <span class='ocrx_word' id='word_1_573' title='bbox 1298 2163 1335 2199; x_wconf 89' lang='lat' dir='ltr'>in</span> <span class='ocrx_word' id='word_1_574' title='bbox 1365 2167 1525 2200; x_wconf 86' lang='lat' dir='ltr'>mortem</span> <span class='ocrx_word' id='word_1_575' title='bbox 1548 2174 1694 2210; x_wconf 82' lang='lat' dir='ltr'>rapere,</span> <span class='ocrx_word' id='word_1_576' title='bbox 1718 2175 1782 2201; x_wconf 92' lang='lat' dir='ltr'>vo—</span> 
     </span>
     <span class='ocr_line' id='line_1_101' title="bbox 992 2210 1782 2257; baseline 0.004 -11"><span class='ocrx_word' id='word_1_577' title='bbox 992 2211 1147 2247; x_wconf 83' lang='lat' dir='ltr'>luntatis</span> <span class='ocrx_word' id='word_1_578' title='bbox 1167 2214 1224 2247; x_wconf 90' lang='lat' dir='ltr'>est</span> <span class='ocrx_word' id='word_1_579' title='bbox 1245 2210 1335 2246; x_wconf 75' lang='lat' dir='ltr'>mihi</span> <span class='ocrx_word' id='word_1_580' title='bbox 1356 2223 1364 2246; x_wconf 92' lang='lat'>:</span> <span class='ocrx_word' id='word_1_581' title='bbox 1390 2222 1464 2246; x_wconf 91' lang='lat' dir='ltr'>non</span> <span class='ocrx_word' id='word_1_582' title='bbox 1487 2222 1556 2257; x_wconf 86' lang='lat' dir='ltr'>ego</span> <span class='ocrx_word' id='word_1_583' title='bbox 1586 2221 1644 2248; x_wconf 90' lang='lat' dir='ltr'>me</span> <span class='ocrx_word' id='word_1_584' title='bbox 1667 2212 1782 2249; x_wconf 83' lang='lat' dir='ltr'>valla-</span> 
     </span>
     <span class='ocr_line' id='line_1_102' title="bbox 991 2258 1782 2305; baseline 0.001 -11"><span class='ocrx_word' id='word_1_585' title='bbox 991 2259 1038 2294; x_wconf 88' lang='lat' dir='ltr'>bo</span> <span class='ocrx_word' id='word_1_586' title='bbox 1059 2258 1352 2295; x_wconf 82' lang='lat' dir='ltr'>circumfusione</span> <span class='ocrx_word' id='word_1_587' title='bbox 1371 2259 1611 2305; x_wconf 89' lang='lat' dir='ltr'>populorum,</span> <span class='ocrx_word' id='word_1_588' title='bbox 1639 2270 1708 2296; x_wconf 89' lang='lat' dir='ltr'>nee</span> <span class='ocrx_word' id='word_1_589' title='bbox 1730 2260 1782 2296; x_wconf 89' lang='lat' dir='ltr'>al-</span> 
     </span>
     <span class='ocr_line' id='line_1_103' title="bbox 991 2305 1779 2351; baseline 0.003 -10"><span class='ocrx_word' id='word_1_590' title='bbox 991 2305 1090 2342; x_wconf 87' lang='lat' dir='ltr'>taria</span> <span class='ocrx_word' id='word_1_591' title='bbox 1126 2307 1261 2343; x_wconf 89' lang='lat' dir='ltr'>tenebo</span> <span class='ocrx_word' id='word_1_592' title='bbox 1287 2306 1403 2342; x_wconf 89' lang='lat' dir='ltr'>vitam</span> <span class='ocrx_word' id='word_1_593' title='bbox 1430 2307 1660 2350; x_wconf 84' lang='lat' dir='ltr'>obsecrans3</span> <span class='ocrx_word' id='word_1_594' title='bbox 1699 2308 1779 2351; x_wconf 86' lang='lat' dir='ltr'>sed,</span> 
     </span>
     <span class='ocr_line' id='line_1_104' title="bbox 991 2353 1781 2400; baseline 0 -10"><span class='ocrx_word' id='word_1_595' title='bbox 991 2364 1059 2400; x_wconf 90' lang='lat' dir='ltr'>pro</span> <span class='ocrx_word' id='word_1_596' title='bbox 1083 2353 1264 2390; x_wconf 87' lang='lat' dir='ltr'>altaribus</span> <span class='ocrx_word' id='word_1_597' title='bbox 1284 2357 1321 2390; x_wconf 92' lang='lat' dir='ltr'>et</span> <span class='ocrx_word' id='word_1_598' title='bbox 1347 2353 1607 2400; x_wconf 84' lang='lat' dir='ltr'>spiritualibus</span> <span class='ocrx_word' id='word_1_599' title='bbox 1624 2354 1671 2390; x_wconf 89' lang='lat' dir='ltr'>ad</span> <span class='ocrx_word' id='word_1_600' title='bbox 1693 2354 1781 2400; x_wconf 89' lang='lat' dir='ltr'>ipsa</span> 
     </span>
     <span class='ocr_line' id='line_1_105' title="bbox 991 2400 1782 2448; baseline 0.003 -11"><span class='ocrx_word' id='word_1_601' title='bbox 991 2401 1281 2448; x_wconf 83' lang='lat' dir='ltr'>pertinentibus,</span> <span class='ocrx_word' id='word_1_602' title='bbox 1321 2400 1551 2438; x_wconf 85' lang='lat' dir='ltr'>immolabor</span> <span class='ocrx_word' id='word_1_603' title='bbox 1581 2413 1589 2437; x_wconf 89' lang='lat'>:</span> <span class='ocrx_word' id='word_1_604' title='bbox 1640 2414 1657 2434; x_wconf 87' lang='lat'>»</span> <span class='ocrx_word' id='word_1_605' title='bbox 1696 2402 1782 2439; x_wconf 86' lang='lat' dir='ltr'>haee</span> 
     </span>
     <span class='ocr_line' id='line_1_106' title="bbox 990 2450 1220 2486; baseline 0.004 -1"><span class='ocrx_word' id='word_1_606' title='bbox 990 2450 1220 2486; x_wconf 82' lang='lat' dir='ltr'>Ambrosius.</span> 
     </span>
    </p>

    <p class='ocr_par' dir='ltr' id='par_1_33' title="bbox 984 2499 1780 2830">
     <span class='ocr_line' id='line_1_107' title="bbox 1042 2499 1779 2535; baseline -0.001 -2"><span class='ocrx_word' id='word_1_607' title='bbox 1042 2511 1081 2534; x_wconf 80' lang='lat'>12</span> <span class='ocrx_word' id='word_1_608' title='bbox 1118 2499 1391 2535; x_wconf 66' lang='lat' dir='ltr'>Bfflrirtmxmt</span> <span class='ocrx_word' id='word_1_609' title='bbox 1423 2508 1706 2533; x_wconf 66' lang='lat' dir='ltr'>coxcnsxnio.</span> <span class='ocrx_word' id='word_1_610' title='bbox 1733 2519 1779 2524; x_wconf 90' lang='lat'><strong>—</strong></span> 
     </span>
     <span class='ocr_line' id='line_1_108' title="bbox 991 2545 1780 2591; baseline 0.001 -10"><span class='ocrx_word' id='word_1_611' title='bbox 991 2546 1078 2581; x_wconf 83' lang='lat' dir='ltr'>Haec</span> <span class='ocrx_word' id='word_1_612' title='bbox 1109 2549 1243 2582; x_wconf 86' lang='lat' dir='ltr'>octava</span> <span class='ocrx_word' id='word_1_613' title='bbox 1272 2545 1592 2591; x_wconf 85' lang='lat' dir='ltr'>complementum</span> <span class='ocrx_word' id='word_1_614' title='bbox 1614 2548 1671 2580; x_wconf 85' lang='lat' dir='ltr'>est</span> <span class='ocrx_word' id='word_1_615' title='bbox 1691 2545 1780 2582; x_wconf 88' lang='lat' dir='ltr'>alia-</span> 
     </span>
     <span class='ocr_line' id='line_1_109' title="bbox 989 2592 1779 2630; baseline 0.001 -1"><span class='ocrx_word' id='word_1_616' title='bbox 989 2603 1072 2630; x_wconf 90' lang='lat' dir='ltr'>rum</span> <span class='ocrx_word' id='word_1_617' title='bbox 1095 2592 1374 2630; x_wconf 87' lang='lat' dir='ltr'>beatitudinum</span> <span class='ocrx_word' id='word_1_618' title='bbox 1395 2596 1430 2628; x_wconf 90' lang='lat' dir='ltr'>et</span> <span class='ocrx_word' id='word_1_619' title='bbox 1446 2602 1592 2628; x_wconf 81' lang='lat' dir='ltr'>summa</span> <span class='ocrx_word' id='word_1_620' title='bbox 1608 2592 1779 2630; x_wconf 89' lang='lat' dir='ltr'>omnium</span> 
     </span>
     <span class='ocr_line' id='line_1_110' title="bbox 988 2641 1776 2687; baseline 0.001 -11"><span class='ocrx_word' id='word_1_621' title='bbox 988 2651 1215 2677; x_wconf 89' lang='lat' dir='ltr'>coronarum</span> <span class='ocrx_word' id='word_1_622' title='bbox 1237 2653 1245 2677; x_wconf 89' lang='lat'><strong>:</strong></span> <span class='ocrx_word' id='word_1_623' title='bbox 1271 2645 1357 2676; x_wconf 89' lang='lat' dir='ltr'>tune</span> <span class='ocrx_word' id='word_1_624' title='bbox 1383 2643 1423 2675; x_wconf 90' lang='lat' dir='ltr'>ut</span> <span class='ocrx_word' id='word_1_625' title='bbox 1440 2650 1525 2675; x_wconf 88' lang='lat' dir='ltr'>cum</span> <span class='ocrx_word' id='word_1_626' title='bbox 1554 2641 1666 2675; x_wconf 80' lang='lat' dir='ltr'>homo</span> <span class='ocrx_word' id='word_1_627' title='bbox 1690 2651 1776 2687; x_wconf 90' lang='lat' dir='ltr'>per-</span> 
     </span>
     <span class='ocr_line' id='line_1_111' title="bbox 987 2687 1779 2734; baseline 0.003 -10"><span class='ocrx_word' id='word_1_628' title='bbox 987 2688 1107 2725; x_wconf 89' lang='lat' dir='ltr'>fectus</span> <span class='ocrx_word' id='word_1_629' title='bbox 1133 2692 1191 2725; x_wconf 89' lang='lat' dir='ltr'>est</span> <span class='ocrx_word' id='word_1_630' title='bbox 1208 2688 1246 2724; x_wconf 90' lang='lat' dir='ltr'>in</span> <span class='ocrx_word' id='word_1_631' title='bbox 1265 2687 1413 2727; x_wconf 88' lang='lat' dir='ltr'>ceteris.</span> <span class='ocrx_word' id='word_1_632' title='bbox 1436 2687 1588 2723; x_wconf 85' lang='lat' dir='ltr'>tandem</span> <span class='ocrx_word' id='word_1_633' title='bbox 1604 2692 1714 2734; x_wconf 82' lang='lat' dir='ltr'>aptus</span> <span class='ocrx_word' id='word_1_634' title='bbox 1731 2689 1779 2726; x_wconf 88' lang='lat' dir='ltr'>ad</span> 
     </span>
     <span class='ocr_line' id='line_1_112' title="bbox 986 2734 1772 2782; baseline 0 -10"><span class='ocrx_word' id='word_1_635' title='bbox 986 2736 1208 2782; x_wconf 89' lang='lat' dir='ltr'>patiendum</span> <span class='ocrx_word' id='word_1_636' title='bbox 1219 2735 1378 2772; x_wconf 81' lang='lat' dir='ltr'>adversa</span> <span class='ocrx_word' id='word_1_637' title='bbox 1393 2734 1529 2781; x_wconf 86' lang='lat' dir='ltr'>dignus</span> <span class='ocrx_word' id='word_1_638' title='bbox 1545 2735 1772 2781; x_wconf 82' lang='lat' dir='ltr'>reperiatur.</span> 
     </span>
     <span class='ocr_line' id='line_1_113' title="bbox 984 2783 1774 2830; baseline 0.003 -10"><span class='ocrx_word' id='word_1_639' title='bbox 984 2783 1090 2821; x_wconf 90' lang='lat' dir='ltr'>Unde</span> <span class='ocrx_word' id='word_1_640' title='bbox 1115 2785 1392 2830; x_wconf 74' lang='lat' dir='ltr'>chrysostomus</span> <span class='ocrx_word' id='word_1_641' title='bbox 1425 2795 1436 2818; x_wconf 87' lang='lat'>:</span> <span class='ocrx_word' id='word_1_642' title='bbox 1477 2797 1491 2815; x_wconf 65' lang='grc' dir='ltr'>ιι</span> <span class='ocrx_word' id='word_1_643' title='bbox 1524 2784 1732 2830; x_wconf 84' lang='lat' dir='ltr'>Propterea</span> <span class='ocrx_word' id='word_1_644' title='bbox 1751 2794 1774 2821; x_wconf 85' lang='lat' dir='ltr'>a</span> 
     </span>
    </p>
   </div>
  </div>
 </body>
</html>
