1835 3116
293 128 515 163 SERMONIS
556 128 597 162 ix
633 126 780 162 MONTE
819 127 1227 164 coxTixtntitofflss
1263 130 1394 166 ORAT.
1435 131 1535 166 DOM.
1681 131 1743 167 303

92 201 320 248 glorificent.
343 200 445 238 Sicut
469 199 571 236 enim
595 209 680 235 cum
699 198 782 244 quis
802 198 885 234 coeli

94 248 416 295 pulchritudinem
449 246 594 293 aspicit,
633 244 735 298 dicit·
763 244 885 298 gloria

97 295 165 333 tibi
188 298 298 339 Deus,
319 295 370 331 sic
402 294 515 330 etiam
548 303 634 328 ciim
657 296 790 338 aspicit
815 292 884 328 ali-

96 344 202 389 qu'us
235 343 426 386 virtutem,
459 339 548 387 quia
574 339 738 376 hominis
766 339 884 375 virtus

93 391 212 426 multo
239 389 358 436 magis
378 397 490 434 quam
521 387 670 431 coelum,
693 387 884 432 glorificat

96 439 214 474 Deum
243 449 251 473 z
282 450 300 469 »
336 437 416 472 haec
457 435 744 479 chrysostomus.
799 434 879 478 Vel,

94 495 222 521 nomen
244 487 356 525 tuum,
380 481 523 518 scilicet
545 481 786 527 paternitatis
807 491 880 527 quo

94 530 232 568 diceris
264 531 387 573 Pater,
424 530 698 574 sanctificetur,
732 529 769 564 id
803 532 878 573 est,

93 578 338 614 confirmetur
359 576 396 612 in
421 575 530 612 nobis
547 586 614 622 per
632 586 879 622 perseveran-

93 625 187 662 tiam
211 628 248 660 et
269 623 527 667 stabilitatem,
551 634 598 660 ne
621 633 643 659 a
670 623 880 660 sanctitica-

93 671 196 708 tione
217 671 381 707 nominis
404 671 441 707 in
460 670 588 717 aliquo
604 671 878 717 discrepemus,

93 718 160 755 sed
182 718 304 755 Patris
327 729 465 754 nomen
493 719 528 753 in
551 718 658 754 nobis
685 722 879 764 tamquam

93 765 134 802 in
151 765 240 802 filiis
259 765 337 802 vita
355 770 390 802 et
422 765 593 801 moribus
617 766 877 810 ostendamus,

91 816 134 850 ut
165 823 373 859 numquam
407 823 476 859 per
513 818 708 858 peccatum
729 823 750 848 a
782 812 878 849 filia-

90 859 206 897 tionis
241 860 364 908 gratia
392 870 626 906 separemur,
649 860 706 896 vel
727 870 749 897 a
771 859 879 896 nobis

93 907 216 954 gratia
237 912 435 954 separetur
466 906 681 951 filiationis;
722 907 788 943 sed
811 907 877 943 filii

89 954 145 991 tui
172 965 241 1001 per
273 954 434 1001 gratiam
469 964 619 1000 semper
642 964 877 999 maneamus,

90 1006 132 1038 ut
157 1012 244 1039 vere
281 1001 398 1038 simiis
433 1001 501 1037 filii
535 1001 605 1045 tui,
639 1012 800 1047 quorum
839 1006 878 1038 tu

92 1049 206 1085 Pater
219 1060 302 1086 esse
321 1048 501 1095 dignaris.
517 1048 597 1089 Vel,
617 1059 744 1084 nomen
759 1053 874 1091 ticum,

90 1095 131 1132 id
168 1101 224 1133 est
263 1096 397 1132 notitia
425 1100 504 1139 tua,
534 1097 806 1141 sanctificetur,
839 1095 876 1131 id

88 1146 147 1180 est
170 1144 419 1180 confirmetur
450 1142 560 1179 nobis
590 1152 658 1189 per
687 1153 813 1179 veram
836 1143 877 1179 fi-

89 1190 190 1235 dem,
213 1195 254 1227 ut
274 1196 314 1227 tu
336 1192 433 1227 Deus
445 1189 508 1236 qui
530 1189 568 1226 in
588 1193 624 1226 te
641 1194 793 1226 sanctus
819 1201 873 1235 es,

89 1242 245 1275 sanctus
282 1237 460 1274 habearis
491 1238 538 1274 ab
573 1237 814 1283 hominibus,
839 1243 876 1274 et

89 1284 144 1322 ita
179 1285 358 1322 omnibus
395 1284 643 1321 innotescaris
660 1313 669 1327 ‚
712 1289 752 1321 ut
799 1296 875 1321 non

91 1332 306 1369 existiment
326 1331 470 1377 aliquid
486 1332 653 1368 sanctius
675 1333 777 1379 quod
798 1343 875 1369 ma-

88 1379 147 1426 gis
168 1380 327 1416 timeant
357 1379 567 1425 offendere,
589 1385 626 1416 et
654 1380 758 1426 quod
785 1380 874 1416 dili-

90 1427 241 1474 gentius
260 1428 436 1464 studeant
460 1428 664 1464 honorare.

135 1478 154 1510 5
189 1476 353 1511 Si-:ccxna
386 1486 537 1511 Parme.
563 1495 610 1500 —
641 1474 783 1510 Deinde
813 1485 871 1511 se-

87 1521 215 1568 quitur
254 1522 420 1559 secunda
457 1521 588 1568 petitio
634 1533 641 1557 :
684 1522 872 1558 Adveniet

85 1579 236 1614 reanum
255 1573 367 1614 tuum,
383 1569 525 1606 scilicet
543 1569 740 1613 Ecclesiae,
761 1569 797 1605 id
816 1572 872 1605 est

86 1617 350 1653 manifestetur
381 1616 613 1661 hominibus,
651 1620 691 1653 ut
728 1621 767 1652 tu
808 1616 872 1662 qui

86 1674 186 1700 nunc
211 1675 363 1711 regnas,
386 1674 611 1710 semperque
637 1663 804 1709 regnasti
833 1664 872 1700 in

85 1711 211 1756 terris,
256 1712 302 1748 ab
345 1711 562 1747 hominibus
603 1710 870 1757 ignorantibus

85 1769 246 1804 regnare
280 1758 501 1805 percipiaris
540 1760 578 1794 et
613 1758 868 1804 cognoscaris,

85 1806 222 1852 quihus
247 1817 408 1853 regnum
441 1805 528 1850 Dei,
559 1806 732 1852 quamvis
764 1817 871 1842 num-

85 1863 200 1900 quam
215 1853 383 1891 discedat
398 1854 444 1890 de
456 1852 583 1898 terris,
594 1858 720 1890 tamen
732 1854 870 1890 absens

86 1904 157 1945 est,
179 1900 275 1938 sicut
301 1901 362 1937 lux
383 1911 550 1948 praesens
574 1901 681 1937 abest
703 1901 812 1937 caecis
833 1904 871 1937 et

86 1948 215 1985 oculos
235 1949 510 1985 claudentibus.
528 1948 608 1991 Vel,
631 1949 804 1984 adveniat
819 1959 871 1983 re-

85 2006 198 2040 anum
213 1999 328 2037 tuum,
354 1995 495 2032 scilicet
513 1995 659 2041 gratiae,
683 2005 756 2041 quo
777 2006 870 2041 quo-

88 2043 178 2079 tidie
199 2054 337 2089 regnas
358 2043 395 2079 in
416 2042 579 2087 Sanctis,
602 2043 702 2088 quod
724 2042 765 2078 fit
786 2053 871 2078 cum

88 2089 229 2127 diaboli
274 2090 432 2137 imperio
469 2100 538 2137 per
582 2089 870 2126 exstinctionem

90 2137 266 2174 vitiorum
281 2138 327 2175 de
343 2138 519 2175 cordibus
537 2137 676 2173 nostris
694 2137 815 2183 pulso,
830 2141 870 2173 tu

84 2184 125 2221 in
159 2185 269 2222 nobis
304 2196 373 2232 per
407 2185 587 2222 virtutum
623 2184 869 2231 fragrantiam

85 2231 245 2279 incipias
285 2232 496 2278 dominari,
539 2236 579 2269 ut
619 2243 696 2268 non
736 2235 870 2278 regnet

83 2279 272 2326 diabolus,
306 2284 371 2317 aut
401 2279 578 2324 mundus,
612 2280 670 2316 vel
705 2279 870 2316 carnalis

87 2327 247 2364 affectus
261 2338 328 2364 seu
343 2328 670 2374 ullum.peccatum
686 2327 724 2362 in
745 2327 869 2371 nobis,

84 2374 150 2411 sed
173 2378 213 2411 tu
231 2375 332 2411 solus
365 2375 446 2412 sine
474 2375 561 2411 illis.
585 2375 667 2419 Vel,
696 2375 870 2410 adveniat

84 2433 238 2467 reynum
274 2426 389 2464 tuum,
419 2422 562 2459 scilicet
596 2421 741 2467 glorias,
771 2421 871 2468 quod

113 2469 298 2506 raestituto
319 2474 488 2516 tempore
509 2470 686 2506 omnibus
707 2473 765 2505 est
786 2480 870 2515 per-

102 2518 209 2561 ectiS,
231 2527 275 2553 ac
299 2517 364 2553 Dei
385 2516 472 2553 filiis
492 2517 722 2563 generaliter
739 2527 869 2563 repro-

86 2563 257 2600 missum.
281 2564 347 2601 Ubi
374 2563 604 2601 desiderium
632 2567 803 2600 nosti-um
822 2563 870 2600 ad

83 2611 250 2648 futurum
271 2622 430 2658 regnum
452 2611 672 2655 excitamus,
693 2615 733 2647 ut
759 2610 869 2647 uobis

88 2661 126 2696 et
142 2659 190 2696 ad
210 2670 280 2696 nos
298 2659 424 2696 veniat
441 2662 478 2696 et
498 2658 535 2695 in
553 2669 597 2696 eo
616 2669 777 2705 regnare
795 2669 870 2695 me-

85 2716 251 2743 reamur.
266 2708 358 2743 Nam
371 2706 543 2751 velimus,
557 2706 721 2743 nolimus
739 2705 868 2753 utique

87 2753 277 2801 adveniet,
291 2758 330 2792 et
344 2754 490 2792 utinam
508 2757 661 2802 paratos
679 2753 866 2792 inveniat!

961 199 1064 252 Unde
1098 200 1371 253 chrysostomus
1398 214 1410 238 .·
1439 214 1458 237 «
1486 204 1564 239 Hoc
1589 213 1739 250 quoque

959 247 1163 290 gratissimi
1200 249 1353 285 omnino
1387 250 1483 286 servi
1515 254 1585 295 est,
1617 261 1740 297 neque

959 292 1144 346 intuereris
1155 297 1413 340 praesentibus,
1428 308 1549 344 neque
1560 307 1740 343 magnum

958 339 1099 384 aliquid
1130 352 1174 377 ea
1195 353 1278 387 quae
1307 343 1482 381 videntur
1507 349 1654 391 putare,
1674 345 1742 382 sed

956 387 1005 439 ad
1028 388 1178 423 Patrem
1197 400 1346 436 semper
1363 391 1500 437 urgeri,
1516 403 1742 439 semperque

956 433 1132 486 insutura
1145 437 1295 480 gestire.
1309 439 1415 480 Quod
1428 444 1527 475 certe
1540 440 1585 476 de
1599 439 1744 486 optima

955 484 1076 533 oritur
1096 482 1340 527 couscientia,
1363 489 1398 520 et
1427 490 1551 522 iiic-iile
1579 487 1744 523 terrenis

955 529 1129 564 omnibus
1151 534 1273 565 exuta.
1302 532 1368 574 Qui
1393 533 1493 569 enim
1521 533 1590 569 isto
1611 545 1743 571 amore

954 576 1207 620 succenditur,
1225 581 1259 612 et
1279 578 1349 613 linc
1366 579 1477 615 liabet
1495 581 1741 625 desiderium,

954 633 1076 669 neque
1091 624 1202 669 hujus
1217 624 1350 670 opibus
1367 630 1399 660 et
1419 627 1593 673 benignis
1612 628 1739 664 iiillari

953 670 1103 715 poterit,
1133 681 1255 716 neque
1289 672 1458 708 adversis
1495 678 1531 710 et
1567 674 1738 712 tristibus

952 717 1157 763 humiliari,
1181 719 1247 754 sed
1266 722 1457 765 tamquam
1481 720 1516 756 ii]
1539 722 1617 766 ipso
1640 722 1735 758 coelo

953 765 1128 801 habitans
1162 769 1200 801 et
1229 777 1472 811 conversans,
1493 768 1540 803 ab
1576 772 1736 814 utraque

952 816 1081 848 erutus
1095 816 1153 848 est
1168 812 1205 849 in
1223 814 1454 859 aequtilitate.
1476 830 1492 846 »
1512 816 1552 850 Ei
1572 815 1733 852 iterum:

954 873 972 892 «
995 860 1067 896 Sed
1089 870 1233 907 magnae
1252 861 1399 898 fiduciae
1419 865 1457 898 et
1474 862 1630 898 sincerze
1650 872 1736 899 con-

953 906 1118 943 scientiae
1142 912 1198 944 est
1225 908 1296 944 hoc
1326 909 1473 945 Domini
1497 920 1672 955 regnum,
1696 912 1737 946 ut

952 954 1129 990 adveniat
1150 955 1385 992 confidenter
1405 961 1549 1003 optare.
1562 959 1605 993 Et
1617 956 1733 993 idcir-

951 1011 1008 1043 co,
1027 1002 1114 1047 quia
1129 1005 1169 1037 ut
1182 1013 1340 1048 reguum
1356 1003 1419 1040 Dei
1447 1005 1572 1040 veniat
1586 1015 1738 1050 semper

952 1058 1118 1092 oramus,
1139 1049 1234 1085 tales
1260 1060 1330 1085 nos
1359 1050 1397 1086 in
1424 1051 1498 1087 fide
1528 1051 1679 1087 Domini
1701 1054 1739 1088 et

951 1096 1140 1132 mandatis
1169 1097 1248 1142 rjus
1273 1098 1451 1134 exhibere
1479 1098 1677 1141 debemus,
1696 1101 1738 1135 ut

950 1142 1075 1179 futuro
1101 1154 1218 1189 regno
1241 1144 1346 1191 digni
1368 1156 1449 1181 csse
1471 1145 1661 1191 possimus
1685 1157 1693 1181 :
1716 1159 1734 1178 >³

950 1190 1030 1226 haec
1050 1192 1324 1235 Clirysostomzis
1337 1204 1344 1227 :
1357 1193 1399 1227 Et
1419 1192 1471 1228 sic.
1491 1204 1651 1239 regnum
1671 1193 1737 1230 Dei

951 1243 1006 1272 est
1022 1237 1168 1284 triplex,
1195 1238 1361 1275 scilicet:
1386 1239 1424 1275 in
1442 1240 1621 1282 Ecclesia,
1641 1244 1677 1276 et
1698 1241 1738 1276 in

950 1284 1091 1329 anima,
1107 1290 1219 1331 atque
1237 1286 1275 1321 in
1294 1286 1367 1322 vita
1388 1290 1549 1331 aeterna;
1569 1298 1635 1324 nec
1652 1298 1737 1334 pos·

950 1342 1079 1385 sumus
1102 1333 1149 1369 ad
1177 1335 1296 1370 Deum
1318 1335 1447 1370 venire
1470 1345 1538 1381 per
1559 1335 1734 1381 gloriam,

948 1390 1019 1414 nisi
1039 1379 1135 1432 ’ipse
1173 1381 1294 1427 primo
1331 1381 1459 1418 veniat
1488 1382 1536 1419 ad
1569 1393 1639 1419 nos
1665 1392 1733 1429 per

949 1431 1124 1473 gratiam.

996 1477 1016 1510 6
1060 1476 1194 1511 TeariA
1239 1487 1390 1512 Pamin.
1433 1496 1478 1502 -—
1519 1478 1606 1513 Post
1650 1477 1732 1514 haec

949 1521 1120 1567 sequitur
1141 1522 1270 1568 petitio
1297 1525 1407 1560 tertia
1427 1535 1436 1559 t
1459 1525 1542 1560 Fiat
1562 1526 1731 1561 voluntas

948 1572 1025 1610 tica,
1048 1571 1143 1605 sicut
1170 1572 1208 1605 in
1237 1571 1320 1606 coelo
1347 1574 1380 1607 ct
1407 1573 1445 1606 in
1472 1574 1583 1613 terra,
1611 1571 1647 1608 id
1676 1575 1734 1609 est

947 1615 1044 1652 sicut
1062 1617 1099 1652 in
1116 1616 1269 1662 Angelis
1291 1620 1327 1653 et
1348 1618 1490 1663 electis,
1504 1618 1566 1664 qui
1590 1623 1677 1655 sunt
1693 1619 1731 1655 in

947 1663 1057 1707 coelo,
1080 1665 1248 1710 perfecta
1279 1668 1336 1701 est
1373 1665 1548 1702 voluntas
1580 1669 1657 1710 tua,
1693 1669 1731 1702 ut

945 1710 1129 1747 voluntati
1160 1714 1235 1748 tuas
1270 1712 1494 1749 conformati
1532 1714 1732 1759 praeceptis

946 1757 1020 1794 tuis
1048 1758 1239 1804 obediant,
1263 1762 1300 1795 et
1326 1759 1391 1796 tibi
1422 1760 1575 1796 omnino
1602 1761 1731 1797 adhae-

946 1808 1069 1848 reant,
1105 1809 1143 1842 et
1180 1807 1367 1853 inculpate
1400 1808 1582 1852 serviant,
1620 1811 1734 1854 teque

944 1854 1208 1899 perfruantur;
1230 1854 1284 1890 ita
1298 1854 1413 1890 tiatin
1429 1854 1645 1891 bominibus
1668 1855 1731 1901 qui

945 1901 992 1936 de
1012 1904 1113 1937 terra
1132 1904 1231 1946 sunt,
1263 1905 1301 1938 et
1321 1901 1358 1937 in
1382 1906 1484 1937 terra
1502 1913 1732 1938 conversan-

944 1951 1018 1984 tur.
1048 1948 1129 1993 Vel,
1164 1950 1231 1993 fiat
1262 1950 1432 1984 voluntas
1454 1953 1532 1991 tua,
1563 1951 1659 1985 sicut
1692 1951 1733 1986 in

945 1996 1028 2031 cocto
1050 1999 1083 2031 et
1104 1997 1143 2030 in
1167 1999 1277 2036 terra,
1300 1995 1338 2031 id
1359 1998 1415 2031 cst
1437 1995 1531 2032 sicut
1553 1996 1588 2031 in
1605 1995 1730 2042 Justis,

944 2041 996 2078 ita
1017 2045 1054 2078 et
1074 2042 1110 2078 in
1131 2042 1407 2089 peccatoribus,
1430 2047 1470 2078 ut
1488 2043 1535 2079 ad
1558 2046 1608 2087 te,
1630 2042 1731 2080 scili-

945 2093 1004 2125 cet
1023 2100 1139 2126 unum
1164 2091 1280 2126 Deum
1302 2092 1340 2126 et
1359 2100 1490 2126 verum
1509 2093 1728 2126 convertan-

945 2140 1018 2180 tur,
1042 2140 1079 2173 et
1100 2136 1266 2173 universi
1287 2147 1362 2173 non
1391 2147 1513 2182 suani,
1537 2137 1603 2174 sed
1626 2141 1730 2174 tuam

945 2184 1085 2220 saciant
1122 2184 1374 2229 voluntatem,
1413 2195 1457 2221 ae
1497 2188 1534 2221 te
1573 2185 1731 2222 credant

945 2232 1074 2268 omnia
1101 2242 1184 2277 quae
1218 2232 1392 2268 videntur
1422 2232 1480 2268 vel
1513 2242 1649 2278 aspera
1672 2232 1730 2269 vel

945 2289 1140 2325 prospera,
1165 2289 1233 2325 pro
1255 2279 1394 2316 nostris
1411 2278 1638 2316 utilitatibus
1650 2279 1728 2316 dis-

945 2336 1118 2372 pensare.
1154 2328 1316 2363 Tantum
1353 2326 1453 2363 enim
1483 2326 1732 2374 spiritualiter

945 2373 1131 2410 interesse
1152 2373 1301 2411 videtur
1320 2373 1422 2411 inter
1429 2375 1555 2421 justos
1577 2377 1612 2410 et
1643 2384 1732 2420 pec-

945 2424 1106 2466 catores,
1131 2425 1314 2468 quantum
1353 2421 1602 2468 corporaliter
1635 2421 1734 2458 inter

945 2468 1084 2505 coelum
1115 2472 1152 2506 et
1179 2472 1337 2514 terram,
1360 2473 1397 2506 et
1423 2471 1494 2505 hoc
1520 2467 1656 2505 accidit
1689 2478 1733 2505 ex

945 2515 1164 2553 diversitate
1201 2517 1418 2553 affectuum.
1445 2517 1538 2552 Nam
1573 2515 1733 2552 affectus

940 2563 1031 2610 justi
1058 2569 1114 2600 est
1140 2563 1241 2601 circa
1267 2564 1458 2607 coelcstia3
1489 2566 1731 2608 peccatorum

943 2614 1071 2648 autem
1085 2611 1244 2648 affectus
1257 2615 1432 2648 versatur
1444 2610 1543 2646 circa
1560 2613 1726 2646 terrena.

944 2658 1025 2703 Vel,
1047 2661 1114 2705 fiat
1133 2660 1303 2696 voluntas
1325 2662 1401 2702 tim,
1417 2659 1512 2693 sicut
1529 2659 1567 2692 in
1589 2658 1673 2693 coelo
1693 2660 1729 2693 et

943 2707 983 2742 in
1004 2709 1115 2748 terra,
1134 2706 1174 2743 id
1193 2709 1251 2744 est
1270 2706 1365 2742 sicut
1385 2706 1423 2741 in
1446 2703 1594 2751 spiritu,
1616 2703 1669 2740 ita
1688 2706 1725 2741 et

944 2753 985 2790 in
1013 2764 1147 2800 carne3
1190 2756 1230 2790 ut
1262 2763 1348 2790 caro
1376 2762 1452 2789 non
1488 2750 1727 2798 concupiscat
