<?xml version="1.0" encoding="UTF-8"?>
<!DOCTYPE html PUBLIC "-//W3C//DTD XHTML 1.0 Transitional//EN"
    "http://www.w3.org/TR/xhtml1/DTD/xhtml1-transitional.dtd">
<html xmlns="http://www.w3.org/1999/xhtml" xml:lang="en" lang="en">
 <head>
  <title>
</title>
<meta http-equiv="Content-Type" content="text/html;charset=utf-8" />
  <meta name='ocr-system' content='tesseract 3.04.00' />
  <meta name='ocr-capabilities' content='ocr_page ocr_carea ocr_par ocr_line ocrx_word'/>
</head>
<body>
  <div class='ocr_page' id='page_1' title='image "./vitajesuchristie01ludouoft_0287.png"; bbox 0 0 1876 3126; ppageno 0'>
   <div class='ocr_carea' id='block_1_1' title="bbox 528 137 822 172">
    <p class='ocr_par' dir='ltr' id='par_1_1' title="bbox 528 137 822 172">
     <span class='ocr_line' id='line_1_1' title="bbox 528 137 822 172; baseline -0.01 0"><span class='ocrx_word' id='word_1_1' title='bbox 528 138 578 172; x_wconf 87' lang='lat' dir='ltr'>DE</span> <span class='ocrx_word' id='word_1_2' title='bbox 616 137 822 172; x_wconf 70' lang='lat' dir='ltr'>SERMONE</span> 
     </span>
    </p>
   </div>
   <div class='ocr_carea' id='block_1_2' title="bbox 101 206 938 2713">
    <p class='ocr_par' dir='ltr' id='par_1_2' title="bbox 101 206 911 1611">
     <span class='ocr_line' id='line_1_2' title="bbox 106 206 904 258; baseline -0.006 -13"><span class='ocrx_word' id='word_1_3' title='bbox 106 207 253 246; x_wconf 90' lang='lat' dir='ltr'>Christo</span> <span class='ocrx_word' id='word_1_4' title='bbox 287 210 377 245; x_wconf 88' lang='lat' dir='ltr'>Jesu</span> <span class='ocrx_word' id='word_1_5' title='bbox 397 235 406 253; x_wconf 90' lang='lat'><strong>‚</strong></span> <span class='ocrx_word' id='word_1_6' title='bbox 440 206 718 258; x_wconf 82' lang='lat' dir='ltr'>persecutiones</span> <span class='ocrx_word' id='word_1_7' title='bbox 757 206 904 250; x_wconf 88' lang='lat' dir='ltr'>patiun-</span> 
     </span>
     <span class='ocr_line' id='line_1_3' title="bbox 107 254 904 304; baseline -0.008 -12"><span class='ocrx_word' id='word_1_8' title='bbox 107 259 170 292; x_wconf 92' lang='lat' dir='ltr'>tur</span> <span class='ocrx_word' id='word_1_9' title='bbox 191 267 199 291; x_wconf 88' lang='lat'>:</span> <span class='ocrx_word' id='word_1_10' title='bbox 223 255 369 291; x_wconf 86' lang='lat' dir='ltr'>videtur</span> <span class='ocrx_word' id='word_1_11' title='bbox 388 255 419 290; x_wconf 87' lang='lat' dir='ltr'>is</span> <span class='ocrx_word' id='word_1_12' title='bbox 439 254 501 300; x_wconf 94' lang='lat' dir='ltr'>qui</span> <span class='ocrx_word' id='word_1_13' title='bbox 525 256 808 300; x_wconf 76' lang='lat' dir='ltr'>persecutiones</span> <span class='ocrx_word' id='word_1_14' title='bbox 828 262 904 304; x_wconf 76' lang='lat' dir='ltr'>non</span> 
     </span>
     <span class='ocr_line' id='line_1_4' title="bbox 106 298 903 356; baseline -0.008 -17"><span class='ocrx_word' id='word_1_15' title='bbox 106 302 259 356; x_wconf 86' lang='lat' dir='ltr'>patitur,</span> <span class='ocrx_word' id='word_1_16' title='bbox 289 302 496 344; x_wconf 86' lang='lat' dir='ltr'>abdicatus,</span> <span class='ocrx_word' id='word_1_17' title='bbox 518 299 619 344; x_wconf 84' lang='lat' dir='ltr'>quod</span> <span class='ocrx_word' id='word_1_18' title='bbox 639 309 715 334; x_wconf 90' lang='lat' dir='ltr'>non</span> <span class='ocrx_word' id='word_1_19' title='bbox 749 298 797 351; x_wconf 82' lang='lat' dir='ltr'>sit</span> <span class='ocrx_word' id='word_1_20' title='bbox 832 309 903 345; x_wconf 80' lang='lat' dir='ltr'>piae</span> 
     </span>
     <span class='ocr_line' id='line_1_5' title="bbox 107 347 903 386; baseline -0.006 0"><span class='ocrx_word' id='word_1_21' title='bbox 107 349 328 386; x_wconf 77' lang='lat' dir='ltr'>intentionis</span> <span class='ocrx_word' id='word_1_22' title='bbox 371 349 409 384; x_wconf 92' lang='lat' dir='ltr'>in</span> <span class='ocrx_word' id='word_1_23' title='bbox 451 347 612 384; x_wconf 88' lang='lat' dir='ltr'>Christo.</span> <span class='ocrx_word' id='word_1_24' title='bbox 657 347 903 382; x_wconf 81' lang='lat' dir='ltr'>Devotxonem</span> 
     </span>
     <span class='ocr_line' id='line_1_6' title="bbox 106 393 904 446; baseline -0.005 -13"><span class='ocrx_word' id='word_1_25' title='bbox 106 397 206 434; x_wconf 86' lang='lat' dir='ltr'>enim</span> <span class='ocrx_word' id='word_1_26' title='bbox 227 396 315 432; x_wconf 83' lang='lat' dir='ltr'>fidei</span> <span class='ocrx_word' id='word_1_27' title='bbox 339 394 470 441; x_wconf 82' lang='lat' dir='ltr'>praelia</span> <span class='ocrx_word' id='word_1_28' title='bbox 499 396 714 439; x_wconf 87' lang='lat' dir='ltr'>sequuntur</span> <span class='ocrx_word' id='word_1_29' title='bbox 739 405 746 428; x_wconf 91' lang='lat'><strong>:</strong></span> <span class='ocrx_word' id='word_1_30' title='bbox 773 407 791 425; x_wconf 88' lang='lat'>»</span> <span class='ocrx_word' id='word_1_31' title='bbox 823 393 904 446; x_wconf 56' lang='lat' dir='ltr'>liaec</span> 
     </span>
     <span class='ocr_line' id='line_1_7' title="bbox 104 440 902 486; baseline -0.006 -6"><span class='ocrx_word' id='word_1_32' title='bbox 104 444 332 480; x_wconf 80' lang='lat' dir='ltr'>Ambrosius.</span> <span class='ocrx_word' id='word_1_33' title='bbox 356 441 428 478; x_wconf 89' lang='lat' dir='ltr'>Sed</span> <span class='ocrx_word' id='word_1_34' title='bbox 449 441 544 477; x_wconf 82' lang='lat' dir='ltr'>forte</span> <span class='ocrx_word' id='word_1_35' title='bbox 571 440 712 476; x_wconf 90' lang='lat' dir='ltr'>diceret</span> <span class='ocrx_word' id='word_1_36' title='bbox 731 440 867 486; x_wconf 81' lang='lat' dir='ltr'>aliquis</span> <span class='ocrx_word' id='word_1_37' title='bbox 894 451 902 475; x_wconf 86' lang='lat'>:</span> 
     </span>
     <span class='ocr_line' id='line_1_8' title="bbox 104 486 904 536; baseline -0.006 -8"><span class='ocrx_word' id='word_1_38' title='bbox 104 493 220 528; x_wconf 90' lang='lat' dir='ltr'>Nemo</span> <span class='ocrx_word' id='word_1_39' title='bbox 235 492 358 536; x_wconf 84' lang='lat' dir='ltr'>potest</span> <span class='ocrx_word' id='word_1_40' title='bbox 384 488 494 524; x_wconf 90' lang='lat' dir='ltr'>modo</span> <span class='ocrx_word' id='word_1_41' title='bbox 521 491 674 534; x_wconf 87' lang='lat' dir='ltr'>propter</span> <span class='ocrx_word' id='word_1_42' title='bbox 696 486 904 534; x_wconf 87' lang='lat' dir='ltr'>persecuti-</span> 
     </span>
     <span class='ocr_line' id='line_1_9' title="bbox 104 534 906 581; baseline -0.005 -6"><span class='ocrx_word' id='word_1_43' title='bbox 104 548 216 574; x_wconf 83' lang='lat' dir='ltr'>onem</span> <span class='ocrx_word' id='word_1_44' title='bbox 235 536 419 581; x_wconf 79' lang='lat' dir='ltr'>attingere</span> <span class='ocrx_word' id='word_1_45' title='bbox 439 535 486 571; x_wconf 82' lang='lat' dir='ltr'>ad</span> <span class='ocrx_word' id='word_1_46' title='bbox 510 534 796 579; x_wconf 85' lang='lat' dir='ltr'>beatitudinem,</span> <span class='ocrx_word' id='word_1_47' title='bbox 819 534 906 581; x_wconf 87' lang='lat' dir='ltr'>quia</span> 
     </span>
     <span class='ocr_line' id='line_1_10' title="bbox 102 582 907 628; baseline -0.004 -7"><span class='ocrx_word' id='word_1_48' title='bbox 102 595 204 621; x_wconf 90' lang='lat' dir='ltr'>nunc</span> <span class='ocrx_word' id='word_1_49' title='bbox 240 583 278 619; x_wconf 89' lang='lat' dir='ltr'>in</span> <span class='ocrx_word' id='word_1_50' title='bbox 314 593 404 628; x_wconf 88' lang='lat' dir='ltr'>pace</span> <span class='ocrx_word' id='word_1_51' title='bbox 443 582 650 618; x_wconf 86' lang='lat' dir='ltr'>consistunt</span> <span class='ocrx_word' id='word_1_52' title='bbox 689 583 829 627; x_wconf 87' lang='lat' dir='ltr'>omnia,</span> <span class='ocrx_word' id='word_1_53' title='bbox 871 585 907 618; x_wconf 90' lang='lat' dir='ltr'>et</span> 
     </span>
     <span class='ocr_line' id='line_1_11' title="bbox 103 630 906 676; baseline -0.004 -8"><span class='ocrx_word' id='word_1_54' title='bbox 103 634 232 668; x_wconf 85' lang='lat' dir='ltr'>sancta</span> <span class='ocrx_word' id='word_1_55' title='bbox 267 630 435 666; x_wconf 79' lang='lat' dir='ltr'>Ecclesia</span> <span class='ocrx_word' id='word_1_56' title='bbox 463 630 540 665; x_wconf 85' lang='lat' dir='ltr'>sere</span> <span class='ocrx_word' id='word_1_57' title='bbox 574 630 619 665; x_wconf 90' lang='lat' dir='ltr'>de</span> <span class='ocrx_word' id='word_1_58' title='bbox 656 631 759 666; x_wconf 84' lang='lat' dir='ltr'>nulla</span> <span class='ocrx_word' id='word_1_59' title='bbox 799 632 906 676; x_wconf 86' lang='lat' dir='ltr'>parte</span> 
     </span>
     <span class='ocr_line' id='line_1_12' title="bbox 101 677 905 725; baseline -0.001 -11"><span class='ocrx_word' id='word_1_60' title='bbox 101 677 246 725; x_wconf 89' lang='lat' dir='ltr'>patitur</span> <span class='ocrx_word' id='word_1_61' title='bbox 265 677 436 713; x_wconf 67' lang='lat' dir='ltr'>adversa.</span> <span class='ocrx_word' id='word_1_62' title='bbox 467 677 522 712; x_wconf 85' lang='lat' dir='ltr'>Ad</span> <span class='ocrx_word' id='word_1_63' title='bbox 553 677 654 723; x_wconf 86' lang='lat' dir='ltr'>quod</span> <span class='ocrx_word' id='word_1_64' title='bbox 688 677 905 720; x_wconf 87' lang='lat' dir='ltr'>dicendum,</span> 
     </span>
     <span class='ocr_line' id='line_1_13' title="bbox 102 724 906 772; baseline -0.002 -11"><span class='ocrx_word' id='word_1_65' title='bbox 102 725 204 772; x_wconf 91' lang='lat' dir='ltr'>quod</span> <span class='ocrx_word' id='word_1_66' title='bbox 222 725 362 770; x_wconf 80' lang='lat' dir='ltr'>ubique</span> <span class='ocrx_word' id='word_1_67' title='bbox 390 724 619 760; x_wconf 77' lang='lat' dir='ltr'>tentationes</span> <span class='ocrx_word' id='word_1_68' title='bbox 641 727 739 769; x_wconf 90' lang='lat' dir='ltr'>sunt,</span> <span class='ocrx_word' id='word_1_69' title='bbox 768 729 804 760; x_wconf 90' lang='lat' dir='ltr'>et</span> <span class='ocrx_word' id='word_1_70' title='bbox 822 734 906 769; x_wconf 89' lang='lat' dir='ltr'>per-</span> 
     </span>
     <span class='ocr_line' id='line_1_14' title="bbox 102 771 906 817; baseline -0.002 -9"><span class='ocrx_word' id='word_1_71' title='bbox 102 771 327 815; x_wconf 87' lang='lat' dir='ltr'>secutiones,</span> <span class='ocrx_word' id='word_1_72' title='bbox 354 771 445 817; x_wconf 83' lang='lat' dir='ltr'>quia</span> <span class='ocrx_word' id='word_1_73' title='bbox 469 771 652 816; x_wconf 88' lang='lat' dir='ltr'>quotidie,</span> <span class='ocrx_word' id='word_1_74' title='bbox 676 771 712 806; x_wconf 84' lang='lat' dir='ltr'>in</span> <span class='ocrx_word' id='word_1_75' title='bbox 733 775 906 817; x_wconf 81' lang='lat' dir='ltr'>penetra-</span> 
     </span>
     <span class='ocr_line' id='line_1_15' title="bbox 103 818 908 864; baseline -0.002 -9"><span class='ocrx_word' id='word_1_76' title='bbox 103 819 204 855; x_wconf 85' lang='lat' dir='ltr'>libus</span> <span class='ocrx_word' id='word_1_77' title='bbox 242 822 383 855; x_wconf 79' lang='lat' dir='ltr'>sanctae</span> <span class='ocrx_word' id='word_1_78' title='bbox 423 818 612 862; x_wconf 67' lang='lat' dir='ltr'>Ecclesife,</span> <span class='ocrx_word' id='word_1_79' title='bbox 665 819 908 864; x_wconf 75' lang='lat' dir='ltr'>persequitur</span> 
     </span>
     <span class='ocr_line' id='line_1_16' title="bbox 102 865 904 909; baseline -0.004 -6"><span class='ocrx_word' id='word_1_80' title='bbox 102 865 192 904; x_wconf 86' lang='lat' dir='ltr'>Cain</span> <span class='ocrx_word' id='word_1_81' title='bbox 212 866 321 909; x_wconf 83' lang='lat' dir='ltr'>Abel,</span> <span class='ocrx_word' id='word_1_82' title='bbox 346 866 479 901; x_wconf 91' lang='lat' dir='ltr'>Ismael</span> <span class='ocrx_word' id='word_1_83' title='bbox 503 867 619 909; x_wconf 77' lang='lat' dir='ltr'>Isaac,</span> <span class='ocrx_word' id='word_1_84' title='bbox 642 867 738 901; x_wconf 86' lang='lat' dir='ltr'>Esau</span> <span class='ocrx_word' id='word_1_85' title='bbox 774 866 904 909; x_wconf 82' lang='lat' dir='ltr'>Jacob,</span> 
     </span>
     <span class='ocr_line' id='line_1_17' title="bbox 103 912 908 959; baseline -0.002 -9"><span class='ocrx_word' id='word_1_86' title='bbox 103 913 140 950; x_wconf 89' lang='lat' dir='ltr'>id</span> <span class='ocrx_word' id='word_1_87' title='bbox 157 916 215 950; x_wconf 85' lang='lat' dir='ltr'>est</span> <span class='ocrx_word' id='word_1_88' title='bbox 231 913 370 959; x_wconf 91' lang='lat' dir='ltr'>impius</span> <span class='ocrx_word' id='word_1_89' title='bbox 388 914 543 959; x_wconf 87' lang='lat' dir='ltr'>justum.</span> <span class='ocrx_word' id='word_1_90' title='bbox 565 914 607 948; x_wconf 89' lang='lat' dir='ltr'>Et</span> <span class='ocrx_word' id='word_1_91' title='bbox 626 912 655 948; x_wconf 91' lang='lat' dir='ltr'>si</span> <span class='ocrx_word' id='word_1_92' title='bbox 678 913 763 959; x_wconf 85' lang='lat' dir='ltr'>quis</span> <span class='ocrx_word' id='word_1_93' title='bbox 782 923 908 959; x_wconf 89' lang='lat' dir='ltr'>perse-</span> 
     </span>
     <span class='ocr_line' id='line_1_18' title="bbox 103 959 904 1006; baseline -0.002 -9"><span class='ocrx_word' id='word_1_94' title='bbox 103 960 293 997; x_wconf 90' lang='lat' dir='ltr'>cutionem</span> <span class='ocrx_word' id='word_1_95' title='bbox 332 971 406 996; x_wconf 89' lang='lat' dir='ltr'>non</span> <span class='ocrx_word' id='word_1_96' title='bbox 438 959 580 1006; x_wconf 86' lang='lat' dir='ltr'>patitur</span> <span class='ocrx_word' id='word_1_97' title='bbox 615 960 662 996; x_wconf 87' lang='lat' dir='ltr'>ab</span> <span class='ocrx_word' id='word_1_98' title='bbox 702 960 904 1004; x_wconf 84' lang='lat' dir='ltr'>extraneis,</span> 
     </span>
     <span class='ocr_line' id='line_1_19' title="bbox 103 1007 904 1055; baseline -0.001 -11"><span class='ocrx_word' id='word_1_99' title='bbox 103 1008 247 1055; x_wconf 86' lang='lat' dir='ltr'>patitur</span> <span class='ocrx_word' id='word_1_100' title='bbox 267 1011 392 1043; x_wconf 88' lang='lat' dir='ltr'>tamen</span> <span class='ocrx_word' id='word_1_101' title='bbox 415 1019 434 1044; x_wconf 82' lang='lat' dir='ltr'>a</span> <span class='ocrx_word' id='word_1_102' title='bbox 456 1007 559 1043; x_wconf 80' lang='lat' dir='ltr'>falsis</span> <span class='ocrx_word' id='word_1_103' title='bbox 582 1007 761 1043; x_wconf 86' lang='lat' dir='ltr'>fratribus</span> <span class='ocrx_word' id='word_1_104' title='bbox 784 1020 791 1043; x_wconf 90' lang='lat'>:</span> <span class='ocrx_word' id='word_1_105' title='bbox 816 1008 904 1043; x_wconf 87' lang='lat' dir='ltr'>Om-</span> 
     </span>
     <span class='ocr_line' id='line_1_20' title="bbox 102 1054 905 1100; baseline -0.001 -9"><span class='ocrx_word' id='word_1_106' title='bbox 102 1066 171 1091; x_wconf 88' lang='lat' dir='ltr'>nes</span> <span class='ocrx_word' id='word_1_107' title='bbox 205 1054 306 1091; x_wconf 92' lang='lat' dir='ltr'>enim</span> <span class='ocrx_word' id='word_1_108' title='bbox 345 1055 408 1100; x_wconf 79' lang='lat' dir='ltr'>qui</span> <span class='ocrx_word' id='word_1_109' title='bbox 449 1054 509 1100; x_wconf 91' lang='lat' dir='ltr'>pie</span> <span class='ocrx_word' id='word_1_110' title='bbox 549 1054 682 1090; x_wconf 88' lang='lat' dir='ltr'>volunt</span> <span class='ocrx_word' id='word_1_111' title='bbox 714 1055 838 1090; x_wconf 76' lang='lat' dir='ltr'>vivere</span> <span class='ocrx_word' id='word_1_112' title='bbox 868 1054 905 1090; x_wconf 91' lang='lat' dir='ltr'>in</span> 
     </span>
     <span class='ocr_line' id='line_1_21' title="bbox 103 1101 905 1148; baseline -0.002 -9"><span class='ocrx_word' id='word_1_113' title='bbox 103 1102 253 1140; x_wconf 90' lang='lat' dir='ltr'>Christo</span> <span class='ocrx_word' id='word_1_114' title='bbox 268 1101 684 1148; x_wconf 86' lang='lat' dir='ltr'>Jesu,persecutionem</span> <span class='ocrx_word' id='word_1_115' title='bbox 694 1102 905 1148; x_wconf 86' lang='lat' dir='ltr'>patiuntur.</span> 
     </span>
     <span class='ocr_line' id='line_1_22' title="bbox 103 1148 906 1195; baseline 0 -10"><span class='ocrx_word' id='word_1_116' title='bbox 103 1149 181 1185; x_wconf 90' lang='lat' dir='ltr'>Etsi</span> <span class='ocrx_word' id='word_1_117' title='bbox 202 1160 278 1184; x_wconf 90' lang='lat' dir='ltr'>non</span> <span class='ocrx_word' id='word_1_118' title='bbox 299 1149 441 1194; x_wconf 84' lang='lat' dir='ltr'>patitur</span> <span class='ocrx_word' id='word_1_119' title='bbox 467 1148 550 1195; x_wconf 85' lang='lat' dir='ltr'>quis</span> <span class='ocrx_word' id='word_1_120' title='bbox 572 1149 817 1194; x_wconf 86' lang='lat' dir='ltr'>extrinsecus,</span> <span class='ocrx_word' id='word_1_121' title='bbox 842 1160 906 1195; x_wconf 84' lang='lat' dir='ltr'>pa-</span> 
     </span>
     <span class='ocr_line' id='line_1_23' title="bbox 103 1196 907 1243; baseline -0.001 -11"><span class='ocrx_word' id='word_1_122' title='bbox 103 1197 197 1232; x_wconf 89' lang='lat' dir='ltr'>titur</span> <span class='ocrx_word' id='word_1_123' title='bbox 219 1200 345 1232; x_wconf 86' lang='lat' dir='ltr'>tamen</span> <span class='ocrx_word' id='word_1_124' title='bbox 367 1196 609 1241; x_wconf 87' lang='lat' dir='ltr'>intrinsecus,</span> <span class='ocrx_word' id='word_1_125' title='bbox 633 1200 667 1232; x_wconf 88' lang='lat' dir='ltr'>et</span> <span class='ocrx_word' id='word_1_126' title='bbox 688 1208 709 1232; x_wconf 85' lang='lat' dir='ltr'>a</span> <span class='ocrx_word' id='word_1_127' title='bbox 728 1196 907 1243; x_wconf 88' lang='lat' dir='ltr'>nequitiis</span> 
     </span>
     <span class='ocr_line' id='line_1_24' title="bbox 104 1243 909 1290; baseline -0.002 -10"><span class='ocrx_word' id='word_1_128' title='bbox 104 1243 380 1290; x_wconf 75' lang='lat' dir='ltr'>spiritualibus.</span> <span class='ocrx_word' id='word_1_129' title='bbox 401 1245 444 1278; x_wconf 82' lang='lat' dir='ltr'>Et</span> <span class='ocrx_word' id='word_1_130' title='bbox 464 1243 554 1289; x_wconf 84' lang='lat' dir='ltr'>quia</span> <span class='ocrx_word' id='word_1_131' title='bbox 571 1255 644 1279; x_wconf 89' lang='lat' dir='ltr'>non</span> <span class='ocrx_word' id='word_1_132' title='bbox 662 1248 809 1280; x_wconf 86' lang='lat' dir='ltr'>cessant</span> <span class='ocrx_word' id='word_1_133' title='bbox 827 1255 909 1290; x_wconf 88' lang='lat' dir='ltr'>per-</span> 
     </span>
     <span class='ocr_line' id='line_1_25' title="bbox 104 1290 909 1336; baseline -0.001 -9"><span class='ocrx_word' id='word_1_134' title='bbox 104 1290 333 1334; x_wconf 79' lang='lat' dir='ltr'>secutiones,</span> <span class='ocrx_word' id='word_1_135' title='bbox 356 1290 539 1336; x_wconf 83' lang='lat' dir='ltr'>patientia</span> <span class='ocrx_word' id='word_1_136' title='bbox 565 1291 673 1327; x_wconf 88' lang='lat' dir='ltr'>nobis</span> <span class='ocrx_word' id='word_1_137' title='bbox 695 1291 909 1327; x_wconf 85' lang='lat' dir='ltr'>necessaria</span> 
     </span>
     <span class='ocr_line' id='line_1_26' title="bbox 104 1338 908 1384; baseline -0.002 -9"><span class='ocrx_word' id='word_1_138' title='bbox 104 1341 226 1383; x_wconf 87' lang='lat' dir='ltr'>est,ut</span> <span class='ocrx_word' id='word_1_139' title='bbox 245 1343 482 1384; x_wconf 73' lang='lat' dir='ltr'>reportemus</span> <span class='ocrx_word' id='word_1_140' title='bbox 497 1338 821 1384; x_wconf 69' lang='lat' dir='ltr'>repromissiones.</span> <span class='ocrx_word' id='word_1_141' title='bbox 845 1340 908 1374; x_wconf 72' lang='lat' dir='ltr'>Va·</span> 
     </span>
     <span class='ocr_line' id='line_1_27' title="bbox 104 1385 908 1432; baseline -0.001 -10"><span class='ocrx_word' id='word_1_142' title='bbox 104 1389 232 1422; x_wconf 86' lang='lat' dir='ltr'>autem</span> <span class='ocrx_word' id='word_1_143' title='bbox 266 1386 325 1421; x_wconf 89' lang='lat' dir='ltr'>his</span> <span class='ocrx_word' id='word_1_144' title='bbox 365 1385 427 1430; x_wconf 84' lang='lat' dir='ltr'>qui</span> <span class='ocrx_word' id='word_1_145' title='bbox 464 1386 627 1431; x_wconf 88' lang='lat' dir='ltr'>perdunt</span> <span class='ocrx_word' id='word_1_146' title='bbox 670 1386 908 1432; x_wconf 86' lang='lat' dir='ltr'>patientiam,</span> 
     </span>
     <span class='ocr_line' id='line_1_28' title="bbox 105 1432 907 1479; baseline -0.001 -10"><span class='ocrx_word' id='word_1_147' title='bbox 105 1432 196 1479; x_wconf 85' lang='lat' dir='ltr'>quia</span> <span class='ocrx_word' id='word_1_148' title='bbox 223 1435 259 1468; x_wconf 91' lang='lat' dir='ltr'>et</span> <span class='ocrx_word' id='word_1_149' title='bbox 293 1433 453 1479; x_wconf 84' lang='lat' dir='ltr'>perdunt</span> <span class='ocrx_word' id='word_1_150' title='bbox 488 1432 680 1478; x_wconf 61' lang='lat' dir='ltr'>patientia}</span> <span class='ocrx_word' id='word_1_151' title='bbox 715 1444 907 1469; x_wconf 80' lang='lat' dir='ltr'>coronam.</span> 
     </span>
     <span class='ocr_line' id='line_1_29' title="bbox 106 1480 911 1527; baseline 0 -11"><span class='ocrx_word' id='word_1_152' title='bbox 106 1481 187 1516; x_wconf 85' lang='lat' dir='ltr'>Non</span> <span class='ocrx_word' id='word_1_153' title='bbox 217 1490 306 1525; x_wconf 79' lang='lat' dir='ltr'>ergo</span> <span class='ocrx_word' id='word_1_154' title='bbox 335 1490 633 1524; x_wconf 77' lang='lat' dir='ltr'>murmuremus,</span> <span class='ocrx_word' id='word_1_155' title='bbox 658 1481 688 1516; x_wconf 90' lang='lat' dir='ltr'>si</span> <span class='ocrx_word' id='word_1_156' title='bbox 718 1480 756 1516; x_wconf 91' lang='lat' dir='ltr'>in</span> <span class='ocrx_word' id='word_1_157' title='bbox 778 1481 911 1527; x_wconf 79' lang='lat' dir='ltr'>paucis</span> 
     </span>
     <span class='ocr_line' id='line_1_30' title="bbox 107 1527 910 1575; baseline 0.002 -13"><span class='ocrx_word' id='word_1_158' title='bbox 107 1538 300 1572; x_wconf 78' lang='lat' dir='ltr'>vexemur,</span> <span class='ocrx_word' id='word_1_159' title='bbox 328 1527 415 1573; x_wconf 83' lang='lat' dir='ltr'>quia</span> <span class='ocrx_word' id='word_1_160' title='bbox 438 1527 475 1563; x_wconf 90' lang='lat' dir='ltr'>in</span> <span class='ocrx_word' id='word_1_161' title='bbox 503 1527 632 1563; x_wconf 90' lang='lat' dir='ltr'>multis</span> <span class='ocrx_word' id='word_1_162' title='bbox 659 1528 757 1564; x_wconf 90' lang='lat' dir='ltr'>bene</span> <span class='ocrx_word' id='word_1_163' title='bbox 783 1528 910 1575; x_wconf 89' lang='lat' dir='ltr'>dispo-</span> 
     </span>
     <span class='ocr_line' id='line_1_31' title="bbox 106 1585 256 1611; baseline -0.007 0"><span class='ocrx_word' id='word_1_164' title='bbox 106 1585 256 1611; x_wconf 86' lang='lat' dir='ltr'>nemur.</span> 
     </span>
    </p>

    <p class='ocr_par' dir='ltr' id='par_1_3' title="bbox 104 1623 938 2713">
     <span class='ocr_line' id='line_1_32' title="bbox 158 1623 910 1662; baseline 0.001 -5"><span class='ocrx_word' id='word_1_165' title='bbox 158 1625 199 1658; x_wconf 88' lang='lat'>18</span> <span class='ocrx_word' id='word_1_166' title='bbox 220 1623 336 1658; x_wconf 59' lang='lat' dir='ltr'>Lccxs</span> <span class='ocrx_word' id='word_1_167' title='bbox 357 1634 523 1662; x_wconf 78' lang='lat' dir='ltr'><strong>QUATUOR</strong></span> <span class='ocrx_word' id='word_1_168' title='bbox 544 1634 685 1659; x_wconf 72' lang='lat' dir='ltr'>TANTUM</span> <span class='ocrx_word' id='word_1_169' title='bbox 698 1634 804 1658; x_wconf 52' lang='lat' dir='ltr'>rom-ir</span> <span class='ocrx_word' id='word_1_170' title='bbox 824 1634 910 1658; x_wconf 71' lang='lat' dir='ltr'>BEA—</span> 
     </span>
     <span class='ocr_line' id='line_1_33' title="bbox 105 1681 908 1713; baseline 0.001 -9"><span class='ocrx_word' id='word_1_171' title='bbox 105 1681 304 1713; x_wconf 71' lang='lat' dir='ltr'>T1Tumx13s,</span> <span class='ocrx_word' id='word_1_172' title='bbox 334 1682 396 1704; x_wconf 66' lang='lat' dir='ltr'>sen</span> <span class='ocrx_word' id='word_1_173' title='bbox 429 1681 582 1705; x_wconf 64' lang='lat' dir='ltr'>Termini</span> <span class='ocrx_word' id='word_1_174' title='bbox 630 1682 908 1706; x_wconf 27' lang='lat' dir='ltr'>nrxnssoicrioxsss</span> 
     </span>
     <span class='ocr_line' id='line_1_34' title="bbox 104 1718 912 1754; baseline 0 -1"><span class='ocrx_word' id='word_1_175' title='bbox 104 1728 404 1753; x_wconf 57' lang='lat' dir='ltr'>nimi-nummum</span> <span class='ocrx_word' id='word_1_176' title='bbox 422 1728 699 1753; x_wconf 73' lang='lat' dir='ltr'>CORRELATIVAS.</span> <span class='ocrx_word' id='word_1_177' title='bbox 717 1739 761 1743; x_wconf 97' lang='lat'><strong>—</strong></span> <span class='ocrx_word' id='word_1_178' title='bbox 779 1719 832 1754; x_wconf 89' lang='lat' dir='ltr'>De</span> <span class='ocrx_word' id='word_1_179' title='bbox 853 1718 912 1753; x_wconf 91' lang='lat' dir='ltr'>his</span> 
     </span>
     <span class='ocr_line' id='line_1_35' title="bbox 104 1764 911 1811; baseline 0.001 -11"><span class='ocrx_word' id='word_1_180' title='bbox 104 1767 188 1800; x_wconf 88' lang='lat' dir='ltr'>octo</span> <span class='ocrx_word' id='word_1_181' title='bbox 220 1764 540 1807; x_wconf 59' lang='lat' dir='ltr'>beatitudinibus,</span> <span class='ocrx_word' id='word_1_182' title='bbox 564 1775 659 1811; x_wconf 88' lang='lat' dir='ltr'>quas</span> <span class='ocrx_word' id='word_1_183' title='bbox 692 1764 799 1811; x_wconf 89' lang='lat' dir='ltr'>ponit</span> <span class='ocrx_word' id='word_1_184' title='bbox 820 1767 911 1801; x_wconf 81' lang='lat' dir='ltr'>Mat-</span> 
     </span>
     <span class='ocr_line' id='line_1_36' title="bbox 106 1812 910 1859; baseline 0.001 -12"><span class='ocrx_word' id='word_1_185' title='bbox 106 1812 241 1855; x_wconf 82' lang='lat' dir='ltr'>thaeuS,</span> <span class='ocrx_word' id='word_1_186' title='bbox 271 1815 436 1857; x_wconf 87' lang='lat' dir='ltr'>quatuor</span> <span class='ocrx_word' id='word_1_187' title='bbox 472 1816 620 1848; x_wconf 88' lang='lat' dir='ltr'>tantum</span> <span class='ocrx_word' id='word_1_188' title='bbox 652 1812 757 1859; x_wconf 88' lang='lat' dir='ltr'>ponit</span> <span class='ocrx_word' id='word_1_189' title='bbox 780 1814 910 1848; x_wconf 87' lang='lat' dir='ltr'>Lucas.</span> 
     </span>
     <span class='ocr_line' id='line_1_37' title="bbox 106 1858 913 1902; baseline 0 -6"><span class='ocrx_word' id='word_1_190' title='bbox 106 1858 192 1902; x_wconf 84' lang='lat' dir='ltr'>Sed,</span> <span class='ocrx_word' id='word_1_191' title='bbox 221 1859 430 1894; x_wconf 88' lang='lat' dir='ltr'>secundum</span> <span class='ocrx_word' id='word_1_192' title='bbox 468 1860 719 1901; x_wconf 73' lang='lat' dir='ltr'>Ambrosium,</span> <span class='ocrx_word' id='word_1_193' title='bbox 755 1859 793 1895; x_wconf 91' lang='lat' dir='ltr'>in</span> <span class='ocrx_word' id='word_1_194' title='bbox 832 1860 913 1896; x_wconf 89' lang='lat' dir='ltr'>istis</span> 
     </span>
     <span class='ocr_line' id='line_1_38' title="bbox 106 1905 914 1951; baseline -0.001 -9"><span class='ocrx_word' id='word_1_195' title='bbox 106 1909 205 1950; x_wconf 84' lang='lat' dir='ltr'>octo,</span> <span class='ocrx_word' id='word_1_196' title='bbox 244 1905 318 1941; x_wconf 77' lang='lat' dir='ltr'>illae</span> <span class='ocrx_word' id='word_1_197' title='bbox 359 1909 524 1951; x_wconf 87' lang='lat' dir='ltr'>quatuor</span> <span class='ocrx_word' id='word_1_198' title='bbox 562 1910 663 1951; x_wconf 89' lang='lat' dir='ltr'>sunt,</span> <span class='ocrx_word' id='word_1_199' title='bbox 703 1910 739 1943; x_wconf 91' lang='lat' dir='ltr'>et</span> <span class='ocrx_word' id='word_1_200' title='bbox 770 1907 809 1943; x_wconf 91' lang='lat' dir='ltr'>in</span> <span class='ocrx_word' id='word_1_201' title='bbox 842 1907 914 1943; x_wconf 78' lang='lat' dir='ltr'>illis</span> 
     </span>
     <span class='ocr_line' id='line_1_39' title="bbox 106 1938 938 1999; baseline 0.001 -10"><span class='ocrx_word' id='word_1_202' title='bbox 106 1956 282 1999; x_wconf 83' lang='lat' dir='ltr'>quatuor,</span> <span class='ocrx_word' id='word_1_203' title='bbox 307 1952 388 1988; x_wconf 75' lang='lat' dir='ltr'>istae</span> <span class='ocrx_word' id='word_1_204' title='bbox 415 1956 513 1989; x_wconf 87' lang='lat' dir='ltr'>octo.</span> <span class='ocrx_word' id='word_1_205' title='bbox 539 1954 785 1990; x_wconf 87' lang='lat' dir='ltr'>Mansuetudo</span> <span class='ocrx_word' id='word_1_206' title='bbox 814 1938 938 1990; x_wconf 67' lang='lat' dir='ltr'>enim¹</span> 
     </span>
     <span class='ocr_line' id='line_1_40' title="bbox 108 1989 938 2046; baseline 0.001 -10"><span class='ocrx_word' id='word_1_207' title='bbox 108 2004 144 2036; x_wconf 90' lang='lat' dir='ltr'>et</span> <span class='ocrx_word' id='word_1_208' title='bbox 161 2010 230 2046; x_wconf 83' lang='lat' dir='ltr'>pax</span> <span class='ocrx_word' id='word_1_209' title='bbox 250 2000 467 2035; x_wconf 84' lang='lat' dir='ltr'>referuntur</span> <span class='ocrx_word' id='word_1_210' title='bbox 481 2000 527 2035; x_wconf 89' lang='lat' dir='ltr'>ad</span> <span class='ocrx_word' id='word_1_211' title='bbox 545 2000 788 2046; x_wconf 85' lang='lat' dir='ltr'>patientiam;</span> <span class='ocrx_word' id='word_1_212' title='bbox 809 2013 915 2037; x_wconf 91' lang='lat' dir='ltr'>mun-</span> <span class='ocrx_word' id='word_1_213' title='bbox 934 1989 938 2024; x_wconf 69' lang='grc' dir='ltr'>Ι</span> 
     </span>
     <span class='ocr_line' id='line_1_41' title="bbox 108 2047 912 2094; baseline 0.004 -12"><span class='ocrx_word' id='word_1_214' title='bbox 108 2047 203 2083; x_wconf 90' lang='lat' dir='ltr'>ditia</span> <span class='ocrx_word' id='word_1_215' title='bbox 223 2047 362 2091; x_wconf 87' lang='lat' dir='ltr'>cordis,</span> <span class='ocrx_word' id='word_1_216' title='bbox 385 2047 431 2083; x_wconf 87' lang='lat' dir='ltr'>ad</span> <span class='ocrx_word' id='word_1_217' title='bbox 454 2051 717 2094; x_wconf 80' lang='lat' dir='ltr'>paupertatem</span> <span class='ocrx_word' id='word_1_218' title='bbox 739 2049 912 2094; x_wconf 82' lang='lat' dir='ltr'>spiritus3</span> 
     </span>
     <span class='ocr_line' id='line_1_42' title="bbox 107 2094 915 2142; baseline 0.001 -11"><span class='ocrx_word' id='word_1_219' title='bbox 107 2094 384 2138; x_wconf 82' lang='lat' dir='ltr'>misericordia,</span> <span class='ocrx_word' id='word_1_220' title='bbox 413 2095 460 2131; x_wconf 87' lang='lat' dir='ltr'>ad</span> <span class='ocrx_word' id='word_1_221' title='bbox 489 2095 651 2131; x_wconf 86' lang='lat' dir='ltr'>esuriem</span> <span class='ocrx_word' id='word_1_222' title='bbox 672 2096 844 2142; x_wconf 79' lang='lat' dir='ltr'>justitiae.</span> <span class='ocrx_word' id='word_1_223' title='bbox 874 2098 915 2132; x_wconf 88' lang='lat' dir='ltr'>Et</span> 
     </span>
     <span class='ocr_line' id='line_1_43' title="bbox 107 2142 914 2189; baseline 0.002 -12"><span class='ocrx_word' id='word_1_224' title='bbox 107 2142 199 2188; x_wconf 88' lang='lat' dir='ltr'>quia</span> <span class='ocrx_word' id='word_1_225' title='bbox 224 2142 407 2178; x_wconf 85' lang='lat' dir='ltr'>Dominus</span> <span class='ocrx_word' id='word_1_226' title='bbox 433 2153 549 2188; x_wconf 89' lang='lat' dir='ltr'>supra</span> <span class='ocrx_word' id='word_1_227' title='bbox 575 2143 743 2189; x_wconf 65' lang='lat' dir='ltr'>praemiis</span> <span class='ocrx_word' id='word_1_228' title='bbox 767 2145 814 2180; x_wconf 86' lang='lat' dir='ltr'>ad</span> <span class='ocrx_word' id='word_1_229' title='bbox 842 2143 914 2179; x_wconf 72' lang='lat' dir='ltr'>vir-</span> 
     </span>
     <span class='ocr_line' id='line_1_44' title="bbox 106 2189 916 2237; baseline 0.002 -12"><span class='ocrx_word' id='word_1_230' title='bbox 106 2192 208 2226; x_wconf 86' lang='lat' dir='ltr'>tutes</span> <span class='ocrx_word' id='word_1_231' title='bbox 229 2192 265 2225; x_wconf 88' lang='lat' dir='ltr'>et</span> <span class='ocrx_word' id='word_1_232' title='bbox 283 2189 395 2225; x_wconf 87' lang='lat' dir='ltr'>fidem</span> <span class='ocrx_word' id='word_1_233' title='bbox 409 2190 569 2236; x_wconf 87' lang='lat' dir='ltr'>populos</span> <span class='ocrx_word' id='word_1_234' title='bbox 587 2191 817 2237; x_wconf 75' lang='lat' dir='ltr'>provocavit,</span> <span class='ocrx_word' id='word_1_235' title='bbox 831 2202 916 2227; x_wconf 86' lang='lat' dir='ltr'>con-</span> 
     </span>
     <span class='ocr_line' id='line_1_45' title="bbox 107 2237 915 2283; baseline 0.004 -11"><span class='ocrx_word' id='word_1_236' title='bbox 107 2240 311 2283; x_wconf 86' lang='lat' dir='ltr'>sequenter</span> <span class='ocrx_word' id='word_1_237' title='bbox 343 2248 408 2273; x_wconf 85' lang='lat' dir='ltr'>eos</span> <span class='ocrx_word' id='word_1_238' title='bbox 444 2237 558 2273; x_wconf 88' lang='lat' dir='ltr'>etiam</span> <span class='ocrx_word' id='word_1_239' title='bbox 590 2249 612 2274; x_wconf 92' lang='lat' dir='ltr'>a</span> <span class='ocrx_word' id='word_1_240' title='bbox 633 2237 854 2275; x_wconf 84' lang='lat' dir='ltr'>criminibus</span> <span class='ocrx_word' id='word_1_241' title='bbox 879 2243 915 2275; x_wconf 88' lang='lat' dir='ltr'>et</span> 
     </span>
     <span class='ocr_line' id='line_1_46' title="bbox 105 2283 938 2331; baseline 0.005 -12"><span class='ocrx_word' id='word_1_242' title='bbox 105 2283 269 2330; x_wconf 89' lang='lat' dir='ltr'>peccatis</span> <span class='ocrx_word' id='word_1_243' title='bbox 305 2284 519 2321; x_wconf 83' lang='lat' dir='ltr'>futurorum</span> <span class='ocrx_word' id='word_1_244' title='bbox 553 2285 823 2331; x_wconf 88' lang='lat' dir='ltr'>suppliciorum</span> <span class='ocrx_word' id='word_1_245' title='bbox 850 2287 938 2323; x_wconf 70' lang='lat' dir='ltr'>de-&#39;</span> 
     </span>
     <span class='ocr_line' id='line_1_47' title="bbox 104 2330 914 2377; baseline 0.004 -11"><span class='ocrx_word' id='word_1_246' title='bbox 104 2330 342 2367; x_wconf 87' lang='lat' dir='ltr'>nuntiatione</span> <span class='ocrx_word' id='word_1_247' title='bbox 375 2332 554 2377; x_wconf 85' lang='lat' dir='ltr'>deterret,</span> <span class='ocrx_word' id='word_1_248' title='bbox 576 2332 704 2369; x_wconf 87' lang='lat' dir='ltr'>dicens</span> <span class='ocrx_word' id='word_1_249' title='bbox 727 2345 734 2368; x_wconf 90' lang='lat'>:</span> <span class='ocrx_word' id='word_1_250' title='bbox 763 2336 914 2371; x_wconf 84' lang='lat' dir='ltr'>Verum-</span> 
     </span>
     <span class='ocr_line' id='line_1_48' title="bbox 108 2378 916 2425; baseline 0.005 -12"><span class='ocrx_word' id='word_1_251' title='bbox 108 2382 229 2414; x_wconf 82' lang='lat' dir='ltr'>tamen</span> <span class='ocrx_word' id='word_1_252' title='bbox 251 2389 316 2419; x_wconf 72' lang='lat' dir='ltr'>vae,</span> <span class='ocrx_word' id='word_1_253' title='bbox 335 2378 476 2415; x_wconf 89' lang='lat' dir='ltr'>scilicet</span> <span class='ocrx_word' id='word_1_254' title='bbox 491 2380 632 2416; x_wconf 90' lang='lat' dir='ltr'>doloris</span> <span class='ocrx_word' id='word_1_255' title='bbox 651 2380 797 2425; x_wconf 83' lang='lat' dir='ltr'>aeterni,</span> <span class='ocrx_word' id='word_1_256' title='bbox 816 2382 916 2417; x_wconf 76' lang='lat' dir='ltr'>vobis</span> 
     </span>
     <span class='ocr_line' id='line_1_49' title="bbox 113 2426 913 2473; baseline 0.008 -14"><span class='ocrx_word' id='word_1_257' title='bbox 113 2426 308 2467; x_wconf 76' lang='lat' dir='ltr'>divitibus,</span> <span class='ocrx_word' id='word_1_258' title='bbox 345 2437 419 2462; x_wconf 93' lang='lat' dir='ltr'>non</span> <span class='ocrx_word' id='word_1_259' title='bbox 461 2431 586 2463; x_wconf 90' lang='lat' dir='ltr'>tamen</span> <span class='ocrx_word' id='word_1_260' title='bbox 614 2427 805 2473; x_wconf 89' lang='lat' dir='ltr'>omnibus,</span> <span class='ocrx_word' id='word_1_261' title='bbox 847 2430 913 2465; x_wconf 89' lang='lat' dir='ltr'>sed</span> 
     </span>
     <span class='ocr_line' id='line_1_50' title="bbox 108 2472 914 2519; baseline 0.005 -11"><span class='ocrx_word' id='word_1_262' title='bbox 108 2472 458 2519; x_wconf 75' lang='lat' dir='ltr'>quibusdam3quia</span> <span class='ocrx_word' id='word_1_263' title='bbox 482 2476 622 2511; x_wconf 80' lang='lat' dir='ltr'>habetis</span> <span class='ocrx_word' id='word_1_264' title='bbox 642 2477 700 2511; x_wconf 86' lang='lat' dir='ltr'>hic</span> <span class='ocrx_word' id='word_1_265' title='bbox 723 2478 914 2512; x_wconf 80' lang='lat' dir='ltr'>consolati-</span> 
     </span>
     <span class='ocr_line' id='line_1_51' title="bbox 109 2521 913 2569; baseline 0.005 -13"><span class='ocrx_word' id='word_1_266' title='bbox 109 2530 211 2556; x_wconf 84' lang='lat' dir='ltr'>onem</span> <span class='ocrx_word' id='word_1_267' title='bbox 229 2525 386 2556; x_wconf 68' lang='lat' dir='ltr'>vestram</span> <span class='ocrx_word' id='word_1_268' title='bbox 399 2532 421 2557; x_wconf 91' lang='lat' dir='ltr'>a</span> <span class='ocrx_word' id='word_1_269' title='bbox 441 2521 547 2558; x_wconf 81' lang='lat' dir='ltr'>vobis</span> <span class='ocrx_word' id='word_1_270' title='bbox 559 2526 739 2569; x_wconf 85' lang='lat' dir='ltr'>optatam,</span> <span class='ocrx_word' id='word_1_271' title='bbox 757 2524 913 2560; x_wconf 89' lang='lat' dir='ltr'>abuten-</span> 
     </span>
     <span class='ocr_line' id='line_1_52' title="bbox 109 2567 909 2617; baseline 0.006 -14"><span class='ocrx_word' id='word_1_272' title='bbox 109 2570 166 2604; x_wconf 90' lang='lat' dir='ltr'>tes</span> <span class='ocrx_word' id='word_1_273' title='bbox 186 2567 327 2603; x_wconf 78' lang='lat' dir='ltr'>divitiis</span> <span class='ocrx_word' id='word_1_274' title='bbox 346 2569 394 2604; x_wconf 91' lang='lat' dir='ltr'>ad</span> <span class='ocrx_word' id='word_1_275' title='bbox 422 2568 505 2605; x_wconf 80' lang='lat' dir='ltr'>vitae</span> <span class='ocrx_word' id='word_1_276' title='bbox 528 2571 773 2617; x_wconf 77' lang='lat' dir='ltr'>voluptatem.</span> <span class='ocrx_word' id='word_1_277' title='bbox 796 2572 909 2615; x_wconf 89' lang='lat' dir='ltr'>Quasi</span> 
     </span>
     <span class='ocr_line' id='line_1_53' title="bbox 109 2613 909 2661; baseline 0.008 -11"><span class='ocrx_word' id='word_1_278' title='bbox 109 2613 250 2651; x_wconf 88' lang='lat' dir='ltr'>diceret</span> <span class='ocrx_word' id='word_1_279' title='bbox 274 2627 281 2650; x_wconf 76' lang='grc' dir='ltr'>ι</span> <span class='ocrx_word' id='word_1_280' title='bbox 305 2617 383 2651; x_wconf 90' lang='lat' dir='ltr'>Non</span> <span class='ocrx_word' id='word_1_281' title='bbox 403 2616 550 2653; x_wconf 85' lang='lat' dir='ltr'>habetis</span> <span class='ocrx_word' id='word_1_282' title='bbox 565 2628 702 2661; x_wconf 91' lang='lat' dir='ltr'>meam,</span> <span class='ocrx_word' id='word_1_283' title='bbox 725 2621 761 2654; x_wconf 92' lang='lat' dir='ltr'>et</span> <span class='ocrx_word' id='word_1_284' title='bbox 781 2629 850 2656; x_wconf 87' lang='lat' dir='ltr'>nee</span> <span class='ocrx_word' id='word_1_285' title='bbox 871 2619 909 2655; x_wconf 91' lang='lat' dir='ltr'>in</span> 
     </span>
     <span class='ocr_line' id='line_1_54' title="bbox 108 2661 908 2713; baseline 0.009 -16"><span class='ocrx_word' id='word_1_286' title='bbox 108 2661 298 2709; x_wconf 86' lang='lat' dir='ltr'>praesenti,</span> <span class='ocrx_word' id='word_1_287' title='bbox 321 2674 389 2699; x_wconf 92' lang='lat' dir='ltr'>nec</span> <span class='ocrx_word' id='word_1_288' title='bbox 419 2663 455 2699; x_wconf 90' lang='lat' dir='ltr'>in</span> <span class='ocrx_word' id='word_1_289' title='bbox 489 2665 628 2701; x_wconf 80' lang='lat' dir='ltr'>futuro.</span> <span class='ocrx_word' id='word_1_290' title='bbox 653 2665 793 2702; x_wconf 81' lang='lat' dir='ltr'>Divites</span> <span class='ocrx_word' id='word_1_291' title='bbox 818 2678 908 2713; x_wconf 87' lang='lat' dir='ltr'>ergo</span> 
     </span>
    </p>
   </div>
   <div class='ocr_carea' id='block_1_3' title="bbox 860 137 1302 172">
    <p class='ocr_par' dir='ltr' id='par_1_4' title="bbox 860 137 1302 172">
     <span class='ocr_line' id='line_1_55' title="bbox 860 137 1302 172; baseline 0.005 -2"><span class='ocrx_word' id='word_1_292' title='bbox 860 137 1014 170; x_wconf 76' lang='lat' dir='ltr'>DOMINI</span> <span class='ocrx_word' id='word_1_293' title='bbox 1055 140 1096 171; x_wconf 69' lang='lat' dir='ltr'>lx</span> <span class='ocrx_word' id='word_1_294' title='bbox 1137 140 1302 172; x_wconf 67' lang='lat' dir='ltr'>MONTE.</span> 
     </span>
    </p>
   </div>
   <div class='ocr_carea' id='block_1_4' title="bbox 933 2081 941 2763">
    <p class='ocr_par' dir='ltr' id='par_1_5' title="bbox 933 2081 941 2763">
     <span class='ocr_line' id='line_1_56' title="bbox 933 2081 941 2763; baseline 0 0"><span class='ocrx_word' id='word_1_295' title='bbox 933 2081 941 2763; x_wconf 95' lang='lat' dir='ltr'> </span> 
     </span>
    </p>
   </div>
   <div class='ocr_carea' id='block_1_5' title="bbox 108 2709 933 2811">
    <p class='ocr_par' dir='ltr' id='par_1_6' title="bbox 108 2709 933 2811">
     <span class='ocr_line' id='line_1_57' title="bbox 108 2709 905 2759; baseline 0.008 -14"><span class='ocrx_word' id='word_1_296' title='bbox 108 2712 230 2754; x_wconf 89' lang='lat' dir='ltr'>vocat,</span> <span class='ocrx_word' id='word_1_297' title='bbox 246 2709 311 2756; x_wconf 88' lang='lat' dir='ltr'>qui</span> <span class='ocrx_word' id='word_1_298' title='bbox 339 2710 378 2746; x_wconf 89' lang='lat' dir='ltr'>in</span> <span class='ocrx_word' id='word_1_299' title='bbox 403 2710 514 2747; x_wconf 91' lang='lat' dir='ltr'>bonis</span> <span class='ocrx_word' id='word_1_300' title='bbox 537 2712 679 2749; x_wconf 91' lang='lat' dir='ltr'>ducunt</span> <span class='ocrx_word' id='word_1_301' title='bbox 703 2713 782 2750; x_wconf 86' lang='lat' dir='ltr'>dies</span> <span class='ocrx_word' id='word_1_302' title='bbox 803 2725 905 2759; x_wconf 91' lang='lat' dir='ltr'>suos,</span> 
     </span>
     <span class='ocr_line' id='line_1_58' title="bbox 109 2756 933 2811; baseline 0.008 -18"><span class='ocrx_word' id='word_1_303' title='bbox 109 2756 200 2804; x_wconf 90' lang='lat' dir='ltr'>quia</span> <span class='ocrx_word' id='word_1_304' title='bbox 226 2768 302 2793; x_wconf 91' lang='lat' dir='ltr'>non</span> <span class='ocrx_word' id='word_1_305' title='bbox 323 2761 400 2794; x_wconf 89' lang='lat' dir='ltr'>tam</span> <span class='ocrx_word' id='word_1_306' title='bbox 424 2758 579 2804; x_wconf 73' lang='lat' dir='ltr'>divitiae,</span> <span class='ocrx_word' id='word_1_307' title='bbox 606 2771 718 2806; x_wconf 85' lang='lat' dir='ltr'>quam</span> <span class='ocrx_word' id='word_1_308' title='bbox 739 2772 847 2799; x_wconf 87' lang='lat' dir='ltr'>amor</span> <span class='ocrx_word' id='word_1_309' title='bbox 872 2766 908 2800; x_wconf 90' lang='lat' dir='ltr'>et</span> <span class='ocrx_word' id='word_1_310' title='bbox 929 2765 933 2811; x_wconf 71' lang='lat' dir='ltr'><strong>f</strong></span> 
     </span>
    </p>
   </div>
   <div class='ocr_carea' id='block_1_6' title="bbox 194 2823 740 2866">
    <p class='ocr_par' dir='ltr' id='par_1_7' title="bbox 194 2823 740 2866">
     <span class='ocr_line' id='line_1_59' title="bbox 194 2823 740 2866; baseline 0.009 -11"><span class='ocrx_word' id='word_1_311' title='bbox 194 2823 277 2856; x_wconf 68' lang='lat' dir='ltr'>Vin</span> <span class='ocrx_word' id='word_1_312' title='bbox 300 2824 383 2857; x_wconf 75' lang='lat' dir='ltr'>Jsssc</span> <span class='ocrx_word' id='word_1_313' title='bbox 407 2824 553 2866; x_wconf 70' lang='lat' dir='ltr'>Ciinisri,</span> <span class='ocrx_word' id='word_1_314' title='bbox 575 2826 690 2859; x_wconf 70' lang='lat' dir='ltr'>Tomfs</span> <span class='ocrx_word' id='word_1_315' title='bbox 714 2827 740 2860; x_wconf 88' lang='lat'>1.</span> 
     </span>
    </p>
   </div>
   <div class='ocr_carea' id='block_1_7' title="bbox 1683 141 1743 174">
    <p class='ocr_par' dir='ltr' id='par_1_8' title="bbox 1683 141 1743 174">
     <span class='ocr_line' id='line_1_60' title="bbox 1683 141 1743 174; baseline 0.033 -2"><span class='ocrx_word' id='word_1_316' title='bbox 1683 141 1743 174; x_wconf 74' lang='lat'>273</span> 
     </span>
    </p>
   </div>
   <div class='ocr_carea' id='block_1_8' title="bbox 955 206 1756 2807">
    <p class='ocr_par' dir='ltr' id='par_1_9' title="bbox 955 206 1756 2807">
     <span class='ocr_line' id='line_1_61' title="bbox 955 206 1745 258; baseline 0.008 -18"><span class='ocrx_word' id='word_1_317' title='bbox 955 206 1096 258; x_wconf 78' lang='lat' dir='ltr'>abusus</span> <span class='ocrx_word' id='word_1_318' title='bbox 1115 206 1348 252; x_wconf 90' lang='lat' dir='ltr'>divitiarum,</span> <span class='ocrx_word' id='word_1_319' title='bbox 1376 209 1411 244; x_wconf 87' lang='lat' dir='ltr'>in</span> <span class='ocrx_word' id='word_1_320' title='bbox 1432 209 1541 253; x_wconf 83' lang='lat' dir='ltr'>culpa</span> <span class='ocrx_word' id='word_1_321' title='bbox 1560 213 1628 244; x_wconf 81' lang='lat' dir='ltr'>est.</span> <span class='ocrx_word' id='word_1_322' title='bbox 1652 210 1745 246; x_wconf 78' lang='lat' dir='ltr'>Cum</span> 
     </span>
     <span class='ocr_line' id='line_1_62' title="bbox 956 257 1745 303; baseline 0.008 -16"><span class='ocrx_word' id='word_1_323' title='bbox 956 263 1055 288; x_wconf 80' lang='lat' dir='ltr'>enim</span> <span class='ocrx_word' id='word_1_324' title='bbox 1074 264 1247 300; x_wconf 78' lang='lat' dir='ltr'>superius</span> <span class='ocrx_word' id='word_1_325' title='bbox 1269 267 1422 301; x_wconf 80' lang='lat' dir='ltr'>regnum</span> <span class='ocrx_word' id='word_1_326' title='bbox 1451 257 1632 291; x_wconf 58' lang='lat' dir='ltr'>emturum</span> <span class='ocrx_word' id='word_1_327' title='bbox 1649 267 1745 303; x_wconf 85' lang='lat' dir='ltr'>pau-</span> 
     </span>
     <span class='ocr_line' id='line_1_63' title="bbox 956 302 1745 351; baseline 0.01 -18"><span class='ocrx_word' id='word_1_328' title='bbox 956 309 1089 345; x_wconf 90' lang='lat' dir='ltr'>perum</span> <span class='ocrx_word' id='word_1_329' title='bbox 1111 311 1192 337; x_wconf 90' lang='lat' dir='ltr'>esse</span> <span class='ocrx_word' id='word_1_330' title='bbox 1208 302 1421 346; x_wconf 75' lang='lat' dir='ltr'>dicatu1·,ex</span> <span class='ocrx_word' id='word_1_331' title='bbox 1439 302 1611 349; x_wconf 80' lang='lat' dir='ltr'>opposito</span> <span class='ocrx_word' id='word_1_332' title='bbox 1633 314 1745 351; x_wconf 87' lang='lat' dir='ltr'>appa-</span> 
     </span>
     <span class='ocr_line' id='line_1_64' title="bbox 957 348 1744 398; baseline 0.009 -17"><span class='ocrx_word' id='word_1_333' title='bbox 957 350 1028 390; x_wconf 89' lang='lat' dir='ltr'>ret,</span> <span class='ocrx_word' id='word_1_334' title='bbox 1051 348 1151 391; x_wconf 88' lang='lat' dir='ltr'>quod</span> <span class='ocrx_word' id='word_1_335' title='bbox 1173 349 1219 383; x_wconf 86' lang='lat' dir='ltr'>ab</span> <span class='ocrx_word' id='word_1_336' title='bbox 1234 350 1303 385; x_wconf 89' lang='lat' dir='ltr'>hoe</span> <span class='ocrx_word' id='word_1_337' title='bbox 1317 361 1431 396; x_wconf 86' lang='lat' dir='ltr'>regno</span> <span class='ocrx_word' id='word_1_338' title='bbox 1452 361 1490 386; x_wconf 86' lang='lat' dir='ltr'>se</span> <span class='ocrx_word' id='word_1_339' title='bbox 1507 350 1660 396; x_wconf 81' lang='lat' dir='ltr'>alienat,</span> <span class='ocrx_word' id='word_1_340' title='bbox 1679 352 1744 398; x_wconf 86' lang='lat' dir='ltr'>qui</span> 
     </span>
     <span class='ocr_line' id='line_1_65' title="bbox 958 392 1745 443; baseline 0.01 -15"><span class='ocrx_word' id='word_1_341' title='bbox 958 392 997 428; x_wconf 89' lang='lat' dir='ltr'>in</span> <span class='ocrx_word' id='word_1_342' title='bbox 1025 395 1321 439; x_wconf 85' lang='lat' dir='ltr'>temporalibus,</span> <span class='ocrx_word' id='word_1_343' title='bbox 1361 408 1444 443; x_wconf 84' lang='lat' dir='ltr'>quae</span> <span class='ocrx_word' id='word_1_344' title='bbox 1481 409 1552 432; x_wconf 79' lang='lat' dir='ltr'>uon</span> <span class='ocrx_word' id='word_1_345' title='bbox 1577 399 1745 436; x_wconf 83' lang='lat' dir='ltr'>consola-</span> 
     </span>
     <span class='ocr_line' id='line_1_66' title="bbox 959 440 1745 488; baseline 0.009 -12"><span class='ocrx_word' id='word_1_346' title='bbox 959 440 1023 485; x_wconf 86' lang='lat' dir='ltr'>tio,</span> <span class='ocrx_word' id='word_1_347' title='bbox 1039 451 1115 476; x_wconf 90' lang='lat' dir='ltr'>non</span> <span class='ocrx_word' id='word_1_348' title='bbox 1129 441 1364 486; x_wconf 77' lang='lat' dir='ltr'>deliciae,sed</span> <span class='ocrx_word' id='word_1_349' title='bbox 1386 444 1611 488; x_wconf 74' lang='lat' dir='ltr'>remedium,</span> <span class='ocrx_word' id='word_1_350' title='bbox 1635 446 1745 482; x_wconf 81' lang='lat' dir='ltr'>resri-</span> 
     </span>
     <span class='ocr_line' id='line_1_67' title="bbox 959 487 1745 539; baseline 0.008 -15"><span class='ocrx_word' id='word_1_351' title='bbox 959 487 1120 534; x_wconf 83' lang='lat' dir='ltr'>gerium,</span> <span class='ocrx_word' id='word_1_352' title='bbox 1148 493 1280 525; x_wconf 90' lang='lat' dir='ltr'>contra</span> <span class='ocrx_word' id='word_1_353' title='bbox 1302 491 1536 527; x_wconf 71' lang='lat' dir='ltr'>necessarias</span> <span class='ocrx_word' id='word_1_354' title='bbox 1563 493 1745 539; x_wconf 85' lang='lat' dir='ltr'>temporis</span> 
     </span>
     <span class='ocr_line' id='line_1_68' title="bbox 960 534 1744 582; baseline 0.01 -12"><span class='ocrx_word' id='word_1_355' title='bbox 960 534 1134 571; x_wconf 86' lang='lat' dir='ltr'>miserias</span> <span class='ocrx_word' id='word_1_356' title='bbox 1164 546 1247 572; x_wconf 90' lang='lat' dir='ltr'>esse</span> <span class='ocrx_word' id='word_1_357' title='bbox 1268 537 1420 582; x_wconf 91' lang='lat' dir='ltr'>debent,</span> <span class='ocrx_word' id='word_1_358' title='bbox 1446 539 1744 577; x_wconf 39' lang='lat' dir='ltr'>mundationem</span> 
     </span>
     <span class='ocr_line' id='line_1_69' title="bbox 960 582 1740 631; baseline 0.009 -13"><span class='ocrx_word' id='word_1_359' title='bbox 960 582 1110 628; x_wconf 75' lang='lat' dir='ltr'>quaerit,</span> <span class='ocrx_word' id='word_1_360' title='bbox 1147 583 1391 620; x_wconf 84' lang='lat' dir='ltr'>auditurusa</span> <span class='ocrx_word' id='word_1_361' title='bbox 1426 586 1528 631; x_wconf 84' lang='lat' dir='ltr'>justo</span> <span class='ocrx_word' id='word_1_362' title='bbox 1566 588 1699 624; x_wconf 82' lang='lat' dir='ltr'>Ju‹lice</span> <span class='ocrx_word' id='word_1_363' title='bbox 1731 601 1740 624; x_wconf 77' lang='lat' dir='ltr'><em>z</em></span> 
     </span>
     <span class='ocr_line' id='line_1_70' title="bbox 960 631 1746 678; baseline 0.008 -13"><span class='ocrx_word' id='word_1_364' title='bbox 960 631 1045 671; x_wconf 84' lang='lat' dir='ltr'>Fili,</span> <span class='ocrx_word' id='word_1_365' title='bbox 1068 631 1258 666; x_wconf 78' lang='lat' dir='ltr'>recordare</span> <span class='ocrx_word' id='word_1_366' title='bbox 1284 633 1372 676; x_wconf 83' lang='lat' dir='ltr'>quia</span> <span class='ocrx_word' id='word_1_367' title='bbox 1398 634 1566 678; x_wconf 78' lang='lat' dir='ltr'>recepisti</span> <span class='ocrx_word' id='word_1_368' title='bbox 1593 635 1683 670; x_wconf 81' lang='lat' dir='ltr'>bona</span> <span class='ocrx_word' id='word_1_369' title='bbox 1706 637 1746 671; x_wconf 85' lang='lat' dir='ltr'>in</span> 
     </span>
     <span class='ocr_line' id='line_1_71' title="bbox 960 678 1745 724; baseline -0.001 -12"><span class='ocrx_word' id='word_1_370' title='bbox 960 680 1037 712; x_wconf 77' lang='lat' dir='ltr'>vita</span> <span class='ocrx_word' id='word_1_371' title='bbox 1082 681 1158 714; x_wconf 81' lang='lat' dir='ltr'>tua.</span> <span class='ocrx_word' id='word_1_372' title='bbox 1200 678 1304 714; x_wconf 90' lang='lat' dir='ltr'>Unde</span> <span class='ocrx_word' id='word_1_373' title='bbox 1343 679 1559 714; x_wconf 71' lang='lat' dir='ltr'>Ambrosius</span> <span class='ocrx_word' id='word_1_374' title='bbox 1601 696 1608 715; x_wconf 77' lang='lat' dir='ltr'><em>z</em></span> <span class='ocrx_word' id='word_1_375' title='bbox 1635 697 1652 713; x_wconf 85' lang='lat'>«</span> <span class='ocrx_word' id='word_1_376' title='bbox 1677 681 1745 724; x_wconf 80' lang='lat' dir='ltr'>Qui</span> 
     </span>
     <span class='ocr_line' id='line_1_72' title="bbox 961 724 1743 772; baseline 0.005 -12"><span class='ocrx_word' id='word_1_377' title='bbox 961 724 1258 761; x_wconf 84' lang='lat' dir='ltr'>consolationem</span> <span class='ocrx_word' id='word_1_378' title='bbox 1275 724 1360 761; x_wconf 66' lang='lat' dir='ltr'>vitre</span> <span class='ocrx_word' id='word_1_379' title='bbox 1374 729 1573 772; x_wconf 82' lang='lat' dir='ltr'>praesentis</span> <span class='ocrx_word' id='word_1_380' title='bbox 1600 728 1743 764; x_wconf 83' lang='lat' dir='ltr'>habue-</span> 
     </span>
     <span class='ocr_line' id='line_1_73' title="bbox 962 772 1751 822; baseline 0.004 -15"><span class='ocrx_word' id='word_1_381' title='bbox 962 776 1062 816; x_wconf 90' lang='lat' dir='ltr'>runt,</span> <span class='ocrx_word' id='word_1_382' title='bbox 1093 772 1439 809; x_wconf 83' lang='lat' dir='ltr'>remunerationem</span> <span class='ocrx_word' id='word_1_383' title='bbox 1460 779 1653 822; x_wconf 67' lang='lat' dir='ltr'>perpetua}</span> <span class='ocrx_word' id='word_1_384' title='bbox 1669 786 1751 821; x_wconf 89' lang='lat' dir='ltr'>per-</span> 
     </span>
     <span class='ocr_line' id='line_1_74' title="bbox 961 819 1752 869; baseline 0.004 -15"><span class='ocrx_word' id='word_1_385' title='bbox 961 819 1152 855; x_wconf 89' lang='lat' dir='ltr'>diderunt.</span> <span class='ocrx_word' id='word_1_386' title='bbox 1193 833 1210 853; x_wconf 91' lang='lat'>»</span> <span class='ocrx_word' id='word_1_387' title='bbox 1236 822 1298 857; x_wconf 76' lang='lat' dir='ltr'>Vae</span> <span class='ocrx_word' id='word_1_388' title='bbox 1344 822 1446 857; x_wconf 81' lang='lat' dir='ltr'>vobis</span> <span class='ocrx_word' id='word_1_389' title='bbox 1490 826 1554 869; x_wconf 83' lang='lat' dir='ltr'>qui</span> <span class='ocrx_word' id='word_1_390' title='bbox 1590 824 1752 858; x_wconf 76' lang='lat' dir='ltr'>saturati</span> 
     </span>
     <span class='ocr_line' id='line_1_75' title="bbox 961 867 1750 913; baseline 0.004 -12"><span class='ocrx_word' id='word_1_391' title='bbox 961 869 1061 908; x_wconf 75' lang='lat' dir='ltr'>estis,</span> <span class='ocrx_word' id='word_1_392' title='bbox 1083 867 1120 902; x_wconf 91' lang='lat' dir='ltr'>in</span> <span class='ocrx_word' id='word_1_393' title='bbox 1142 867 1321 913; x_wconf 80' lang='lat' dir='ltr'>praesenti</span> <span class='ocrx_word' id='word_1_394' title='bbox 1342 871 1512 906; x_wconf 82' lang='lat' dir='ltr'>vacando</span> <span class='ocrx_word' id='word_1_395' title='bbox 1534 868 1750 905; x_wconf 75' lang='lat' dir='ltr'>comessati-</span> 
     </span>
     <span class='ocr_line' id='line_1_76' title="bbox 961 913 1748 959; baseline 0.004 -10"><span class='ocrx_word' id='word_1_396' title='bbox 961 913 1037 958; x_wconf 86' lang='lat' dir='ltr'>oni,</span> <span class='ocrx_word' id='word_1_397' title='bbox 1062 917 1097 949; x_wconf 90' lang='lat' dir='ltr'>et</span> <span class='ocrx_word' id='word_1_398' title='bbox 1119 914 1308 959; x_wconf 84' lang='lat' dir='ltr'>ebrietati,</span> <span class='ocrx_word' id='word_1_399' title='bbox 1337 915 1429 951; x_wconf 90' lang='lat' dir='ltr'>etin</span> <span class='ocrx_word' id='word_1_400' title='bbox 1451 917 1597 954; x_wconf 79' lang='lat' dir='ltr'>deliciis</span> <span class='ocrx_word' id='word_1_401' title='bbox 1619 916 1748 953; x_wconf 79' lang='lat' dir='ltr'>viven-</span> 
     </span>
     <span class='ocr_line' id='line_1_77' title="bbox 961 962 1748 1008; baseline 0.005 -13"><span class='ocrx_word' id='word_1_402' title='bbox 961 962 1031 1005; x_wconf 80' lang='lat' dir='ltr'>(lo;</span> <span class='ocrx_word' id='word_1_403' title='bbox 1052 963 1139 1006; x_wconf 78' lang='lat' dir='ltr'>quia</span> <span class='ocrx_word' id='word_1_404' title='bbox 1162 964 1329 998; x_wconf 70' lang='lat' dir='ltr'>esurietis</span> <span class='ocrx_word' id='word_1_405' title='bbox 1349 962 1388 997; x_wconf 88' lang='lat' dir='ltr'>in</span> <span class='ocrx_word' id='word_1_406' title='bbox 1406 964 1548 1008; x_wconf 84' lang='lat' dir='ltr'>futuro,</span> <span class='ocrx_word' id='word_1_407' title='bbox 1580 975 1654 1000; x_wconf 90' lang='lat' dir='ltr'>non</span> <span class='ocrx_word' id='word_1_408' title='bbox 1677 963 1748 999; x_wconf 88' lang='lat' dir='ltr'>cibi</span> 
     </span>
     <span class='ocr_line' id='line_1_78' title="bbox 960 1008 1749 1056; baseline 0.005 -13"><span class='ocrx_word' id='word_1_409' title='bbox 960 1008 1131 1044; x_wconf 82' lang='lat' dir='ltr'>carentia</span> <span class='ocrx_word' id='word_1_410' title='bbox 1166 1009 1394 1056; x_wconf 86' lang='lat' dir='ltr'>specialiter,</span> <span class='ocrx_word' id='word_1_411' title='bbox 1426 1013 1489 1047; x_wconf 70' lang='lat' dir='ltr'>sed</span> <span class='ocrx_word' id='word_1_412' title='bbox 1518 1012 1633 1047; x_wconf 84' lang='lat' dir='ltr'>totius</span> <span class='ocrx_word' id='word_1_413' title='bbox 1662 1012 1749 1047; x_wconf 87' lang='lat' dir='ltr'>boni</span> 
     </span>
     <span class='ocr_line' id='line_1_79' title="bbox 961 1055 1747 1104; baseline 0.005 -14"><span class='ocrx_word' id='word_1_414' title='bbox 961 1055 1121 1102; x_wconf 87' lang='lat' dir='ltr'>penuria</span> <span class='ocrx_word' id='word_1_415' title='bbox 1150 1057 1391 1101; x_wconf 80' lang='lat' dir='ltr'>generaliter.</span> <span class='ocrx_word' id='word_1_416' title='bbox 1416 1058 1517 1095; x_wconf 83' lang='lat' dir='ltr'>Sicut</span> <span class='ocrx_word' id='word_1_417' title='bbox 1547 1058 1650 1094; x_wconf 67' lang='lat' dir='ltr'>dives</span> <span class='ocrx_word' id='word_1_418' title='bbox 1683 1058 1747 1104; x_wconf 87' lang='lat' dir='ltr'>qui</span> 
     </span>
     <span class='ocr_line' id='line_1_80' title="bbox 961 1103 1750 1151; baseline 0.004 -13"><span class='ocrx_word' id='word_1_419' title='bbox 961 1103 1186 1148; x_wconf 79' lang='lat' dir='ltr'>epulebatur</span> <span class='ocrx_word' id='word_1_420' title='bbox 1207 1104 1373 1149; x_wconf 88' lang='lat' dir='ltr'>quotidie</span> <span class='ocrx_word' id='word_1_421' title='bbox 1396 1106 1604 1151; x_wconf 82' lang='lat' dir='ltr'>splendide,</span> <span class='ocrx_word' id='word_1_422' title='bbox 1629 1105 1665 1140; x_wconf 88' lang='lat' dir='ltr'>in</span> <span class='ocrx_word' id='word_1_423' title='bbox 1689 1106 1750 1141; x_wconf 86' lang='lat' dir='ltr'>de-</span> 
     </span>
     <span class='ocr_line' id='line_1_81' title="bbox 961 1150 1749 1194; baseline 0.005 -9"><span class='ocrx_word' id='word_1_424' title='bbox 961 1150 1056 1185; x_wconf 80' lang='lat' dir='ltr'>liciis</span> <span class='ocrx_word' id='word_1_425' title='bbox 1091 1150 1235 1194; x_wconf 81' lang='lat' dir='ltr'>vivens,</span> <span class='ocrx_word' id='word_1_426' title='bbox 1276 1151 1399 1187; x_wconf 89' lang='lat' dir='ltr'>dirum</span> <span class='ocrx_word' id='word_1_427' title='bbox 1441 1165 1495 1189; x_wconf 62' lang='lat' dir='ltr'>va)</span> <span class='ocrx_word' id='word_1_428' title='bbox 1537 1153 1749 1189; x_wconf 55' lang='lat' dir='ltr'>sustinebat</span> 
     </span>
     <span class='ocr_line' id='line_1_82' title="bbox 961 1197 1748 1246; baseline 0.005 -14"><span class='ocrx_word' id='word_1_429' title='bbox 961 1197 1148 1241; x_wconf 73' lang='lat' dir='ltr'>esui-iens,</span> <span class='ocrx_word' id='word_1_430' title='bbox 1180 1199 1331 1243; x_wconf 78' lang='lat' dir='ltr'>quando</span> <span class='ocrx_word' id='word_1_431' title='bbox 1371 1200 1416 1235; x_wconf 92' lang='lat' dir='ltr'>de</span> <span class='ocrx_word' id='word_1_432' title='bbox 1448 1200 1566 1246; x_wconf 85' lang='lat' dir='ltr'>digito</span> <span class='ocrx_word' id='word_1_433' title='bbox 1604 1200 1748 1245; x_wconf 84' lang='lat' dir='ltr'>Lazari,</span> 
     </span>
     <span class='ocr_line' id='line_1_83' title="bbox 961 1245 1746 1294; baseline 0.005 -15"><span class='ocrx_word' id='word_1_434' title='bbox 961 1255 1074 1291; x_wconf 79' lang='lat' dir='ltr'>quem</span> <span class='ocrx_word' id='word_1_435' title='bbox 1103 1245 1338 1291; x_wconf 79' lang='lat' dir='ltr'>despexerat,</span> <span class='ocrx_word' id='word_1_436' title='bbox 1355 1251 1499 1293; x_wconf 79' lang='lat' dir='ltr'>guttam</span> <span class='ocrx_word' id='word_1_437' title='bbox 1518 1259 1625 1294; x_wconf 55' lang='lat' dir='ltr'>aqua*</span> <span class='ocrx_word' id='word_1_438' title='bbox 1646 1259 1746 1294; x_wconf 82' lang='lat' dir='ltr'>quae-</span> 
     </span>
     <span class='ocr_line' id='line_1_84' title="bbox 962 1293 1750 1341; baseline 0.005 -14"><span class='ocrx_word' id='word_1_439' title='bbox 962 1293 1080 1328; x_wconf 84' lang='lat' dir='ltr'>rebat.</span> <span class='ocrx_word' id='word_1_440' title='bbox 1125 1293 1312 1338; x_wconf 87' lang='lat' dir='ltr'>Epulones</span> <span class='ocrx_word' id='word_1_441' title='bbox 1354 1295 1566 1331; x_wconf 81' lang='lat' dir='ltr'>arctissimo</span> <span class='ocrx_word' id='word_1_442' title='bbox 1603 1295 1750 1341; x_wconf 81' lang='lat' dir='ltr'>jejunio</span> 
     </span>
     <span class='ocr_line' id='line_1_85' title="bbox 963 1340 1750 1389; baseline 0.004 -14"><span class='ocrx_word' id='word_1_443' title='bbox 963 1340 1259 1376; x_wconf 85' lang='lat' dir='ltr'>macerabuntur</span> <span class='ocrx_word' id='word_1_444' title='bbox 1302 1341 1336 1377; x_wconf 90' lang='lat' dir='ltr'>in</span> <span class='ocrx_word' id='word_1_445' title='bbox 1385 1353 1510 1388; x_wconf 78' lang='lat' dir='ltr'>poenn,</span> <span class='ocrx_word' id='word_1_446' title='bbox 1549 1346 1589 1378; x_wconf 90' lang='lat' dir='ltr'>ut</span> <span class='ocrx_word' id='word_1_447' title='bbox 1631 1343 1750 1389; x_wconf 70' lang='lat' dir='ltr'>vulpae</span> 
     </span>
     <span class='ocr_line' id='line_1_86' title="bbox 963 1387 1751 1436; baseline 0.005 -14"><span class='ocrx_word' id='word_1_448' title='bbox 963 1398 1108 1429; x_wconf 81' lang='lat' dir='ltr'>eorum,</span> <span class='ocrx_word' id='word_1_449' title='bbox 1122 1387 1263 1424; x_wconf 88' lang='lat' dir='ltr'>scilicet</span> <span class='ocrx_word' id='word_1_450' title='bbox 1283 1389 1511 1436; x_wconf 72' lang='lat' dir='ltr'>gulae,poena</span> <span class='ocrx_word' id='word_1_451' title='bbox 1533 1390 1579 1425; x_wconf 86' lang='lat' dir='ltr'>sit</span> <span class='ocrx_word' id='word_1_452' title='bbox 1600 1393 1751 1426; x_wconf 81' lang='lat' dir='ltr'>contra-</span> 
     </span>
     <span class='ocr_line' id='line_1_87' title="bbox 962 1434 1752 1481; baseline 0.005 -12"><span class='ocrx_word' id='word_1_453' title='bbox 962 1434 1031 1469; x_wconf 83' lang='lat' dir='ltr'>ria.</span> <span class='ocrx_word' id='word_1_454' title='bbox 1067 1435 1169 1470; x_wconf 80' lang='lat' dir='ltr'>Sicut</span> <span class='ocrx_word' id='word_1_455' title='bbox 1201 1447 1291 1481; x_wconf 80' lang='lat' dir='ltr'>ergo</span> <span class='ocrx_word' id='word_1_456' title='bbox 1329 1438 1519 1473; x_wconf 54' lang='lat' dir='ltr'>contraria</span> <span class='ocrx_word' id='word_1_457' title='bbox 1553 1437 1752 1473; x_wconf 86' lang='lat' dir='ltr'>contrariis</span> 
     </span>
     <span class='ocr_line' id='line_1_88' title="bbox 962 1481 1750 1529; baseline 0.006 -13"><span class='ocrx_word' id='word_1_458' title='bbox 962 1481 1166 1528; x_wconf 88' lang='lat' dir='ltr'>punientur</span> <span class='ocrx_word' id='word_1_459' title='bbox 1210 1482 1249 1518; x_wconf 87' lang='lat' dir='ltr'>in</span> <span class='ocrx_word' id='word_1_460' title='bbox 1286 1494 1413 1529; x_wconf 76' lang='lat' dir='ltr'>poena,</span> <span class='ocrx_word' id='word_1_461' title='bbox 1456 1484 1508 1520; x_wconf 86' lang='lat' dir='ltr'>ita</span> <span class='ocrx_word' id='word_1_462' title='bbox 1550 1485 1750 1521; x_wconf 80' lang='lat' dir='ltr'>contrariis</span> 
     </span>
     <span class='ocr_line' id='line_1_89' title="bbox 963 1529 1749 1577; baseline 0.006 -14"><span class='ocrx_word' id='word_1_463' title='bbox 963 1529 1155 1565; x_wconf 87' lang='lat' dir='ltr'>contraria</span> <span class='ocrx_word' id='word_1_464' title='bbox 1183 1531 1308 1566; x_wconf 88' lang='lat' dir='ltr'>curari</span> <span class='ocrx_word' id='word_1_465' title='bbox 1338 1532 1475 1567; x_wconf 85' lang='lat' dir='ltr'>debent</span> <span class='ocrx_word' id='word_1_466' title='bbox 1504 1531 1540 1567; x_wconf 92' lang='lat' dir='ltr'>in</span> <span class='ocrx_word' id='word_1_467' title='bbox 1564 1532 1749 1577; x_wconf 80' lang='lat' dir='ltr'>poeniten—</span> 
     </span>
     <span class='ocr_line' id='line_1_90' title="bbox 963 1576 1748 1625; baseline 0.004 -14"><span class='ocrx_word' id='word_1_468' title='bbox 963 1576 1028 1612; x_wconf 86' lang='lat' dir='ltr'>tia.</span> <span class='ocrx_word' id='word_1_469' title='bbox 1054 1576 1122 1612; x_wconf 87' lang='lat' dir='ltr'>Ubi</span> <span class='ocrx_word' id='word_1_470' title='bbox 1141 1578 1266 1612; x_wconf 78' lang='lat' dir='ltr'>Beda.-</span> <span class='ocrx_word' id='word_1_471' title='bbox 1292 1593 1310 1611; x_wconf 87' lang='lat'>«</span> <span class='ocrx_word' id='word_1_472' title='bbox 1335 1578 1370 1614; x_wconf 85' lang='lat' dir='ltr'>Si</span> <span class='ocrx_word' id='word_1_473' title='bbox 1394 1578 1494 1614; x_wconf 76' lang='lat' dir='ltr'>beati</span> <span class='ocrx_word' id='word_1_474' title='bbox 1513 1583 1600 1614; x_wconf 89' lang='lat' dir='ltr'>sunt</span> <span class='ocrx_word' id='word_1_475' title='bbox 1620 1579 1671 1614; x_wconf 92' lang='lat' dir='ltr'>illi</span> <span class='ocrx_word' id='word_1_476' title='bbox 1687 1579 1748 1625; x_wconf 88' lang='lat' dir='ltr'>qui</span> 
     </span>
     <span class='ocr_line' id='line_1_91' title="bbox 959 1623 1750 1672; baseline 0.004 -13"><span class='ocrx_word' id='word_1_477' title='bbox 959 1623 1117 1669; x_wconf 74' lang='lat' dir='ltr'>justitiae</span> <span class='ocrx_word' id='word_1_478' title='bbox 1139 1635 1291 1670; x_wconf 87' lang='lat' dir='ltr'>semper</span> <span class='ocrx_word' id='word_1_479' title='bbox 1311 1636 1427 1672; x_wconf 90' lang='lat' dir='ltr'>opera</span> <span class='ocrx_word' id='word_1_480' title='bbox 1448 1625 1636 1670; x_wconf 75' lang='lat' dir='ltr'>esuriunt,</span> <span class='ocrx_word' id='word_1_481' title='bbox 1659 1626 1750 1662; x_wconf 84' lang='lat' dir='ltr'>infe-</span> 
     </span>
     <span class='ocr_line' id='line_1_92' title="bbox 963 1670 1745 1719; baseline 0.004 -13"><span class='ocrx_word' id='word_1_482' title='bbox 963 1670 1054 1707; x_wconf 86' lang='lat' dir='ltr'>lices</span> <span class='ocrx_word' id='word_1_483' title='bbox 1075 1682 1093 1707; x_wconf 92' lang='lat' dir='ltr'>e</span> <span class='ocrx_word' id='word_1_484' title='bbox 1113 1672 1304 1708; x_wconf 83' lang='lat' dir='ltr'>contrario</span> <span class='ocrx_word' id='word_1_485' title='bbox 1323 1673 1536 1709; x_wconf 73' lang='lat' dir='ltr'>{estimandi</span> <span class='ocrx_word' id='word_1_486' title='bbox 1555 1677 1654 1717; x_wconf 86' lang='lat' dir='ltr'>sunt,</span> <span class='ocrx_word' id='word_1_487' title='bbox 1682 1673 1745 1719; x_wconf 85' lang='lat' dir='ltr'>qui</span> 
     </span>
     <span class='ocr_line' id='line_1_93' title="bbox 963 1718 1749 1767; baseline 0.005 -14"><span class='ocrx_word' id='word_1_488' title='bbox 963 1718 1034 1754; x_wconf 92' lang='lat' dir='ltr'>sibi</span> <span class='ocrx_word' id='word_1_489' title='bbox 1070 1718 1107 1754; x_wconf 91' lang='lat' dir='ltr'>in</span> <span class='ocrx_word' id='word_1_490' title='bbox 1145 1719 1345 1756; x_wconf 87' lang='lat' dir='ltr'>desideriis</span> <span class='ocrx_word' id='word_1_491' title='bbox 1371 1720 1578 1767; x_wconf 87' lang='lat' dir='ltr'>placentes,</span> <span class='ocrx_word' id='word_1_492' title='bbox 1609 1721 1749 1757; x_wconf 87' lang='lat' dir='ltr'>nullam</span> 
     </span>
     <span class='ocr_line' id='line_1_94' title="bbox 963 1765 1750 1815; baseline 0.006 -15"><span class='ocrx_word' id='word_1_493' title='bbox 963 1766 1041 1802; x_wconf 74' lang='lat' dir='ltr'>veri</span> <span class='ocrx_word' id='word_1_494' title='bbox 1070 1765 1160 1803; x_wconf 91' lang='lat' dir='ltr'>boni</span> <span class='ocrx_word' id='word_1_495' title='bbox 1188 1767 1326 1804; x_wconf 73' lang='lat' dir='ltr'>samem</span> <span class='ocrx_word' id='word_1_496' title='bbox 1352 1768 1561 1815; x_wconf 84' lang='lat' dir='ltr'>patiuntur.</span> <span class='ocrx_word' id='word_1_497' title='bbox 1592 1768 1683 1805; x_wconf 82' lang='lat' dir='ltr'>satis</span> <span class='ocrx_word' id='word_1_498' title='bbox 1710 1780 1750 1805; x_wconf 90' lang='lat' dir='ltr'>se</span> 
     </span>
     <span class='ocr_line' id='line_1_95' title="bbox 963 1813 1752 1862; baseline 0.005 -14"><span class='ocrx_word' id='word_1_499' title='bbox 963 1813 1033 1849; x_wconf 87' lang='lat' dir='ltr'>rati</span> <span class='ocrx_word' id='word_1_500' title='bbox 1071 1814 1216 1859; x_wconf 86' lang='lat' dir='ltr'>beatos,</span> <span class='ocrx_word' id='word_1_501' title='bbox 1237 1815 1268 1850; x_wconf 91' lang='lat' dir='ltr'>si</span> <span class='ocrx_word' id='word_1_502' title='bbox 1309 1827 1386 1852; x_wconf 90' lang='lat' dir='ltr'>non</span> <span class='ocrx_word' id='word_1_503' title='bbox 1421 1817 1468 1852; x_wconf 86' lang='lat' dir='ltr'>ad</span> <span class='ocrx_word' id='word_1_504' title='bbox 1501 1820 1652 1862; x_wconf 88' lang='lat' dir='ltr'>tempus</span> <span class='ocrx_word' id='word_1_505' title='bbox 1683 1827 1752 1853; x_wconf 89' lang='lat' dir='ltr'>sua</span> 
     </span>
     <span class='ocr_line' id='line_1_96' title="bbox 966 1861 1753 1909; baseline 0.004 -13"><span class='ocrx_word' id='word_1_506' title='bbox 966 1861 1156 1897; x_wconf 64' lang='lat' dir='ltr'>voluntate</span> <span class='ocrx_word' id='word_1_507' title='bbox 1186 1862 1396 1908; x_wconf 88' lang='lat' dir='ltr'>priventur.</span> <span class='ocrx_word' id='word_1_508' title='bbox 1422 1878 1440 1896; x_wconf 91' lang='lat'>»</span> <span class='ocrx_word' id='word_1_509' title='bbox 1472 1866 1534 1900; x_wconf 63' lang='lat' dir='ltr'>Va)</span> <span class='ocrx_word' id='word_1_510' title='bbox 1562 1865 1660 1899; x_wconf 66' lang='lat' dir='ltr'>vobis</span> <span class='ocrx_word' id='word_1_511' title='bbox 1687 1865 1753 1909; x_wconf 78' lang='lat' dir='ltr'>qui</span> 
     </span>
     <span class='ocr_line' id='line_1_97' title="bbox 964 1909 1753 1957; baseline 0.004 -13"><span class='ocrx_word' id='word_1_512' title='bbox 964 1909 1094 1944; x_wconf 77' lang='lat' dir='ltr'>ridetis</span> <span class='ocrx_word' id='word_1_513' title='bbox 1115 1920 1222 1950; x_wconf 76' lang='lat' dir='ltr'>nunc,</span> <span class='ocrx_word' id='word_1_514' title='bbox 1247 1909 1326 1946; x_wconf 89' lang='lat' dir='ltr'>risu</span> <span class='ocrx_word' id='word_1_515' title='bbox 1347 1910 1576 1954; x_wconf 87' lang='lat' dir='ltr'>inordinato,</span> <span class='ocrx_word' id='word_1_516' title='bbox 1600 1922 1642 1947; x_wconf 83' lang='lat' dir='ltr'>ac</span> <span class='ocrx_word' id='word_1_517' title='bbox 1663 1922 1753 1957; x_wconf 82' lang='lat' dir='ltr'>gau-</span> 
     </span>
     <span class='ocr_line' id='line_1_98' title="bbox 965 1956 1754 2003; baseline 0.004 -13"><span class='ocrx_word' id='word_1_518' title='bbox 965 1956 1062 1991; x_wconf 90' lang='lat' dir='ltr'>detis</span> <span class='ocrx_word' id='word_1_519' title='bbox 1089 1959 1125 1991; x_wconf 89' lang='lat' dir='ltr'>et</span> <span class='ocrx_word' id='word_1_520' title='bbox 1153 1956 1332 1992; x_wconf 83' lang='lat' dir='ltr'>lascivitis</span> <span class='ocrx_word' id='word_1_521' title='bbox 1359 1958 1497 2003; x_wconf 79' lang='lat' dir='ltr'>gaudio</span> <span class='ocrx_word' id='word_1_522' title='bbox 1525 1969 1640 2001; x_wconf 51' lang='grc' dir='ltr'>ωηιξη</span> <span class='ocrx_word' id='word_1_523' title='bbox 1665 1960 1754 2003; x_wconf 80' lang='lat' dir='ltr'>quia</span> 
     </span>
     <span class='ocr_line' id='line_1_99' title="bbox 967 2003 1755 2050; baseline 0.005 -13"><span class='ocrx_word' id='word_1_524' title='bbox 967 2004 1140 2047; x_wconf 55' lang='lat' dir='ltr'>machinis</span> <span class='ocrx_word' id='word_1_525' title='bbox 1179 2003 1309 2040; x_wconf 86' lang='lat' dir='ltr'>dolore</span> <span class='ocrx_word' id='word_1_526' title='bbox 1349 2004 1533 2048; x_wconf 87' lang='lat' dir='ltr'>interiori,</span> <span class='ocrx_word' id='word_1_527' title='bbox 1565 2009 1596 2040; x_wconf 69' lang='lat' dir='ltr'>et</span> <span class='ocrx_word' id='word_1_528' title='bbox 1621 2006 1755 2050; x_wconf 75' lang='lat' dir='ltr'>flebitis</span> 
     </span>
     <span class='ocr_line' id='line_1_100' title="bbox 966 2050 1755 2100; baseline 0.005 -15"><span class='ocrx_word' id='word_1_529' title='bbox 966 2050 1095 2086; x_wconf 89' lang='lat' dir='ltr'>dolore</span> <span class='ocrx_word' id='word_1_530' title='bbox 1135 2050 1310 2087; x_wconf 83' lang='lat' dir='ltr'>exteriori</span> <span class='ocrx_word' id='word_1_531' title='bbox 1335 2063 1343 2095; x_wconf 87' lang='grc'>;</span> <span class='ocrx_word' id='word_1_532' title='bbox 1367 2052 1439 2097; x_wconf 67' lang='lat' dir='ltr'>vel,</span> <span class='ocrx_word' id='word_1_533' title='bbox 1474 2051 1665 2098; x_wconf 80' lang='lat' dir='ltr'>lugebitis,</span> <span class='ocrx_word' id='word_1_534' title='bbox 1688 2064 1755 2100; x_wconf 91' lang='lat' dir='ltr'>pro</span> 
     </span>
     <span class='ocr_line' id='line_1_101' title="bbox 966 2097 1754 2147; baseline 0.005 -15"><span class='ocrx_word' id='word_1_535' title='bbox 966 2097 1089 2133; x_wconf 87' lang='lat' dir='ltr'>omnis</span> <span class='ocrx_word' id='word_1_536' title='bbox 1116 2098 1205 2134; x_wconf 83' lang='lat' dir='ltr'>boni</span> <span class='ocrx_word' id='word_1_537' title='bbox 1232 2099 1421 2143; x_wconf 84' lang='lat' dir='ltr'>carentia,</span> <span class='ocrx_word' id='word_1_538' title='bbox 1450 2103 1485 2135; x_wconf 83' lang='lat' dir='ltr'>et</span> <span class='ocrx_word' id='word_1_539' title='bbox 1513 2100 1664 2144; x_wconf 77' lang='lat' dir='ltr'>flebitis,</span> <span class='ocrx_word' id='word_1_540' title='bbox 1687 2111 1754 2147; x_wconf 89' lang='lat' dir='ltr'>pro</span> 
     </span>
     <span class='ocr_line' id='line_1_102' title="bbox 966 2145 1756 2192; baseline 0.006 -13"><span class='ocrx_word' id='word_1_541' title='bbox 966 2145 1067 2180; x_wconf 90' lang='lat' dir='ltr'>omni</span> <span class='ocrx_word' id='word_1_542' title='bbox 1109 2145 1196 2181; x_wconf 88' lang='lat' dir='ltr'>mali</span> <span class='ocrx_word' id='word_1_543' title='bbox 1236 2147 1456 2192; x_wconf 77' lang='lat' dir='ltr'>praesentia,</span> <span class='ocrx_word' id='word_1_544' title='bbox 1486 2146 1523 2182; x_wconf 90' lang='lat' dir='ltr'>in</span> <span class='ocrx_word' id='word_1_545' title='bbox 1554 2147 1756 2185; x_wconf 87' lang='lat' dir='ltr'>ardoribus</span> 
     </span>
     <span class='ocr_line' id='line_1_103' title="bbox 967 2191 1755 2239; baseline 0.005 -12"><span class='ocrx_word' id='word_1_546' title='bbox 967 2191 1221 2238; x_wconf 87' lang='lat' dir='ltr'>sempiternis,</span> <span class='ocrx_word' id='word_1_547' title='bbox 1244 2195 1308 2229; x_wconf 83' lang='lat' dir='ltr'>ubi</span> <span class='ocrx_word' id='word_1_548' title='bbox 1328 2197 1397 2229; x_wconf 74' lang='lat' dir='ltr'>crit</span> <span class='ocrx_word' id='word_1_549' title='bbox 1423 2197 1528 2239; x_wconf 80' lang='lat' dir='ltr'>fletus</span> <span class='ocrx_word' id='word_1_550' title='bbox 1555 2199 1588 2230; x_wconf 69' lang='lat' dir='ltr'>et</span> <span class='ocrx_word' id='word_1_551' title='bbox 1615 2196 1755 2231; x_wconf 74' lang='lat' dir='ltr'>stridor</span> 
     </span>
     <span class='ocr_line' id='line_1_104' title="bbox 965 2240 1753 2287; baseline 0.006 -13"><span class='ocrx_word' id='word_1_552' title='bbox 965 2240 1142 2276; x_wconf 72' lang='lat' dir='ltr'>dentium.</span> <span class='ocrx_word' id='word_1_553' title='bbox 1166 2241 1203 2276; x_wconf 89' lang='lat' dir='ltr'>Si</span> <span class='ocrx_word' id='word_1_554' title='bbox 1224 2241 1326 2277; x_wconf 91' lang='lat' dir='ltr'>enim</span> <span class='ocrx_word' id='word_1_555' title='bbox 1349 2242 1519 2287; x_wconf 87' lang='lat' dir='ltr'>lugentes</span> <span class='ocrx_word' id='word_1_556' title='bbox 1537 2242 1753 2279; x_wconf 83' lang='lat' dir='ltr'>beatificen-</span> 
     </span>
     <span class='ocr_line' id='line_1_105' title="bbox 964 2289 1749 2333; baseline 0.006 -11"><span class='ocrx_word' id='word_1_557' title='bbox 964 2291 1058 2331; x_wconf 91' lang='lat' dir='ltr'>tur,</span> <span class='ocrx_word' id='word_1_558' title='bbox 1091 2291 1127 2324; x_wconf 92' lang='lat' dir='ltr'>et</span> <span class='ocrx_word' id='word_1_559' title='bbox 1163 2289 1479 2333; x_wconf 82' lang='lat' dir='ltr'>consolabuntur3</span> <span class='ocrx_word' id='word_1_560' title='bbox 1522 2290 1656 2326; x_wconf 87' lang='lat' dir='ltr'>merito</span> <span class='ocrx_word' id='word_1_561' title='bbox 1697 2290 1749 2327; x_wconf 91' lang='lat' dir='ltr'>ri-</span> 
     </span>
     <span class='ocr_line' id='line_1_106' title="bbox 965 2335 1747 2382; baseline 0.005 -12"><span class='ocrx_word' id='word_1_562' title='bbox 965 2335 1112 2380; x_wconf 84' lang='lat' dir='ltr'>dentes,</span> <span class='ocrx_word' id='word_1_563' title='bbox 1135 2338 1328 2382; x_wconf 88' lang='lat' dir='ltr'>tamquam</span> <span class='ocrx_word' id='word_1_564' title='bbox 1356 2336 1499 2381; x_wconf 88' lang='lat' dir='ltr'>miseri,</span> <span class='ocrx_word' id='word_1_565' title='bbox 1521 2338 1747 2374; x_wconf 89' lang='lat' dir='ltr'>cruciabun-</span> 
     </span>
     <span class='ocr_line' id='line_1_107' title="bbox 965 2383 1749 2421; baseline 0.004 -4"><span class='ocrx_word' id='word_1_566' title='bbox 965 2385 1036 2418; x_wconf 91' lang='lat' dir='ltr'>tur.</span> <span class='ocrx_word' id='word_1_567' title='bbox 1061 2383 1165 2419; x_wconf 90' lang='lat' dir='ltr'>Unde</span> <span class='ocrx_word' id='word_1_568' title='bbox 1187 2384 1365 2420; x_wconf 88' lang='lat' dir='ltr'>Salomon</span> <span class='ocrx_word' id='word_1_569' title='bbox 1391 2384 1444 2421; x_wconf 91' lang='lat' dir='ltr'>ait</span> <span class='ocrx_word' id='word_1_570' title='bbox 1467 2396 1474 2420; x_wconf 92' lang='lat'>:</span> <span class='ocrx_word' id='word_1_571' title='bbox 1498 2387 1607 2421; x_wconf 74' lang='lat' dir='ltr'>Risus</span> <span class='ocrx_word' id='word_1_572' title='bbox 1627 2386 1749 2421; x_wconf 78' lang='lat' dir='ltr'>dolore</span> 
     </span>
     <span class='ocr_line' id='line_1_108' title="bbox 963 2431 1748 2477; baseline 0.004 -12"><span class='ocrx_word' id='word_1_573' title='bbox 963 2431 1185 2471; x_wconf 79' lang='lat' dir='ltr'>miscebitur,</span> <span class='ocrx_word' id='word_1_574' title='bbox 1217 2436 1249 2467; x_wconf 80' lang='lat' dir='ltr'>et</span> <span class='ocrx_word' id='word_1_575' title='bbox 1286 2437 1447 2468; x_wconf 73' lang='lat' dir='ltr'>eoecrcma</span> <span class='ocrx_word' id='word_1_576' title='bbox 1477 2433 1608 2477; x_wconf 71' lang='lat' dir='ltr'>qaudii</span> <span class='ocrx_word' id='word_1_577' title='bbox 1630 2434 1748 2468; x_wconf 77' lang='lat' dir='ltr'>luctus</span> 
     </span>
     <span class='ocr_line' id='line_1_109' title="bbox 963 2478 1745 2524; baseline 0.003 -11"><span class='ocrx_word' id='word_1_578' title='bbox 963 2482 1126 2524; x_wconf 81' lang='lat' dir='ltr'>occupat.</span> <span class='ocrx_word' id='word_1_579' title='bbox 1151 2478 1219 2515; x_wconf 88' lang='lat' dir='ltr'>Ubi</span> <span class='ocrx_word' id='word_1_580' title='bbox 1240 2481 1401 2515; x_wconf 76' lang='lat' dir='ltr'>Basilius</span> <span class='ocrx_word' id='word_1_581' title='bbox 1423 2493 1433 2514; x_wconf 88' lang='lat'>.·</span> <span class='ocrx_word' id='word_1_582' title='bbox 1456 2493 1473 2513; x_wconf 89' lang='lat'>«</span> <span class='ocrx_word' id='word_1_583' title='bbox 1503 2481 1594 2516; x_wconf 89' lang='lat' dir='ltr'>Cum</span> <span class='ocrx_word' id='word_1_584' title='bbox 1618 2479 1745 2515; x_wconf 87' lang='lat' dir='ltr'>Domi-</span> 
     </span>
     <span class='ocr_line' id='line_1_110' title="bbox 962 2525 1744 2573; baseline 0.003 -12"><span class='ocrx_word' id='word_1_585' title='bbox 962 2536 1033 2561; x_wconf 89' lang='lat' dir='ltr'>nus</span> <span class='ocrx_word' id='word_1_586' title='bbox 1053 2525 1219 2562; x_wconf 88' lang='lat' dir='ltr'>ridentes</span> <span class='ocrx_word' id='word_1_587' title='bbox 1246 2538 1346 2563; x_wconf 90' lang='lat' dir='ltr'>nunc</span> <span class='ocrx_word' id='word_1_588' title='bbox 1369 2530 1515 2573; x_wconf 84' lang='lat' dir='ltr'>arguat,</span> <span class='ocrx_word' id='word_1_589' title='bbox 1540 2527 1664 2572; x_wconf 81' lang='lat' dir='ltr'>palam</span> <span class='ocrx_word' id='word_1_590' title='bbox 1690 2531 1744 2563; x_wconf 85' lang='lat' dir='ltr'>est</span> 
     </span>
     <span class='ocr_line' id='line_1_111' title="bbox 961 2573 1746 2620; baseline 0.003 -12"><span class='ocrx_word' id='word_1_591' title='bbox 961 2573 1062 2618; x_wconf 80' lang='lat' dir='ltr'>quod</span> <span class='ocrx_word' id='word_1_592' title='bbox 1098 2585 1307 2620; x_wconf 88' lang='lat' dir='ltr'>numquam</span> <span class='ocrx_word' id='word_1_593' title='bbox 1348 2574 1419 2611; x_wconf 89' lang='lat' dir='ltr'>erit</span> <span class='ocrx_word' id='word_1_594' title='bbox 1456 2574 1557 2610; x_wconf 86' lang='lat' dir='ltr'>fideli</span> <span class='ocrx_word' id='word_1_595' title='bbox 1596 2578 1746 2620; x_wconf 87' lang='lat' dir='ltr'>tempus</span> 
     </span>
     <span class='ocr_line' id='line_1_112' title="bbox 959 2621 1744 2669; baseline 0 -12"><span class='ocrx_word' id='word_1_596' title='bbox 959 2621 1116 2666; x_wconf 68' lang='lat' dir='ltr'>risu³,et</span> <span class='ocrx_word' id='word_1_597' title='bbox 1137 2622 1326 2669; x_wconf 83' lang='lat' dir='ltr'>praecipue</span> <span class='ocrx_word' id='word_1_598' title='bbox 1347 2621 1386 2657; x_wconf 92' lang='lat' dir='ltr'>in</span> <span class='ocrx_word' id='word_1_599' title='bbox 1402 2621 1493 2657; x_wconf 89' lang='lat' dir='ltr'>tanti</span> <span class='ocrx_word' id='word_1_600' title='bbox 1507 2621 1744 2658; x_wconf 86' lang='lat' dir='ltr'>multitudiue</span> 
     </span>
     <span class='ocr_line' id='line_1_113' title="bbox 959 2669 1746 2717; baseline 0 -12"><span class='ocrx_word' id='word_1_601' title='bbox 959 2679 1089 2705; x_wconf 87' lang='lat' dir='ltr'>eorum</span> <span class='ocrx_word' id='word_1_602' title='bbox 1111 2669 1172 2715; x_wconf 90' lang='lat' dir='ltr'>qui</span> <span class='ocrx_word' id='word_1_603' title='bbox 1195 2669 1233 2705; x_wconf 89' lang='lat' dir='ltr'>in</span> <span class='ocrx_word' id='word_1_604' title='bbox 1254 2673 1405 2716; x_wconf 86' lang='lat' dir='ltr'>peccato</span> <span class='ocrx_word' id='word_1_605' title='bbox 1428 2669 1655 2713; x_wconf 85' lang='lat' dir='ltr'>moriuntur,</span> <span class='ocrx_word' id='word_1_606' title='bbox 1679 2680 1746 2717; x_wconf 91' lang='lat' dir='ltr'>pro</span> 
     </span>
     <span class='ocr_line' id='line_1_114' title="bbox 958 2715 1748 2764; baseline -0.001 -11"><span class='ocrx_word' id='word_1_607' title='bbox 958 2715 1094 2763; x_wconf 87' lang='lat' dir='ltr'>quibus</span> <span class='ocrx_word' id='word_1_608' title='bbox 1118 2721 1265 2764; x_wconf 88' lang='lat' dir='ltr'>oportet</span> <span class='ocrx_word' id='word_1_609' title='bbox 1292 2717 1432 2762; x_wconf 86' lang='lat' dir='ltr'>lugere.</span> <span class='ocrx_word' id='word_1_610' title='bbox 1458 2731 1475 2749; x_wconf 87' lang='lat'>»</span> <span class='ocrx_word' id='word_1_611' title='bbox 1496 2716 1562 2753; x_wconf 92' lang='lat' dir='ltr'>Ubi</span> <span class='ocrx_word' id='word_1_612' title='bbox 1585 2721 1621 2753; x_wconf 89' lang='lat' dir='ltr'>et</span> <span class='ocrx_word' id='word_1_613' title='bbox 1637 2719 1748 2761; x_wconf 78' lang='lat' dir='ltr'>Chry-</span> 
     </span>
     <span class='ocr_line' id='line_1_115' title="bbox 957 2763 1745 2807; baseline 0 -7"><span class='ocrx_word' id='word_1_614' title='bbox 957 2767 1135 2801; x_wconf 82' lang='lat' dir='ltr'>sostomus</span> <span class='ocrx_word' id='word_1_615' title='bbox 1154 2777 1164 2800; x_wconf 89' lang='lat'>:</span> <span class='ocrx_word' id='word_1_616' title='bbox 1185 2780 1203 2798; x_wconf 96' lang='lat'>«</span> <span class='ocrx_word' id='word_1_617' title='bbox 1219 2765 1283 2801; x_wconf 91' lang='lat' dir='ltr'>Die</span> <span class='ocrx_word' id='word_1_618' title='bbox 1299 2768 1426 2801; x_wconf 91' lang='lat' dir='ltr'>autem</span> <span class='ocrx_word' id='word_1_619' title='bbox 1446 2763 1553 2807; x_wconf 85' lang='lat' dir='ltr'>mihi,</span> <span class='ocrx_word' id='word_1_620' title='bbox 1571 2775 1638 2801; x_wconf 91' lang='lat' dir='ltr'>cur</span> <span class='ocrx_word' id='word_1_621' title='bbox 1657 2775 1745 2801; x_wconf 88' lang='lat' dir='ltr'>con-</span> 
     </span>
    </p>
   </div>
   <div class='ocr_carea' id='block_1_9' title="bbox 1629 2830 1664 2864">
    <p class='ocr_par' dir='ltr' id='par_1_10' title="bbox 1629 2830 1664 2864">
     <span class='ocr_line' id='line_1_116' title="bbox 1629 2830 1664 2864; baseline -0.029 0"><span class='ocrx_word' id='word_1_622' title='bbox 1629 2830 1664 2864; x_wconf 79' lang='lat'>¹8</span> 
     </span>
    </p>
   </div>
  </div>
 </body>
</html>
