1876 3126
398 149 446 182 DE
485 146 731 180 vocATlONE
767 147 978 180 MATTHJJI
1019 149 1068 181 ET
1107 149 1207 182 Esus
1245 147 1487 184 coxvfflo.
1703 152 1764 185 253

130 215 254 264 prima
291 226 359 251 sua
399 213 646 250 conversione
683 211 916 256 peccantium

130 274 283 318 gregem
306 266 389 309 post
407 272 446 297 se
475 259 588 296 trahit
609 259 656 295 ad
679 258 851 303 salutem,
878 264 917 295 ut

127 321 208 358 Jam
222 306 608 356 perficeretexemplo,
620 305 719 350 quod
731 306 915 352 perticere

131 358 293 395 debebat
313 361 349 392 et
371 355 497 390 verbo.
527 353 593 389 Ubi
619 354 915 397 chrysostomus.-

134 419 153 439 «
194 407 281 441 Post
328 401 607 446 comprobatam
642 399 758 446 igitur
801 401 915 436 fidem

130 450 320 494 Matthaei,
369 447 433 494 qui
472 458 569 483 unus
613 457 657 483 ex
703 447 916 494 publicanis

130 499 214 542 suit,
236 496 369 533 merito
383 496 463 540 Jam
485 505 570 531 cum
590 495 748 531 Domino
769 495 807 531 in
827 507 916 531 con-

130 545 227 581 vivio
248 547 465 591 peccatores
491 547 528 578 et
550 542 739 588 publicani
763 553 913 579 recum-

128 593 222 629 bunt
237 603 246 636 ;
264 590 494 627 conveniunt
511 594 635 626 autem
653 589 845 636 publicani
865 591 912 626 ad

129 649 215 676 eum
245 638 341 674 sicut
362 638 408 673 ad
437 637 619 682 collegam
650 642 685 674 et
718 638 913 674 hominem

129 686 296 734 eJ'usdem
338 686 478 728 officim
510 685 710 722 decoratus
745 685 844 721 enim
874 685 911 721 in

128 734 299 780 ingressu
329 732 479 776 Clu-Isti,
502 736 539 768 et
564 732 729 778 glorians
749 733 794 768 de
817 744 912 779 prse-

129 781 248 818 sentia
285 782 379 827 eJus,
415 790 546 815 omnes
576 790 640 815 eos
679 781 910 816 convocavit.

129 828 300 865 Christus
335 828 448 863 etiam
479 827 674 873 quodlibet
705 838 824 874 genus
852 839 911 864 re-

128 875 243 912 medii
272 875 487 918 exhibebat,
511 878 547 910 et
574 885 650 910 non
686 876 806 911 solum
840 875 914 911 dis-

126 923 294 970 putando
305 928 340 958 et
354 921 566 968 praestando
578 921 783 958 sanitatum
795 934 914 959 renie—

128 970 204 1015 dia,
225 970 281 1006 vel
304 970 496 1015 arguendo
522 970 692 1014 (emulos,
714 970 778 1005 sed
799 970 912 1005 etIam

130 1018 362 1054 comedendo
387 1045 395 1061 ,
451 1017 655 1052 nonnullos
705 1017 911 1052 errantium

128 1065 336 1111 dirigebat;
371 1064 457 1100 inde
495 1074 563 1099 nos
591 1063 783 1100 instruens
812 1065 913 1110 quod

127 1112 320 1159 quodlibet
344 1122 437 1157 opus
465 1115 500 1146 et
532 1115 678 1157 tempus
700 1116 820 1157 potest
844 1123 910 1147 no-

126 1159 186 1204 bis
210 1159 410 1195 utilitatem
435 1160 592 1203 all'err03
610 1159 662 1194 sic
694 1170 760 1195 nec
794 1159 914 1205 publi-

127 1217 306 1243 canorum
326 1206 657 1252 participationem
674 1205 816 1250 vitavit,
831 1217 914 1252 pro-

125 1258 210 1301 pter
231 1254 431 1290 utilitatem
454 1258 687 1299 sequentem,
702 1264 805 1290 more
825 1254 914 1289 boni

129 1301 283 1342 medici,
312 1301 372 1346 qni
405 1300 474 1336 nisi
513 1300 658 1337 saniem
684 1305 867 1347 tangeret,
894 1312 915 1337 a

126 1349 258 1385 morbo
285 1360 357 1383 non
378 1348 572 1384 liberaret.
596 1363 614 1380 »
640 1349 743 1384 L'nde
765 1353 799 1383 et
826 1351 912 1384 Hie-

125 1407 328 1440 ronymus:
354 1411 371 1426 «
395 1397 473 1431 lbat
501 1400 626 1431 autem
654 1396 834 1431 litantium
866 1397 913 1432 ad

126 1443 298 1479 convixia
328 1447 582 1488 peccatorum,
612 1447 649 1479 ut
677 1443 912 1479 occasionem

126 1491 284 1528 haberet
304 1489 476 1531 docendi,
493 1494 529 1525 et
545 1490 757 1536 spirituales
776 1490 813 1526 in
822 1491 912 1526 vita-

128 1537 272 1574 toribus
295 1537 370 1573 suis
395 1539 579 1584 pra‘beret
600 1537 714 1573 cibos.
740 1537 912 1583 benique

125 1596 211 1622 cum
233 1586 451 1631 frequenter
477 1595 634 1632 pergere
663 1585 711 1621 ad
739 1585 911 1621 convivia

128 1633 377 1677 describatur,
400 1632 491 1667 niliil
524 1633 685 1668 refertur
704 1632 819 1675 aliud,
838 1632 910 1668 nisi

127 1680 217 1727 quid
257 1679 308 1716 ibi
347 1679 490 1723 fecerit,
523 1680 611 1726 quid
648 1679 831 1723 docuerit,
872 1683 911 1715 ut

126 1731 164 1764 et
194 1728 388 1763 humilitas
417 1727 513 1773 ejus,
547 1727 670 1762 eundo
705 1727 752 1762 ad
782 1737 912 1773 pecca-

125 1778 242 1819 tores,
278 1779 314 1811 et
338 1774 506 1821 potentia
543 1774 724 1810 doctrina:
765 1775 844 1820 ejus
870 1773 910 1809 in

126 1822 373 1859 conversione
391 1821 656 1868 poenitentium
677 1822 910 1858 demonstra-

125 1872 230 1906 retur
269 1883 278 1905 :
318 1883 335 1903 ›>
370 1870 449 1905 liaec
483 1871 737 1915 Hieronymus.
766 1871 807 1905 Et
842 1880 910 1905 nos

126 1917 259 1954 eadem
297 1927 408 1952 causa
444 1927 645 1962 possumus
680 1917 910 1953 manducare

128 1974 212 2001 cum
237 1963 513 2010 peccatoribus,
533 1967 573 2000 ut
603 1964 759 2000 alterius
795 1974 911 2000 causa

125 2011 251 2058 potius
290 2022 404 2057 quam
453 2015 582 2047 nostra
629 2015 793 2057 agatur3
834 2022 910 2046 non

126 2064 254 2095 tamen
291 2070 374 2094 cum
411 2058 594 2095 usurariis
619 2063 655 2094 et
679 2057 909 2104 raptoribus,

127 2105 218 2153 quia
248 2116 293 2142 ea
319 2117 402 2153 quae
433 2109 685 2153 apponuntur,
710 2105 909 2142 restituere

125 2156 317 2190 tenentur.
562 2179 566 2182 .

173 2204 195 2245 4
213 2203 454 2238 Metuit-imno
467 2203 802 2239 PHARIS.EORU)1.—
817 2203 914 2239 Sci-z·-

127 2249 180 2285 bae
199 2259 289 2285 vero
317 2254 349 2285 ct
374 2251 566 2288 Pharisaei.
588 2249 778 2286 tenacitati
797 2248 911 2296 justi-

125 2295 189 2332 tiae
242 2296 349 2342 Legis
391 2302 428 2334 et
463 2297 710 2334 traditionum
756 2307 912 2333 suarum

127 2343 380 2388 adhaerentes,
403 2349 440 2380 et
472 2345 773 2382 misericordiam
801 2344 912 2380 decli-

127 2394 276 2435 nantes,
299 2393 460 2428 videntes
491 2403 535 2429 ae
561 2393 608 2429 de
629 2393 700 2429 hoc
723 2390 911 2438 indignati

127 2440 421 2481 murmurabant,
445 2444 481 2476 et
515 2441 586 2476 hoc
617 2445 831 2486 arguentes,
853 2439 911 2474 cli-

130 2486 257 2522 cebant
294 2487 488 2533 discipulis
524 2488 602 2532 ejus
641 2501 650 2523 :
679 2488 798 2531 Quare
833 2497 912 2522 cum

123 2533 336 2580 publicanis
369 2538 402 2570 et
432 2535 684 2581 peccatom‘bus
717 2534 914 2570 manducat

129 2584 164 2616 et
190 2581 282 2616 bibit
301 2583 479 2626 Magister
503 2584 646 2618 vester?
669 2581 781 2626 Quasi
811 2581 912 2618 dice-

128 2632 215 2664 rent
239 2639 246 2663 :
268 2629 491 2666 contrarius
513 2633 570 2666 est
590 2629 676 2677 Legi
699 2631 768 2666 hoc
789 2629 914 2676 prohi-

126 2674 245 2720 benti,
267 2680 304 2712 et
327 2677 417 2713 estis
445 2677 535 2714 fatui
563 2677 625 2724 qui
656 2677 769 2714 talem
798 2675 913 2723 Magi-

130 2726 252 2760 strum
289 2724 505 2771 sequimini.
534 2725 772 2762 Consuetudo
792 2724 915 2760 detra-

131 2772 277 2809 ctorum
299 2777 356 2808 est
375 2772 478 2819 loqui
497 2773 544 2810 de
564 2772 654 2818 alio,
671 2771 802 2810 nonin
819 2771 914 2809 facie

990 213 1100 250 illius.
1113 215 1218 251 Unde
1240 216 1388 262 quando
1403 216 1573 263 discipuli
1591 218 1767 255 videban-

990 265 1051 296 tur
1071 261 1124 297 eis
1143 273 1310 308 peccare,
1338 264 1626 310 alloquebantur
1653 265 1769 312 Magi-

989 312 1106 343 strum
1126 314 1164 344 nt
1182 310 1289 354 alibi;
1307 313 1458 356 quando
1475 323 1561 349 vero
1576 315 1768 359 Magister,

989 355 1283 407 alloquebantur
1319 358 1548 405 discipulos,
1603 365 1642 396 ut
1682 361 1764 404 liie;

990 403 1188 455 utrobique
1216 407 1340 440 tamen
1368 405 1405 441 in
1435 407 1654 451 Magistrum
1674 408 1770 454 inju-

989 460 1084 484 riam
1113 455 1339 501 irrogantes,
1369 453 1455 498 quia
1481 465 1588 490 error
1612 455 1774 501 discipu-

989 496 1112 532 lorum
1154 498 1361 541 ignominia
1393 505 1446 535 est
1488 502 1768 545 riiagistiorum.

989 543 1048 580 Sic
1084 544 1195 580 hodic
1235 545 1375 581 faciunt
1409 548 1638 585 detractores
1674 551 1772 585 bena

988 591 1087 627 fat-ta
1115 592 1371 628 membrorum
1404 594 1539 630 Cbristi
1571 597 1770 639 denigran-

988 642 1056 675 tes.
1087 639 1291 685 Duplicitei·
1309 639 1367 675 isti
1391 642 1583 686 errabant,
1606 636 1692 689 qnia
1708 655 1771 689 pu-

989 687 1118 722 tabant
1156 697 1195 722 se
1235 697 1317 722 esse
1348 687 1484 733 justos,
1505 700 1587 724 cuin
1621 690 1770 736 superbi

988 738 1137 777 essent3
1167 737 1203 769 et
1227 734 1310 770 illos
1347 745 1444 775 reos,
1467 746 1550 771 cum
1580 737 1658 781 jam
1695 749 1771 781 po:-

990 781 1182 825 nitereut,
1219 781 1360 818 similes
1391 783 1592 828 *Pliarisaeo
1634 783 1694 828 qui
1734 795 1774 820 se

984 828 1216 874 justificabat
1254 832 1289 864 et
1333 829 1427 864 alios
1481 830 1771 867 condemnabat.

991 878 1084 912 Vera
1115 876 1261 922 justitia
1305 877 1603 923 compassionem
1644 878 1772 922 habet,

989 923 1083 959 salsa
1125 923 1446 969 dedignationem.
1490 925 1617 961 Solent
1657 924 1771 960 etiam

985 971 1075 1017 justi
1092 971 1352 1017 peccatoribus
1367 971 1552 1017 indignari
1566 984 1574 1014 ;
1591 972 1657 1008 sed
1671 972 1773 1008 aliud

989 1022 1044 1053 cst
1072 1019 1172 1063 quod
1196 1020 1320 1064 agitur
1342 1023 1426 1064 typo
1448 1019 1647 1064 superbire,
1672 1019 1775 1055 aliud

990 1066 1088 1110 quod
1116 1066 1194 1101 zelo
1225 1065 1446 1112 (lisciplinae.
1477 1067 1538 1102 llis
1572 1066 1774 1103 Pharisaeis

989 1112 1131 1148 similes
1178 1117 1276 1156 sunt,
1319 1113 1378 1158 qui
1424 1113 1645 1149 traditiones
1687 1124 1774 1150 suas

988 1159 1187 1206 prseceptis
1219 1160 1366 1196 Domini
1399 1164 1435 1196 et
1462 1161 1638 1206 operibus
1662 1161 1774 1197 mise-

991 1207 1161 1243 ricordia}
1203 1211 1441 1254 praeponunt,
1484 1208 1648 1243 colentes
1691 1218 1776 1244 cum

989 1255 1170 1301 appetitu,
1189 1260 1224 1290 et
1245 1259 1492 1301 exsequentes
1516 1266 1598 1291 cum
1618 1255 1775 1302 diligen-

990 1302 1041 1337 tia
1072 1302 1227 1338 culicem
1267 1313 1418 1338 suarum
1455 1303 1710 1347 traditionum,
1739 1305 1776 1339 et

989 1349 1240 1393 deglutientes
1285 1351 1469 1386 camelum
1505 1351 1772 1386 mandatorum

990 1397 1068 1440 Dei,
1093 1408 1135 1432 ac
1163 1397 1342 1433 mandata
1375 1397 1534 1433 maxime
1562 1397 1673 1433 saluti
1707 1408 1774 1433 ne-

989 1444 1167 1487 cessaria,
1210 1445 1317 1490 quasi
1357 1456 1487 1480 amara
1525 1444 1596 1479 cito
1633 1445 1775 1480 exhau-

989 1491 1131 1527 rientes
1150 1494 1185 1527 et
1205 1493 1465 1537 praetereundo
1489 1495 1771 1538 postponentes.

1038 1542 1056 1574 5
1077 1540 1251 1574 CurttsTt's
1279 1551 1474 1575 REsPONDJT
1503 1552 1555 1574 Eis
1578 1551 1684 1574 rum«)
1707 1551 1772 1575 PER

987 1597 1180 1621 nnuman.
1199 1607 1245 1612 —
1259 1587 1329 1622 Sed
1352 1586 1441 1632 ipsis
1459 1586 1658 1622 Pharisaeis
1673 1597 1773 1621 mur-

989 1633 1226 1669 murantibus
1269 1633 1394 1669 obviat
1436 1633 1585 1669 Domini
1628 1633 1772 1669 miseri-

988 1680 1129 1720 cordia,
1149 1691 1362 1726 provocans
1385 1685 1602 1726 peccatores
1625 1681 1672 1716 ad
1694 1691 1771 1726 pm-

988 1727 1186 1763 nitentiam
1211 1740 1219 1763 :
1245 1729 1349 1774 cujus
1381 1727 1499 1772 cibus,
1525 1732 1561 1764 et
1587 1732 1712 1774 potus,
1736 1731 1774 1763 et

988 1775 1208 1819 ambulatio,
1231 1779 1267 1812 et
1290 1775 1418 1812 omnia
1450 1787 1533 1821 quie
1557 1775 1686 1821 gessit,
1710 1786 1770 1811 sa-

987 1822 1052 1858 luti
1076 1822 1264 1866 serviunt;
1295 1824 1401 1869 cujus
1430 1823 1553 1859 omnis
1577 1823 1674 1859 aetio
1704 1834 1770 1858 no-

988 1874 1065 1906 stra
1095 1873 1151 1906 est
1182 1870 1292 1906 lectio
1325 1875 1362 1906 et
1390 1870 1606 1914 instructio;
1635 1881 1678 1906 ac
1697 1872 1772 1906 Ma-

987 1917 1116 1964 gister,
1149 1918 1255 1963 cujus
1299 1917 1417 1954 livore
1463 1918 1582 1954 sanati
1629 1927 1772 1962 sumus,

989 1967 1158 2010 seipsum
1191 1964 1377 2001 medicum
1411 1966 1603 2001 coele-tem
1640 1970 1773 2000 osten-

988 2012 1094 2055 dens,
1132 2022 1200 2057 pro
1239 2012 1434 2058 discipulis
1467 2012 1543 2047 suis
1574 2010 1772 2057 respondit

990 2058 1190 2094 pharisaeis
1215 2063 1252 2094 et
1273 2059 1409 2095 Scribis
1434 2058 1772 2104 murmurantibus,

988 2106 1109 2152 primo
1127 2117 1192 2152 per
1207 2105 1393 2142 rationem
1411 2118 1418 2142 :
1438 2108 1486 2142 Ac
1500 2108 1602 2142 Jeszcs
1620 2107 1773 2141 audiens

987 2155 1041 2188 ait
1063 2165 1070 2189 :
1094 2155 1173 2191 Non
1197 2157 1249 2189 est
1277 2165 1366 2200 opus
1387 2155 1606 2195 valentibus,
1637 2153 1673 2189 id
1700 2157 1772 2197 est,

988 2200 1108 2245 sanis,
1137 2201 1308 2242 medicus,
1338 2211 1467 2237 verum
1496 2205 1552 2237 est
1578 2201 1626 2236 ad
1654 2201 1773 2237 colla-

987 2247 1126 2284 tionem
1155 2248 1342 2293 sanitatis,
1365 2249 1431 2285 sed
1461 2252 1588 2284 tamen
1611 2248 1658 2284 ad
1683 2259 1774 2284 con-

988 2295 1238 2332 servationem
1254 2296 1350 2332 bene
1365 2299 1422 2332 est
1437 2295 1690 2340 necessarius;
1708 2295 1773 2331 sed

988 2344 1082 2378 male
1103 2343 1332 2384 habentibus.
1357 2347 1392 2380 et
1423 2343 1598 2386 infirmis,
1621 2346 1657 2379 et
1681 2353 1769 2389 ergo

990 2390 1211 2427 familiarius
1228 2401 1267 2427 se
1291 2391 1404 2427 debet
1428 2391 1569 2427 habere
1591 2390 1638 2425 ad
1668 2389 1772 2425 intir-

989 2448 1070 2474 mos
1091 2437 1155 2484 qui
1179 2448 1223 2475 eo
1249 2437 1436 2485 indigent,
1458 2448 1570 2484 quam
1591 2437 1639 2473 ad
1659 2447 1771 2472 sanos

987 2485 1050 2532 qui
1092 2496 1168 2522 non
1204 2489 1327 2532 egent.
1372 2487 1464 2523 Cum
1509 2485 1624 2530 igitur
1669 2483 1773 2519 Chri-

987 2537 1066 2569 stus
1101 2533 1150 2569 sit
1187 2544 1298 2570 verus
1339 2532 1505 2569 medicus
1543 2541 1770 2575 animarum,

987 2580 1210 2617 familiarius
1231 2591 1270 2617 se
1293 2579 1421 2617 debuit
1442 2580 1582 2615 habere
1610 2578 1657 2614 ad
1684 2588 1771 2624 pec-

988 2632 1149 2672 catores,
1170 2629 1234 2675 qui
1260 2631 1346 2664 sunt
1377 2626 1516 2662 infirmi
1550 2625 1771 2662 infirmitate

987 2675 1185 2723 spirituali.
1207 2674 1318 2720 Quasi
1340 2674 1458 2710 dicat:
1483 2674 1556 2710 Vos
1577 2672 1659 2709 sani
1681 2672 1770 2709 estis

987 2723 1224 2770 reputatione
1264 2725 1402 2766 vestra,
1444 2720 1529 2757 ideo
1565 2731 1659 2767 opus
1694 2730 1771 2774 pon

986 2771 1134 2808 habetis
1157 2769 1371 2807 visitatione
1389 2771 1537 2812 nostra;
1559 2768 1627 2806 sed
1645 2769 1705 2804 isti
1729 2777 1770 2804 se
