1876 3126
133 165 193 200 342
630 167 769 201 PRIME
805 168 965 202 PARTIS
1003 167 1142 202 CAPUT
1181 168 1258 202 XLI

813 394 993 442 CAPUT
1026 396 1122 441 XLI

654 532 711 561 DE
753 533 1025 562 CURATIONE
1060 533 1266 561 LEPROSI.

455 649 619 686 Matthaei
644 660 726 697 cap.
745 651 840 687 VIII.
871 651 985 687 Marc.
1008 659 1088 696 cap.
1110 650 1124 685 Ι
1146 653 1182 684 01
1202 649 1309 685 Lucae
1331 658 1411 697 cap.
1432 650 1475 685 V.

199 804 212 825 1
235 790 420 825 MfflAanA
443 800 528 824 POST
549 800 748 824 Docrmmn
772 800 813 823 ET
840 800 925 823 rno-

130 847 238 873 ·PT13R
265 848 478 871 noemmin.
505 857 550 862 —
575 837 671 880 Lege
701 846 789 880 ergo
811 837 928 870 Evan—

149 883 269 930 gelica
302 883 338 918 in
368 888 493 917 monte
527 883 626 924 data,
655 885 928 927 ronsesnienter

148 930 303 977 ponitur
340 931 419 975 ojus
455 928 691 964 confirmatio
720 939 785 974 per
811 928 925 964 mira-

148 978 247 1021 cula,
271 976 358 1021 quia
394 975 479 1011 boni
513 975 680 1021 magistri
709 979 765 1010 est
791 975 926 1011 doctri-

147 1034 235 1060 nam
275 1033 379 1057 suam
423 1024 668 1067 comp1·‹t›bare
704 1033 771 1068 per
810 1023 920 1058 sacta.

146 1071 239 1106 Cum
266 1069 405 1113 itaque,
429 1070 613 1114 completo
642 1080 829 1113 sermone,
852 1071 925 1105 Do-

148 1116 277 1152 minus
300 1117 540 1151 descendisset
574 1117 617 1151 de
645 1120 773 1159 monte,
799 1120 927 1151 secutoe

151 1167 237 1200 sunt
257 1175 335 1198 eum
363 1164 476 1198 turboe
502 1165 635 1203 multae,
659 1167 812 1209 propter
833 1174 925 1209 qua-

150 1221 235 1246 rum
272 1210 575 1253 aedinvatmem,
600 1214 635 1245 et
659 1211 826 1255 rogantis
858 1221 926 1255 po-

151 1256 228 1305 puli
243 1257 494 1301 devotionem,
506 1258 778 1293 movebaturad
792 1257 928 1292 sacien-

153 1305 241 1340 dum
268 1304 502 1340 miraculum.
534 1305 636 1340 Uude
666 1306 926 1347 Hieronymus.-

158 1366 177 1384 «
199 1353 287 1387 Post
315 1351 623 1397 przcdirationem
657 1355 768 1396 atque
793 1350 928 1387 doetri-

153 1409 256 1441 nam,
267 1398 457 1433 simorum
471 1398 796 1442 otl‘crturoccasim
813 1402 851 1434 ut
863 1409 928 1444 per

155 1445 333 1481 virtutum
374 1445 566 1488 miracula,
598 1445 809 1490 praeteritus
830 1446 928 1491 apud

155 1492 352 1529 audientes
376 1504 498 1528 sermo
519 1494 701 1528 tirmetur.
725 1508 740 1524 n
766 1493 869 1528 Unde
894 1495 930 1528 et

157 1541 455 1584 chrysostomus.-
478 1555 495 1572 κ
515 1541 601 1575 Post
617 1551 842 1584 sermonem,
864 1540 931 1575 im-

152 1587 316 1622 mediate
336 1587 504 1633 procedit
527 1587 573 1622 ad
590 1587 783 1630 miracula,
796 1590 834 1622 ut
852 1598 930 1622 ver-

154 1633 213 1670 bis
234 1634 537 1680 praecedentibus
558 1634 817 1669 auc—toritatem
837 1645 931 1680 prse-

155 1683 290 1723 staret;
316 1685 353 1715 ut
374 1680 557 1716 mirabilis
590 1681 629 1715 in
651 1680 788 1724 verbis,
821 1681 931 1717 mira-

151 1727 239 1763 bilis
255 1731 450 1773 appareret
468 1728 676 1773 inopere.»
694 1728 799 1763 Unde
814 1728 929 1764 etiam

155 1776 401 1819 Theophilus:
424 1789 437 1806 «
466 1774 650 1809 Dos-trime
683 1778 807 1809 autem
840 1786 927 1820 ope-

154 1821 338 1857 rationem
362 1821 575 1865 immisruit,
598 1820 668 1856 nisi
687 1821 785 1856 euim
808 1826 930 1857 osten-

154 1868 259 1904 deret
278 1868 472 1911 miram-uta,
495 1870 574 1914 ejus
595 1868 756 1903 sermoni
771 1879 844 1903 non
857 1880 930 1904 cre—

154 1915 317 1951 deretur.
335 1915 392 1950 Sic
411 1920 445 1949 ct
465 1921 501 1950 tu
525 1919 605 1960 post
619 1914 827 1950 doctrinam
844 1926 929 1961 ope-

152 1972 251 2005 rare,
265 1965 305 1996 ut
323 1973 396 1996 non
418 1962 462 1997 sit
482 1962 519 1997 in
543 1966 578 1997 te
595 1973 733 1997 vacuus
748 1966 833 1997 tuus
847 1974 925 1997 scr-

156 2018 255 2044 mo.»
269 2008 420 2054 Mystice
439 2015 578 2050 autem,
592 2020 669 2043 cum
688 2010 928 2045 descendisset

153 2057 255 2091 Jesus
273 2056 316 2090 (110
336 2059 464 2094 niente,
491 2056 630 2091 scilicet
649 2055 785 2091 divina}
806 2058 924 2092 excel-

150 2101 289 2145 lentiae,
313 2102 351 2137 in
379 2103 512 2138 vallem
535 2103 756 2138 humilitatis
777 2104 832 2138 vel
857 2104 926 2140 1111-

150 2148 342 2185 manitatis
370 2150 556 2185 manendo
590 2150 688 2195 quod
710 2153 802 2193 erat,
822 2162 926 2187 assu-

151 2196 289 2231 mendo
311 2197 411 2240 quod
433 2208 507 2231 non
525 2201 629 2237 erat,-
651 2201 739 2233 tunc
760 2197 859 2233 enim
881 2198 926 2234 de

155 2246 285 2278 monte
304 2243 511 2287 d1-s‹·endit,
532 2244 681 2288 quando
702 2256 738 2279 se
757 2247 925 2280 eoec'ncmz'-

153 2291 220 2331 vit,
262 2291 419 2333 formam
462 2294 557 2325 serm·
596 2294 799 2336 accipiens3
840 2296 927 2328 tunc

151 2338 237 2382 post
258 2337 491 2381 descensum,
504 2341 630 2372 secutfe
650 2343 732 2374 sunt
753 2350 830 2374 eum
849 2343 925 2374 tur-

156 2384 207 2419 bae
226 2385 366 2420 multae:
391 2383 480 2429 quia
506 2384 576 2419 nisi
598 2387 695 2420 Deus
717 2386 928 2422 descendis-

155 2433 224 2476 set,
250 2431 362 2466 homo
400 2431 447 2466 ad
484 2432 673 2476 sequelam
711 2443 815 2468 suam
850 2444 926 2469 non

153 2477 397 2521 ascendisset,
420 2477 507 2523 quia
525 2489 660 2523 magna
681 2479 800 2523 gloria
821 2483 857 2515 et
875 2479 927 2515 di-

153 2524 280 2570 gnitas
301 2528 356 2560 est
382 2524 524 2560 homini
547 2524 651 2570 sequi
676 2526 773 2560 hunc
802 2527 926 2562 Domi-

156 2571 258 2607 dum.
296 2573 364 2615 Et,
411 2572 614 2607 secundum
652 2573 898 2616 Auqztstz'nwn
913 2601 922 2617 ,

152 2617 275 2664 primo
299 2619 487 2664 leprosum
510 2619 715 2663 mundavit,
736 2623 776 2655 ut
796 2630 837 2654 ex
858 2620 926 2656 hoc

154 2669 354 2710 appareret
390 2667 533 2701 Novum
571 2668 854 2702 Testamentum
889 2666 926 2702 in

154 2715 284 2747 monte
310 2713 454 2757 datum,
477 2716 513 2748 et
543 2713 701 2759 gratiam
737 2713 926 2759 Evangelii

152 2767 268 2805 supra
287 2760 423 2806 Legem
439 2770 535 2805 esse,
558 2771 640 2807 quae
660 2760 851 2807 leprosum
870 2770 929 2796 ex-

1006 787 1191 831 cludebat,
1211 797 1285 823 non
1298 788 1468 824 sanabat.
1481 786 1638 825 Videtur
1651 793 1780 829 autem

1004 833 1065 869 1110
1107 834 1366 879 contrarietas,
1394 834 1433 870 in
1473 846 1516 872 eo
1559 837 1658 881 quod
1690 839 1780 875 Mat-

1004 882 1124 917 thccus
1141 881 1231 917 dicit
1250 893 1257 917 :
1283 883 1371 917 l'um
1401 886 1520 918 autem
1541 884 1783 922 descendisset

1004 929 1047 964 de
1063 933 1192 972 monte,
1216 930 1332 964 Lucas
1348 940 1435 964 vero
1452 929 1561 965 dicit:
1586 932 1672 967 Cum
1692 936 1784 969 esset

1003 977 1042 1010 in
1063 987 1136 1010 una
1169 978 1370 1011 civitatum.
1390 977 1445 1011 Ad
1477 977 1546 1012 hoc
1581 977 1783 1016 dicendum

1004 1025 1073 1066 est,
1111 1023 1317 1058 secundum
1353 1024 1529 1064 Glossam,
1558 1025 1657 1070 quod
1693 1030 1781 1072 post

1003 1069 1225 1105 descensum
1261 1070 1305 1105 de
1350 1074 1491 1114 monte,
1523 1071 1592 1106 fuit
1626 1071 1782 1118 aliquod

1001 1115 1239 1152 intervallum
1273 1121 1476 1162 antequam
1508 1116 1667 1154 intraret
1694 1119 1785 1156 civi-

1002 1166 1132 1207 tatem,
1152 1167 1188 1199 et
1221 1163 1256 1198 in
1288 1163 1351 1199 illo
1388 1164 1599 1209 intervallo,
1623 1169 1781 1203 sanatus

1003 1210 1072 1245 fuit
1106 1210 1290 1256 leprosus;
1336 1212 1433 1256 quod
1476 1213 1673 1249 Matthaeus
1713 1224 1781 1250 suo

1003 1258 1085 1293 loco
1106 1257 1224 1303 ponit,
1249 1259 1364 1293 Luras
1386 1269 1472 1293 vero
1488 1258 1597 1294 dicit:
1617 1261 1703 1296 Cum
1723 1271 1779 1296 es-

1003 1308 1055 1339 set
1075 1306 1114 1339 in
1134 1315 1207 1339 una
1231 1307 1432 1347 civitatum,
1454 1305 1594 1342 scilicet
1613 1307 1781 1353 Caphar·
1806 1332 1809 1333 γ

1005 1362 1132 1393 naum,
1150 1351 1238 1396 qiua
1251 1356 1327 1387 erat
1349 1352 1400 1388 ibi
1418 1363 1546 1398 prope,
1569 1353 1616 1389 ad
1635 1353 1782 1392 leucam

1006 1403 1043 1434 et
1076 1398 1285 1442 dimidiam,
1315 1404 1445 1435 contra
1478 1399 1685 1438 Orientem.

1056 1459 1072 1481 2
1094 1447 1206 1481 vem
1228 1457 1404 1482 LEPRosUs
1438 1459 1483 1482 An
1513 1448 1707 1485 CHRISTUM.
1735 1469 1783 1475 —

1006 1495 1095 1529 Ecce
1132 1492 1283 1538 quidam
1323 1495 1483 1539 leprosus
1513 1497 1671 1537 veniens,
1704 1506 1782 1532 non

1007 1543 1083 1576 tam
1119 1539 1292 1586 passibus
1328 1541 1515 1587 corporis,
1557 1552 1668 1587 quam
1706 1542 1783 1578 fide

1008 1587 1144 1632 cordis,
1161 1598 1252 1631 genu
1269 1590 1374 1632 stem,
1391 1589 1580 1631 procidens
1593 1591 1632 1624 in
1647 1590 1782 1632 faciem

1007 1645 1123 1675 suam,
1149 1635 1327 1669 adorabat
1348 1646 1438 1676 eum,
1461 1646 1544 1671 011111
1568 1635 1782 1673 humilitate

1008 1681 1189 1727 corporis,
1200 1685 1232 1716 et
1252 1685 1394 1724 rofflwit
1412 1693 1503 1723 eum,
1515 1693 1597 1718 cum
1609 1683 1783 1719 oratione

1007 1728 1096 1763 oris.
1112 1728 1179 1763 Ubi
1194 1728 1263 1763 tria
1280 1728 1350 1763 ista
1367 1732 1608 1773 concurrunt,
1641 1729 1784 1766 scilicet

1006 1775 1114 1818 fides,
1136 1775 1342 1819 humilitas,
1368 1775 1502 1818 oratio,
1529 1776 1662 1822 quibus
1685 1776 1780 1812 nihil

1006 1826 1165 1868 negatur
1195 1833 1215 1856 a
1244 1824 1332 1857 Deo.
1372 1822 1535 1858 Procidit
1565 1823 1605 1858 in
1632 1823 1782 1869 faciem,

1007 1869 1100 1904 sicut
1123 1868 1288 1904 humilis*
1317 1871 1481 1905 maculas
1507 1880 1592 1905 suas
1615 1881 1693 1906 non
1719 1873 1792 1907 te-'

1006 1927 1112 1961 gens,
1136 1916 1201 1951 sed
1234 1916 1425 1951 humiliter
1445 1917 1627 1952 confitens
1654 1920 1690 1953 et
1711 1928 1781 1963 pu-

1005 1962 1164 2006 blicans,
1187 1963 1271 1998 ideo
1285 1963 1450 1998 exaudiri
1468 1963 1602 1999 meruit
1623 1966 1659 1999 et
1676 1975 1781 2000 mun-

1006 2009 1107 2053 dari;
1131 2009 1182 2045 510
1201 2013 1236 2045 et
1257 2013 1295 2045 tu
1314 2010 1535 2053 humilieris,
1549 2014 1588 2046 ut
1606 2010 1779 2047 exaudiri

1006 2060 1042 2092 et
1068 2056 1241 2092 mundari
1275 2057 1467 2092 merearis.
1493 2058 1595 2093 Unde
1622 2057 1674 2093 ait
1693 2059 1782 2094 Am-

1007 2105 1145 2139 brosius
1188 2115 1195 2139 :
1221 2118 1237 2136 «
1262 2104 1355 2146 Quia
1376 2104 1414 2139 in
1452 2104 1584 2139 faciem
1602 2104 1778 2150 procidit,

1004 2150 1226 2186 humilitatis
1262 2154 1316 2186 est
1341 2154 1376 2186 et
1409 2150 1576 2196 pudoris,
1600 2154 1639 2187 ut
1669 2162 1782 2188 unus-

1006 2197 1164 2243 quisque
1200 2198 1246 2233 de
1277 2198 1362 2233 vitre
1397 2209 1472 2234 suae
1504 2198 1660 2234 maculis
1693 2209 1780 2235 eru-

1005 2246 1145 2286 bescat,
1165 2245 1229 2281 sed
1257 2245 1529 2280 contessionem
1552 2245 1782 2282 verecundia

1004 2303 1080 2328 non
1101 2292 1293 2338 repressit,
1315 2293 1448 2328 vulnus
1462 2292 1641 2337 ostendit,
1661 2303 1782 2330 reme-

1006 2338 1110 2375 dium
1147 2339 1360 2385 postulavit.
1402 2353 1419 2371 »
1458 2340 1652 2375 Adorabat
1688 2350 1781 2386 ergo

1006 2397 1097 2428 eum,
1120 2387 1243 2422 dicens
1266 2398 1273 2422 :
1296 2388 1455 2427 Domine,
1477 2397 1544 2432 per
1576 2397 1687 2432 quem
1707 2396 1783 2423 om·

1006 2433 1070 2469 nia
1090 2434 1185 2469 sacta
1210 2437 1307 2477 sunt,
1327 2435 1361 2468 εἰ
1380 2435 1448 2472 vis,
1473 2437 1576 2479 potes
1595 2445 1650 2469 me
1669 2444 1781 2470 mun-

1006 2481 1105 2521 dare,
1127 2481 1299 2516 voluntas
1316 2484 1380 2516 tua
1397 2491 1490 2522 opus
1510 2483 1579 2525 est,
1603 2483 1639 2516 et
1665 2490 1782 2526 opera.

1005 2530 1078 2563 tuae
1116 2527 1299 2563 voluntati
1337 2526 1534 2571 obediunt;
1575 2538 1647 2563 non
1687 2526 1779 2563 dixit

1005 2575 1145 2610 munda
1166 2585 1239 2618 me,
1265 2574 1330 2610 sed
1356 2573 1393 2609 in
1414 2574 1604 2610 voluntate
1627 2573 1661 2610 ei
1682 2573 1781 2611 sicut

1005 2622 1081 2656 Deo
1102 2624 1326 2667 potestatem
1356 2625 1392 2657 et
1425 2621 1688 2657 auctoritatem
1718 2631 1785 2657 cu-

1004 2668 1113 2703 randi
1137 2668 1280 2712 tribuit,
1304 2671 1340 2703 et
1372 2668 1406 2704 ei
1439 2672 1558 2704 totum
1590 2666 1775 2704 concedit.

1006 2715 1117 2756 Quasi
1152 2715 1529 2760 diceret2Quidquid
1565 2714 1618 2750 vis
1653 2716 1775 2761 potes,

1005 2761 1100 2798 sicut
1124 2762 1379 2809 Omnipotens.
1400 2762 1468 2799 Ubi
1496 2764 1599 2798 Titus
1622 2772 1631 2798 ε
1659 2775 1679 2794 «
1697 2760 1778 2798 Ad-
