1876 3126
352 205 570 239 SERMONIS
609 203 650 236 IN
688 203 830 236 MONTE
869 205 1271 241 CONTINUA'rtottm
1307 207 1439 242 ORAT.
1480 209 1585 244 DOM.
1731 210 1789 244 301

157 273 228 310 nisi
257 274 502 321 spiritualiter
523 274 631 309 docet
651 283 759 309 orare
784 285 791 308 ε
816 286 834 306 ))
853 274 934 309 ha=c

157 322 401 366 Augustinus.
427 320 543 356 Etiam
584 320 630 356 de
665 320 834 356 oratione
866 322 934 356 Do-

158 369 295 406 minica
313 370 516 414 Cyprianus
526 366 628 410 dicit,
645 367 745 413 quod
764 367 934 403 Christus

157 416 195 453 in
216 415 287 452 ista
306 415 476 451 oratione
498 414 714 459 magisterio
751 425 818 450 suo
851 425 933 450 om-

158 461 243 500 nem
279 472 427 509 precem
464 465 631 497 nostram
667 461 820 497 salutari
856 472 934 498 ser-

157 520 268 546 mone
302 508 494 545 breviavit.
529 509 649 552 Quare
689 513 815 545 autem
854 509 934 544 haec

156 557 277 594 oratio
304 559 381 592 tam
411 554 534 592 brevis
561 559 631 601 est,
655 560 690 592 et
718 562 792 592 tam
815 567 936 603 pauca

155 604 270 640 verba
320 603 600 650 complectitur,
642 607 800 650 possunt
847 605 937 640 assi-

155 651 263 698 gnari
297 655 440 696 septem
481 650 644 687 rationes
668 663 675 686 :
718 652 852 697 prima,
899 654 936 687 ut

156 698 265 735 citius
285 697 527 741 addiscatur;
549 699 728 741 secunda,
750 702 785 734 ut
803 698 936 735 melius

156 746 382 789 retineatur3
406 745 529 789 tertia,
558 750 595 781 ut
634 746 758 781 nullus
784 746 828 781 de
857 747 937 791 eius

156 792 369 839 ignorantia
390 797 609 834 excusetur;
633 798 780 839 quarta,
805 797 843 829 ut
866 794 937 829 sre-

156 840 332 887 quentius
354 840 518 881 dicatur;
543 840 686 886 quinta,
713 845 751 877 ut
781 840 935 876 taedium

155 888 195 924 in
231 887 389 923 dicendo
430 892 693 930 removeatur·,
735 893 852 930 sexta,
897 892 937 923 ut

156 935 294 971 fiducia
337 935 410 970 cito
454 934 678 980 impetrandi
712 935 901 971 tribuatur
925 946 933 979 ;

156 982 329 1029 septima,
353 985 389 1017 ut
413 981 448 1017 in
471 981 670 1017 devotione
690 982 839 1025 mentis,
862 994 937 1017 non

156 1030 195 1065 in
235 1028 546 1075 multiplicatione
584 1030 797 1072 verborum,
820 1029 937 1064 virtus

156 1076 339 1113 orationis
351 1086 432 1112 esse
449 1076 679 1111 ostendatur.
698 1076 837 1111 Omnes
848 1087 936 1112 vero

155 1123 369 1170 petitiones,
410 1124 479 1159 sub
520 1122 734 1169 septenario
781 1134 936 1158 numero

156 1170 540 1217 comprehenduntur,
578 1170 665 1215 quia
699 1170 937 1217 septenarius

156 1222 213 1255 est
236 1228 419 1254 numerus
437 1217 714 1260 universitatis;
733 1222 769 1253 at
791 1218 937 1253 univer-

157 1265 246 1302 sitas
283 1265 451 1301 omnium
490 1269 591 1301 recte
629 1265 936 1301 desiderabilium

155 1313 193 1349 iu
221 1312 279 1348 his
308 1312 640 1359 comprehenditur
658 1312 906 1358 petitionibus
928 1323 934 1347 :

157 1360 241 1396 ideo
271 1359 546 1396 rationabiliter
577 1370 709 1395 omnes
736 1359 937 1406 petitiones

156 1409 224 1444 sub
238 1407 451 1454 septenario
475 1418 632 1443 numero
646 1408 860 1453 complexus
881 1410 938 1442 est

156 1455 350 1491 Dominus.

205 1517 222 1538 2
246 1504 332 1538 Est-s
372 1513 564 1545 PRAEFATIO,
603 1513 673 1542 om
709 1512 938 1537 nexi-:vorm-

156 1562 239 1586 TIAM
262 1552 326 1586 Dm
346 1561 526 1585 esu-rmus
546 1561 615 1585 mxu
636 1560 843 1584 somnxno
867 1549 936 1584 PA-

155 1610 260 1633 Tnffit.
284 1618 329 1623 —
356 1598 475 1633 Habet
501 1607 590 1642 ergo
613 1597 693 1632 haec
713 1596 833 1632 oratio
862 1597 935 1631 Do-

155 1644 294 1680 minica
310 1647 394 1679 octo
406 1647 544 1690 partes.
563 1643 689 1679 Prima
704 1647 758 1679 est
773 1642 936 1689 captatio

153 1691 443 1735 benemtenstae,
480 1701 592 1737 quam
634 1694 846 1737 sequuntur
883 1701 938 1726 se-

154 1742 255 1786 ptem
278 1738 492 1785 petitiones.
521 1739 699 1784 Captatur
719 1743 845 1774 autem
867 1737 935 1773 be-

153 1785 367 1823 nevolentia
382 1785 579 1831 tripliciter
593 1797 654 1822 :ex
670 1790 776 1832 parte
798 1784 934 1830 rogati,

153 1833 241 1879 quia
276 1835 400 1878 Pater,
419 1834 524 1879 cujus
558 1833 624 1869 filii
648 1844 776 1869 sumus
800 1843 868 1879 per
895 1832 937 1868 fi-

153 1881 238 1917 dem
253 1893 261 1923 ;
276 1891 319 1916 ex
334 1884 438 1926 parte
453 1881 681 1927 rogantium,
695 1880 933 1926 quianoster,

154 1928 263 1964 nobis
283 1928 392 1963 datus
419 1938 486 1973 per
506 1928 747 1971 charitatem,
769 1939 811 1963 ex
828 1930 934 1973 parte

153 1986 390 2012 assessorum
413 1974 548 2021 rogati,
567 1975 655 2021 quia
677 1974 715 2009 in
736 1974 840 2010 coelis
862 1980 933 2018 est,

154 2023 191 2059 id
228 2026 283 2059 est
321 2023 357 2058 in
400 2022 560 2066 Sanctis,
597 2032 758 2067 quorum
795 2021 933 2057 auxilio

153 2070 336 2117 erigimur
366 2080 434 2116 per
465 2080 583 2116 spem.
607 2069 782 2105 Dicamus
809 2079 898 2115 ergo
923 2081 930 2104 :

153 2119 285 2159 Pater,
326 2117 364 2153 in
407 2128 517 2163 quem
557 2116 758 2160 credimus,
798 2119 932 2157 noster,

153 2175 265 2212 quem
300 2164 507 2210 diligimus,
530 2166 596 2210 qui
624 2175 660 2200 es
686 2166 725 2199 in
752 2164 861 2205 eoelz's,
889 2163 934 2199 de

153 2212 290 2259 quibus
310 2222 526 2258 speramus;
549 2212 627 2247 hzec
661 2210 760 2247 enim
792 2210 863 2245 tria
884 2210 935 2246 fa-

152 2260 254 2296 ciunt
292 2259 501 2296 orationem
537 2259 718 2305 dignam,
760 2257 931 2293 scilicet:

153 2310 276 2343 motus
306 2307 408 2350 fidei,
439 2306 647 2350 charitatis,
671 2309 708 2341 et
733 2305 826 2351 spei.
851 2306 933 2351 lpse

152 2353 303 2400 quidem
325 2354 507 2390 Dominus
527 2353 665 2389 dicitur
684 2355 794 2388 Pater
814 2356 934 2387 noster

152 2400 349 2447 tripliciter
365 2430 373 2446 ‚
411 2401 619 2438 secundum
669 2399 801 2445 triplex
851 2410 932 2435 esse

152 2448 252 2494 quod
275 2449 321 2484 ab
349 2459 393 2485 eo
424 2448 650 2494 accepimus,
672 2446 814 2483 scilicet
834 2458 842 2481 1
867 2457 932 2483 na-

152 2499 261 2539 turre,
283 2496 414 2542 gratia·
442 2500 478 2532 et
504 2495 648 2541 glou-ize.
672 2496 760 2530 Esse
789 2498 933 2530 naturae

152 2543 254 2579 dedit
290 2543 398 2579 nobis
419 2543 457 2578 in
486 2542 701 2586 creatione3
736 2552 818 2577 esse
857 2552 936 2588 gra·

152 2589 227 2634 tiae,
244 2590 280 2625 in
300 2590 545 2634 recreatione,
568 2600 634 2626 seu
654 2588 931 2634 redemptione;

151 2642 188 2674 et
207 2648 288 2674 esse
308 2637 453 2684 glorioe‚
476 2637 514 2673 in
536 2637 643 2683 regni
674 2635 930 2672 comitatione.

151 2684 293 2721 Dicitur
316 2696 406 2732 ergo
430 2686 540 2721 Pater
571 2683 738 2720 omnium
773 2694 932 2730 genera-

149 2731 236 2769 liter
259 2732 404 2768 ratione
425 2731 650 2776 creationis;
675 2731 740 2768 sed
762 2730 932 2768 fidelium

151 2779 383 2827 specialiter,
417 2779 562 2816 ratione
602 2778 826 2825 adoptionis.
860 2779 932 2815 No-

151 2827 251 2863 mine
272 2831 396 2864 autem
415 2826 537 2864 Patris
557 2825 845 2873 intelligiturhic
856 2829 935 2862 tota

1007 275 1181 328 Trinitas,
1198 277 1339 313 scilicet
1362 278 1485 322 Pater,
1508 279 1634 323 Filius,
1650 282 1683 315 et
1708 279 1788 326 Spi-

1007 326 1100 357 ritus
1127 324 1295 360 Sanrtus.
1320 326 1347 359 (⁷)
1369 329 1507 371 quanta
1530 326 1665 363 fiducia
1691 331 1726 362 et
1746 327 1790 362 fi-

1007 368 1164 405 ducialis
1201 371 1369 415 audacia,
1403 374 1502 418 quod
1540 375 1681 410 t'actura
1721 376 1788 410 Fa-

1008 419 1163 456 ctorem,
1206 423 1376 455 creatura
1413 422 1643 465 Creatorem,
1676 422 1787 458 homo

1009 464 1125 516 Deum
1164 464 1310 500 Patrem
1359 467 1496 502 audeat
1537 469 1783 515 nuncupare!

1008 511 1098 553 Quis
1139 522 1317 556 umquam
1346 524 1459 550 ausus
1501 518 1555 550 cst
1595 515 1631 551 in
1670 515 1786 551 veteri

1009 559 1105 603 Lege
1119 557 1209 593 talia
1227 562 1482 604 praesumere?
1496 563 1624 602 Nemo,
1640 563 1784 608 utique.

1008 606 1115 649 Quia,
1144 606 1347 641 secundum
1376 608 1552 648 memsam,
1578 611 1673 645 Deus
1694 610 1789 645 anti-

1009 652 1106 698 quis,
1131 656 1171 688 ut
1203 653 1333 696 servis,
1356 653 1551 690 dicebatur
1582 658 1786 701 Dominus,-

1009 710 1107 735 nunc
1133 699 1272 735 dicitur
1303 701 1426 745 Pater,
1447 703 1504 737 cui
1543 714 1615 738 non
1638 703 1786 748 timore,

1010 747 1075 783 sed
1103 758 1246 792 amore,
1284 747 1480 784 servimus.
1507 750 1609 785 L'nde
1647 755 1683 786 ct
1715 753 1790 786 Au·

1009 797 1178 839 quatinus
1202 807 1208 831 :
1230 810 1247 827 «
1269 796 1482 841 Numquam
1499 796 1789 842 inveniturprze-

1010 845 1156 888 ceptum
1171 843 1309 888 populo
1326 844 1452 888 Israel,
1468 847 1503 879 ut
1523 843 1664 879 diceret
1678 845 1788 880 Pater

1012 893 1153 933 noster,
1176 890 1241 925 sed
1272 894 1327 926 est
1367 890 1420 926 eis
1459 890 1670 926 insinuatus
1697 895 1790 927 tam-

1011 947 1122 982 quam
1147 937 1327 973 Dominus
1349 937 1480 973 servis.
1506 939 1580 974 Nos
1606 949 1694 974 vero
1721 949 1788 984 per

1011 985 1232 1029 sanguinem
1255 984 1402 1020 Domini
1431 986 1518 1021 Jesu
1544 985 1611 1020 filii
1638 985 1788 1032 adopti-

1011 1031 1094 1067 onis
1122 1031 1259 1075 effecti,
1282 1032 1518 1068 confidenter
1548 1033 1754 1069 clamamus
1777 1045 1785 1068 :

1011 1079 1116 1113 Abba
1144 1081 1264 1114 Pater.
1289 1093 1305 1109 »
1330 1080 1373 1114 Et
1395 1079 1528 1115 iterum
1550 1091 1558 1115 z
1584 1094 1602 1112 «
1623 1081 1700 1123 Quo
1725 1091 1790 1116 no·

1012 1125 1111 1160 mine
1155 1129 1192 1161 et
1243 1125 1407 1161 charitas
1456 1127 1658 1171 excitatum
1698 1127 1788 1172 quid

1011 1172 1109 1207 enim
1139 1173 1287 1208 charius
1324 1172 1410 1208 filiis
1436 1184 1519 1209 esse
1545 1174 1656 1210 debet
1675 1185 1789 1220 quam

1010 1219 1150 1266 pater?
1169 1220 1211 1254 Et
1232 1220 1387 1266 supplex
1412 1221 1582 1264 affectus,
1601 1231 1684 1257 cum
1722 1222 1790 1257 ho—

1013 1266 1133 1303 mines
1155 1267 1281 1302 dicunt
1306 1279 1313 1302 :
1337 1270 1445 1302 Pater
1466 1272 1597 1303 noster.
1623 1270 1665 1304 Et
1686 1279 1788 1315 quae-

1011 1314 1096 1349 dam
1139 1314 1383 1360 praesumptio
1438 1315 1663 1361 impetrandi
1704 1327 1787 1362 quae

1011 1361 1163 1407 petituri
1194 1372 1341 1405 sumus;
1371 1361 1460 1407 quid
1491 1363 1590 1398 enim
1624 1374 1699 1398 non
1727 1363 1790 1399 det

1007 1410 1085 1455 J'am
1113 1408 1201 1444 filiis
1226 1409 1455 1455 petentibus,
1479 1420 1562 1445 cum
1601 1411 1670 1446 hoc
1709 1409 1789 1456 ipse

1011 1459 1098 1492 ante
1120 1456 1281 1500 dederit,
1304 1460 1343 1492 ut
1374 1456 1441 1492 tilii
1463 1458 1614 1493 essent?
1639 1458 1790 1494 Postre-

1012 1514 1072 1538 mo
1105 1508 1247 1549 quanta
1273 1514 1363 1539 cura
1393 1505 1558 1540 animum
1595 1504 1728 1550 tangit,
1752 1508 1793 1548 ut

1012 1549 1075 1596 qui
1103 1550 1189 1586 dicit
1217 1562 1225 1586 z
1252 1552 1363 1586 Pater
1389 1555 1530 1595 noster,
1555 1555 1657 1587 tanto
1685 1553 1794 1588 Patre

1012 1608 1086 1633 non
1124 1597 1171 1633 sit
1205 1597 1402 1645 indignus!
1441 1599 1702 1635 Admonentur
1734 1599 1795 1635 hic

1011 1644 1125 1680 etiam
1153 1644 1301 1688 divites,
1328 1645 1386 1681 vel
1406 1656 1545 1690 genere
1566 1647 1711 1682 nobiles
1733 1657 1790 1682 se-

1011 1692 1174 1728 cundum
1194 1692 1374 1736 seculum,
1400 1703 1485 1728 cum
1511 1693 1712 1729 Christiani
1732 1694 1791 1729 sa-

1012 1738 1059 1774 cti
1091 1738 1244 1784 fuerint,
1282 1750 1359 1775 non
1387 1739 1582 1786 superbire
1615 1741 1794 1777 adversus

1009 1797 1194 1832 pauperes
1233 1790 1269 1823 et
1304 1787 1505 1832 ignobiles,
1533 1787 1712 1833 quoniam
1746 1788 1792 1824 si-

1011 1835 1085 1870 mul
1113 1833 1242 1870 dicunt
1265 1846 1273 1869 z
1295 1836 1405 1870 Pater
1431 1838 1565 1876 noster,
1592 1835 1690 1881 quod
1718 1846 1794 1871 non

1010 1885 1169 1927 possunt
1196 1892 1283 1917 vere
1311 1892 1354 1917 ac
1385 1881 1445 1928 pie
1481 1881 1627 1926 dicere,
1652 1882 1721 1918 nisi
1752 1893 1792 1918 se

1009 1930 1145 1964 t'ratres
1179 1939 1261 1964 esse
1289 1933 1517 1975 cognoscant
1538 1941 1545 1964 :
1569 1944 1587 1962 >›
1613 1930 1693 1965 haec
1712 1930 1790 1965 Au-

1008 1978 1189 2020 qustinus.
1215 1976 1320 2011 Unde
1346 1975 1459 2011 etiam
1490 1977 1790 2020 chrysostomus:

1012 2037 1029 2055 «
1057 2023 1204 2065 Quanta
1226 2022 1372 2058 Domini
1394 2023 1493 2059 circa
1525 2034 1593 2059 nos
1623 2023 1790 2068 dilectio,

1009 2074 1154 2115 quanta
1188 2069 1447 2106 misericordia
1482 2070 1562 2115 ejus
1593 2072 1628 2106 et
1654 2070 1789 2116 pietaS,

1010 2127 1092 2162 quae
1126 2116 1234 2153 nobis
1269 2120 1382 2153 tantae
1405 2117 1537 2163 gratioe
1570 2128 1705 2154 munus
1731 2118 1790 2153 in-

1009 2163 1136 2209 dulsit,
1157 2167 1195 2200 ut
1218 2163 1375 2200 licenter
1393 2164 1595 2200 Dominum
1609 2175 1653 2200 ac
1673 2166 1791 2201 Deum

1009 2214 1179 2247 nostrum
1209 2211 1305 2247 servi
1335 2212 1483 2247 Patrem
1505 2211 1630 2247 dicere
1648 2212 1789 2248 audea-

1009 2259 1115 2294 mus!
1139 2259 1218 2302 Quo
1240 2258 1421 2295 vocabulo
1449 2270 1523 2295 non
1542 2259 1622 2305 jam
1643 2263 1790 2296 tantum

1009 2316 1152 2350 servos,
1174 2306 1240 2342 sed
1261 2305 1374 2342 etiam
1410 2305 1507 2342 tilios
1534 2306 1599 2342 Dei
1620 2317 1702 2343 esse
1724 2307 1788 2343 de-

1009 2356 1215 2397 monstrat3
1254 2353 1341 2399 quia
1380 2364 1470 2400 ergo
1501 2353 1593 2389 tanti
1622 2354 1790 2389 muneris

1007 2400 1167 2447 gratiam
1199 2400 1386 2437 consecuti
1414 2411 1556 2444 sumus,
1577 2400 1682 2446 quasi
1720 2400 1788 2436 filii

1009 2447 1073 2484 Dei
1096 2458 1208 2495 agere
1229 2452 1266 2484 et
1286 2448 1501 2484 conversari
1527 2448 1722 2491 debemus,
1749 2451 1789 2483 ut

1007 2494 1044 2530 id
1064 2506 1132 2531 nos
1151 2506 1233 2532 esse
1267 2495 1366 2541 quod
1396 2494 1568 2538 dicimur,
1601 2494 1786 2540 spirituali

1008 2545 1091 2578 actu
1127 2543 1352 2589 probemus;
1394 2552 1440 2577 ne
1478 2541 1589 2577 aliter
1632 2545 1788 2587 agentes

1008 2600 1120 2636 quam
1159 2589 1222 2625 Dei
1258 2589 1356 2625 filios
1396 2588 1585 2632 convenit,
1626 2588 1678 2624 rei
1718 2589 1787 2625 sub

1007 2636 1252 2683 usurpatione
1274 2636 1365 2672 tanti
1391 2635 1555 2671 nominis
1575 2639 1785 2672 teneamur.

1007 2685 1122 2720 Docet
1157 2688 1282 2720 autem
1310 2688 1346 2719 et
1378 2682 1595 2728 generalem
1619 2693 1686 2729 pro
1714 2683 1786 2718 t'ra·

1007 2731 1127 2768 tribus
1162 2732 1284 2766 facere
1317 2730 1548 2772 orationem;
1582 2740 1657 2765 non
1687 2729 1787 2766 enim

1007 2779 1108 2822 dicit,
1138 2780 1247 2814 Pater
1267 2788 1384 2821 meus,
1411 2777 1474 2813 sed
1505 2778 1614 2813 Pater
1644 2780 1786 2821 noster,

1006 2829 1047 2862 ut
1087 2836 1155 2872 pro
1199 2824 1404 2870 communi,
1432 2823 1574 2861 scilicet
1613 2834 1786 2872 corpore,
