1902 3126
651 134 702 168 DE
742 134 986 169 EPIPHANIA
1025 134 1198 166 Dniltxl.
1709 137 1750 172 97

110 206 206 248 lans,
229 207 264 241 et
285 208 429 241 attenta
450 213 562 249 super
584 202 709 238 dilecti
731 202 810 238 Filii
833 202 889 238 sui

102 252 295 289 custodia.
319 252 347 288 O
369 261 452 287 cum
477 254 617 296 quanta
638 249 890 285 sollicitudine

108 304 147 337 et
177 299 372 345 diligentia
405 297 525 344 ipsum
553 297 802 340 gubernabat,
828 308 889 340 ne,

110 347 167 383 vel
205 346 243 382 in
279 345 451 387 minimo,
487 343 672 380 desectum
709 344 883 380 haberet!

108 394 201 432 Cum
229 396 369 439 quanta
406 390 518 427 etiam
546 390 774 434 reverentia,
803 402 890 426 cau—

108 441 195 484 tela,
224 443 258 476 et
283 439 343 485 pio
378 438 513 474 timore
535 437 658 484 ipsum
680 442 889 474 contreeta-

106 489 182 531 bat,
207 496 319 532 quem
350 495 458 521 suum
483 486 600 521 Deum
629 489 664 521 et
691 485 890 521 Dominum

105 544 186 571 esse
207 532 371 569 sciebat!
398 532 518 569 Flexis
542 532 695 578 quidem
716 532 890 579 genibus,

95 580 313 627 ‚accipiebat
335 579 459 626 ipsum
478 579 524 616 de
537 579 656 623 cunis,
677 583 714 616 et
736 591 894 626 repone-

105 630 167 666 bat
198 627 238 663 in
260 627 329 663 eis.
349 628 440 664 Cum
461 631 604 673 quanta
625 627 737 663 etiam
757 628 892 674 jucun·

105 675 241 718 ditate,
301 674 531 711 confidentia
582 679 619 711 et
669 674 893 711 auctoritate

107 725 278 759 materna
294 721 416 768 ipsum
431 722 729 768 amplexabatur,
741 726 777 758 et
788 733 893 759 oscu-

107 771 270 813 labatur,
297 769 507 815 stringebat
534 769 707 813 dulciter,
733 769 826 805 etin
848 781 892 806 eo

106 817 379 860 delectabatur,
397 826 508 862 quem
528 816 661 852 Filium
686 828 793 853 suum
816 828 894 853 cer-

110 864 236 908 nebat,
265 867 301 900 et
334 863 543 899 certissime
574 864 738 900 sciebat!
774 865 892 907 Quam

107 921 231 957 saepe,
270 921 382 956 quam
423 910 569 947 curiose
609 915 643 947 et
686 911 894 957 prudenter

110 958 255 995 tenella
277 958 446 994 membra
466 957 583 1004 ipsius
610 958 770 994 fascians
792 969 893 994 com-

109 1016 204 1052 pone
216 1004 299 1041 batl
324 1004 423 1040 Sicut
450 1004 550 1040 enim
579 1005 646 1040 suit
669 1005 893 1049 humillima,

107 1052 160 1088 sic
205 1051 275 1088 tuit
309 1055 343 1087 et
371 1050 680 1097 prudentissima.
709 1051 815 1086 Unde
856 1051 893 1087 in

108 1098 266 1145 singulis
296 1098 431 1134 osticiis
466 1102 501 1134 et
538 1097 731 1144 obsequiis
762 1098 892 1134 sedule

109 1146 360 1189 ministrabat,
392 1144 562 1191 vigilanti
596 1156 638 1181 ac
673 1145 891 1189 dormienti,

107 1198 143 1230 et
177 1204 251 1229 non
286 1194 408 1229 solum
446 1192 649 1236 infantulo,
672 1192 737 1228 sed
777 1192 891 1229 etiam

103 1241 327 1288 grandaevo.
350 1240 377 1277 O
407 1250 518 1286 quam
545 1239 705 1276 libenter
730 1250 814 1275 eum
843 1240 893 1275 la-

108 1288 254 1324 ctabat!
275 1287 342 1323 Vix
361 1287 442 1322 lieri
461 1286 581 1339 potuit
603 1286 693 1332 quin
713 1297 891 1332 magnam

107 1339 144 1371 et
169 1334 253 1371 aliis
285 1333 436 1370 seminis
463 1339 694 1379 inexpertam
724 1334 891 1370 dulcedi-

111 1392 194 1418 nem
216 1381 253 1417 in
278 1380 364 1416 talis
386 1380 464 1416 Filii
486 1380 685 1417 lactatione
709 1382 886 1417 sentiret!

107 1431 191 1482 Ipsa
223 1428 336 1474 Virgo
372 1428 554 1464 Infantem
589 1429 686 1464 hunc
721 1429 890 1475 concepit

106 1487 188 1512 sine
213 1476 370 1522 pudore,
393 1475 535 1521 peperit
559 1477 640 1511 sine
661 1475 804 1519 dolore,
834 1477 888 1511 la-

108 1522 220 1560 ctavit
232 1522 372 1559 coelesti
387 1533 485 1559 rore.
498 1522 610 1568 Virgo
623 1526 710 1558 ante
724 1527 885 1568 partum,

105 1571 142 1606 in
171 1570 440 1616 conceptione3
476 1570 587 1613 Virgo
624 1569 662 1605 iu
701 1574 824 1615 partu,
847 1570 886 1606 in

104 1617 221 1664 prolis
251 1616 447 1660 enixione;
474 1621 509 1653 et
540 1618 653 1662 Virgo
690 1620 774 1662 post
799 1627 886 1664 par-

105 1670 198 1708 tum,
220 1663 258 1700 in
292 1663 402 1700 Pueri
423 1663 641 1700 dulcissima
668 1663 884 1709 lactatione,

108 1712 212 1749 Unde
234 1712 465 1756 Auqztstinus
486 1711 605 1758 ipsam
628 1713 668 1748 B.
692 1711 885 1758 Virginem

110 1763 268 1796 matrem
308 1759 469 1795 dulciter
508 1759 736 1805 alloquens,
777 1759 830 1795 ait
874 1771 883 1795 ε

106 1819 126 1841 «
148 1808 273 1851 Laeta,
300 1808 431 1851 Mater,
465 1806 667 1850 Christum,
696 1810 733 1843 et
758 1806 885 1844 Domi-

110 1864 198 1891 num
222 1857 393 1890 nostrum
418 1857 455 1890 et
474 1857 601 1897 tuum;
626 1854 723 1891 lacta
748 1864 886 1901 panem

107 1901 153 1937 de
189 1901 282 1938 coelo
312 1901 549 1946 venientem;
581 1901 679 1937 lacta
704 1912 791 1938 eum
823 1902 886 1948 qui

107 1948 221 1985 talem
256 1948 341 1985 l'ecit
372 1952 422 1994 te,
451 1953 490 1985 ut
520 1948 598 1995 ipse
634 1949 743 1985 fieret
767 1949 804 1985 in
834 1954 884 1986 te.

106 1996 188 2033 'sibi
225 2001 263 2032 et
306 2006 442 2032 munus
479 1996 731 2032 soecuuditatis
761 1997 886 2032 attulit

108 2047 325 2089 conceptus,
343 2047 379 2079 et
399 2043 538 2079 donum
561 2043 788 2089 virginitatis
809 2055 885 2080 non

109 2091 263 2127 abstulit
283 2094 404 2127 natus.
429 2105 446 2122 »
471 2091 576 2127 Unde
597 2096 633 2127 et
652 2092 847 2126 Anselmus
875 2104 885 2126 .-

110 2152 127 2172 «
150 2139 289 2175 Verum
310 2139 399 2174 dum
426 2138 527 2174 hunc
554 2138 756 2174 Parvulum
790 2140 888 2174 inter

109 2195 241 2222 manus
262 2196 349 2222 suas
367 2185 524 2230 versari,
546 2190 582 2222 et
609 2186 655 2221 ad
677 2186 794 2221 ubera
821 2196 888 2222 sua

108 2233 286 2279 pendere,
309 2237 420 2279 atque
438 2233 485 2269 ad
512 2244 648 2280 parvas
671 2232 779 2269 Pueri
804 2243 886 2269 cor-

106 2279 209 2326 poris
229 2280 404 2317 laesiones
432 2281 672 2327 parvulorum
696 2291 800 2316 more
822 2291 886 2317 va-

104 2327 186 2373 gIre
204 2327 452 2374 conspiceret,
473 2339 559 2374 quo,
580 2339 726 2374 precor,
749 2328 886 2364 affectu

106 2375 329 2411 movebatur
361 2375 553 2421 piissimus
587 2375 734 2411 animus
772 2376 853 2421 ejus
876 2403 885 2419 ,

108 2432 229 2467 quove
260 2421 383 2457 studio
419 2423 466 2458 ad
492 2423 768 2458 occurrendum
797 2434 886 2458 cun-

108 2468 178 2504 ctis
196 2479 279 2515 quae
296 2468 534 2505 incommoda
549 2469 599 2505 illi
623 2471 700 2505 sore
717 2470 885 2514 timebat,

109 2517 315 2562 parabatur
327 2517 578 2553 castissimum
595 2527 729 2563 corpus
740 2518 847 2563 ejus?
867 2532 884 2549 »

111 2563 183 2600 Sed
203 2567 240 2600 et
272 2564 318 2600 de
351 2568 480 2600 sancto
505 2575 592 2600 sene
611 2565 747 2610 Joseph
775 2565 889 2601 refert

110 2612 332 2652 Ber-nardus,
352 2612 450 2657 quod
464 2623 620 2658 puerum
633 2614 760 2648 Jcsum
774 2623 887 2657 super

112 2668 236 2703 genua
270 2669 337 2694 sua
365 2664 496 2695 tenens
523 2659 643 2700 eidem
674 2661 889 2705 frequenter

114 2705 253 2741 arrisit.
283 2707 411 2742 Stante
450 2706 563 2753 igitur
601 2712 686 2742 ante
720 2718 887 2753 praesepe

115 2753 286 2797 Domina,
315 2757 385 2797 sta,
414 2758 450 2790 et
489 2759 541 2798 tu,
572 2754 679 2799 Juxta
719 2765 886 2802 praesepe

198 2809 288 2845 Vtu
300 2811 388 2846 stu
402 2812 560 2853 Cmusn,
576 2812 740 2855 Toxius-l.

970 213 1054 237 cum
1072 213 1130 245 ea,
1147 207 1182 237 et
1203 203 1390 239 delectare
1405 215 1488 240 cum
1510 215 1625 251 puero
1645 207 1750 251 Jesu,

971 249 1058 294 quia
1095 249 1211 285 virtus
1249 250 1319 285 exit
1361 252 1408 287 ab
1447 252 1528 288 illo!
1569 253 1752 296 Quaelibet

971 296 1098 331 anima
1137 296 1272 339 tidelis,
1307 301 1343 333 et
1372 299 1531 335 maxime
1559 300 1750 346 religiosa,

971 343 1125 379 deberet
1141 343 1233 378 adie
1250 344 1452 380 nativitatis
1470 346 1614 382 Domini
1636 359 1753 395 nsque

971 390 1018 425 ad
1052 389 1367 436 purificationem,
1401 394 1532 429 saltem
1565 395 1678 431 semel
1714 395 1752 431 in

972 437 1031 473 die
1064 437 1162 483 apud
1196 436 1334 472 dictum
1364 449 1530 485 praesepe
1553 442 1751 478 Dominam

972 484 1139 528 visitare,
1179 494 1335 530 puerum
1364 487 1492 522 Jesum
1529 492 1564 522 et
1595 491 1751 525 Matrem

973 533 1054 576 ejus
1085 532 1265 573 adorare3
1295 531 1342 567 de
1375 537 1593 578 paupertate
1631 542 1667 571 et
1697 537 1751 572 as-

974 579 1155 622 tlictione,
1197 578 1405 615 humilitate
1445 584 1481 616 et
1521 582 1752 625 benignitate

973 626 1140 672 ipsorum
1170 626 1374 662 affectuose
1406 627 1593 663 meditari.
1618 630 1746 666 Vidisti

973 674 1162 719 quomodo
1201 674 1311 709 beata
1350 673 1462 719 Virgo
1505 675 1542 710 in
1585 677 1750 712 sordenti

974 721 1120 757 stabulo
1148 720 1335 766 patienter
1361 721 1488 757 multis
1511 721 1643 758 diebus
1668 735 1751 760 cum

976 779 1090 814 puero
1111 770 1213 812 Jesn,
1237 771 1272 804 et
1295 770 1436 815 Joseph
1459 770 1750 815 perseverabat;

976 815 1074 851 unde
1097 826 1172 851 non
1206 815 1361 852 deberet
1384 816 1493 853 nobis
1521 828 1634 862 grave
1655 828 1752 862 esse,

974 873 1042 898 nec
1064 873 1242 908 magnum
1265 862 1450 906 videri,in
1466 865 1694 901 monasterio
1717 870 1754 901 et

974 914 1119 946 secreto
1143 914 1269 946 nostro
1292 911 1510 947 consistere.

1025 971 1062 994 21
1094 959 1354 994 SOLEMNITATlS
1389 960 1594 994 Epiruma„
1628 970 1755 994 mem-

973 1016 1079 1041 TUDO.
1109 1026 1152 1031 —
1182 1005 1387 1041 Considera
1411 1016 1511 1041 nunc
1544 1010 1684 1052 quanta
1708 1007 1756 1042 sit

975 1052 1194 1088 solemnitas
1216 1052 1411 1096 hodierna,
1431 1056 1467 1089 et
1489 1053 1616 1089 laetare
1637 1053 1672 1088 in
1695 1064 1753 1097 ea,

974 1097 1062 1142 quia
1093 1099 1203 1133 hodie
1233 1109 1415 1144 apparere
1444 1105 1637 1147 coeperunt
1667 1101 1755 1137 fidei

973 1148 1111 1180 nostrae
1156 1145 1272 1181 initia.
1314 1146 1418 1182 Unde
1446 1150 1497 1182 ait
1524 1150 1591 1183 Leo
1620 1149 1721 1194 Papa
1744 1160 1752 1184 :

975 1193 1272 1237 «Agnoscamus
1300 1203 1405 1238 ergo,
1440 1194 1687 1238 dilectissimi,
1717 1195 1754 1231 in

974 1239 1092 1284 Magis
1109 1239 1374 1275 adoratoribus
1393 1240 1529 1276 Christi
1545 1242 1754 1278 vocationis

974 1291 1112 1322 nostrze
1150 1286 1313 1332 lideique
1343 1287 1543 1333 primitias,
1574 1292 1609 1324 et
1636 1290 1755 1325 exsul-

974 1333 1140 1369 tantibus
1160 1334 1296 1370 animis
1317 1335 1438 1371 beatae
1467 1336 1545 1382 spei
1571 1335 1677 1372 initia
1699 1347 1755 1372 ce-

973 1380 1174 1416 lebremus.
1206 1382 1420 1417 Honoretur
1450 1393 1472 1418 a
1497 1382 1606 1418 nobis
1632 1394 1756 1420 sacra-

972 1427 1137 1463 tissimus
1158 1428 1252 1472 dies,
1288 1428 1325 1464 in
1355 1440 1427 1474 quo
1457 1430 1588 1466 salutis
1614 1435 1754 1466 nostra:

969 1477 1108 1510 Auctor
1135 1475 1332 1521 apparuit!
1363 1477 1406 1511 Et
1437 1487 1548 1521 quem
1570 1477 1666 1522 Magi
1693 1489 1755 1514 ve-

970 1522 1088 1558 nerati
1112 1527 1196 1558 sunt
1219 1523 1256 1558 in
1290 1524 1501 1568 cunabulis,
1529 1535 1598 1560 nos
1631 1525 1758 1561 Omni-

969 1573 1161 1622 potentem
1180 1570 1382 1606 adoremus
1400 1570 1435 1606 in
1455 1571 1581 1615 coelis;
1605 1576 1641 1608 et
1659 1572 1756 1608 sicut

968 1616 1021 1652 illi
1039 1617 1085 1652 de
1102 1616 1290 1653 thesauris
1306 1617 1383 1654 suis
1402 1619 1576 1665 mysticas
1593 1619 1753 1655 Domino

969 1674 1167 1700 munerum
1203 1665 1349 1710 species
1379 1666 1610 1711 obtulerunt,
1635 1667 1687 1703 ita
1717 1671 1754 1703 et

969 1722 1038 1747 nos
1059 1711 1104 1747 de
1123 1712 1299 1748 cordibus
1316 1713 1456 1749 nostris
1474 1725 1556 1760 quae
1573 1715 1649 1750 Deo
1668 1718 1755 1751 suut

967 1758 1083 1804 digna
1101 1769 1332 1805 promamus.
1346 1761 1632 1797 Sacramentum
1651 1761 1754 1798 enim

967 1806 1164 1852 praesentis
1185 1806 1269 1843 sesti
1293 1811 1441 1854 oportet
1464 1808 1503 1844 in
1527 1808 1638 1845 nobis
1668 1820 1752 1845 esse

968 1857 1206 1900 perpetuum,
1247 1855 1348 1901 quod
1385 1855 1512 1902 utique
1553 1855 1634 1892 sine
1676 1857 1753 1892 fine

968 1901 1242 1944 celebrabitur,
1272 1901 1302 1937 si
1330 1902 1370 1938 in
1401 1902 1576 1939 omnibus
1605 1904 1752 1940 actibus

967 1948 1106 1984 nostris
1132 1949 1314 1985 Dominus
1339 1951 1448 1986 Jesus
1476 1950 1646 1987 Christus
1686 1962 1752 1997 ap·

967 1999 1097 2042 pareat
1119 2007 1126 2030 :
1149 2010 1161 2027 r·
1186 1996 1266 2032 haec
1281 1997 1362 2032 Leo.

1018 2056 1058 2078 22
1083 2044 1270 2079 Mmaccm
1298 2055 1332 2079 m
1369 2056 1579 2081 &trivium
1619 2047 1751 2083 Donum

969 2102 1140 2126 iwrnAr-x.
1164 2111 1209 2116 --
1230 2090 1363 2127 Vidisti
1382 2103 1471 2138 ergo
1496 2104 1610 2138 quam
1635 2094 1752 2131 multa

970 2148 1065 2173 nova
1093 2137 1130 2173 in
1153 2138 1347 2175 nativitate
1374 2140 1522 2177 Domini
1550 2152 1750 2178 concurre-

969 2188 1068 2228 runt,
1102 2195 1184 2230 quae
1212 2196 1298 2221 eum
1322 2191 1451 2223 natum
1478 2189 1748 2233 probaverunt.

970 2233 1074 2268 Unde
1095 2233 1370 2278 chrysostomus
1391 2247 1403 2271 .·
1427 2249 1445 2267 «
1467 2236 1602 2272 Omnia
1622 2236 1751 2282 itaque

969 2290 1079 2323 nova,
1105 2283 1140 2316 et
1173 2291 1286 2326 super
1306 2281 1459 2318 modum
1486 2283 1750 2320 admirationis

968 2327 1145 2363 humanae
1167 2327 1205 2363 in
1227 2328 1376 2364 Domini
1404 2330 1599 2367 nativitate
1621 2342 1750 2377 occur-

968 2379 1099 2410 rerunt
1121 2386 1128 2410 :
1154 2376 1320 2422 Angelus
1341 2375 1378 2412 in
1401 2378 1540 2424 templo
1558 2378 1748 2415 zachartae

969 2421 1153 2467 l‹›quitur;
1176 2428 1325 2459 uterum
1345 2423 1536 2462 Elisabeth
1557 2425 1675 2462 filium
1695 2437 1752 2462 re-

968 2469 1173 2516 promittit;
1215 2481 1290 2506 non
1320 2472 1479 2508 credens
1512 2473 1656 2519 Angelo
1697 2484 1754 2509 sa-

969 2518 1102 2553 cerdos
1129 2518 1375 2562 obmutescit;
1399 2520 1537 2556 sterilis
1565 2520 1748 2566 concipit;

968 2565 1136 2600 Joannes
1175 2565 1212 2601 in
1248 2569 1354 2602 utero
1396 2567 1527 2603 matris
1566 2568 1749 2610 exsultat;

969 2612 1082 2658 Yirgo
1106 2612 1216 2658 parit,
1247 2613 1413 2650 Christus
1437 2615 1618 2650 Dominus
1643 2618 1752 2650 natus

969 2661 1016 2695 ab
1048 2660 1191 2706 Angelo
1223 2660 1428 2704 nuntIatur,
1458 2666 1493 2697 et
1526 2662 1625 2707 quod
1651 2663 1753 2697 salus

971 2707 1099 2742 mnndi
1144 2707 1189 2743 sit
1236 2708 1450 2753 pastoribus
1499 2709 1751 2754 pi·;edi‹·atur;

969 2755 1135 2801 gaudent
1171 2754 1317 2801 AngelI,
1353 2756 1536 2791 exsultant
1566 2760 1753 2801 [nstin-es,

1409 2803 1419 2819 θ

1584 2818 1601 2827 .-

1590 2828 1598 2846 Ι
