1902 3126
529 130 579 164 DE
616 128 873 163 MUTATIONE
909 131 1034 169 AQUAE
1071 129 1114 164 IN
1151 130 1307 164 VINUM.

99 204 300 248 signorum,
322 213 390 247 per
408 211 448 237 se
467 200 666 243 sactorum,
685 198 774 244 quia
792 203 882 235 ante
919 204 921 241 l

100 250 172 286 hoc
197 250 346 286 suerunt
373 248 480 293 signa
515 256 583 292 per
604 247 755 281 Patrem
783 245 882 281 sacta
920 274 921 278 ,

100 297 200 334 circa
223 297 359 343 ipsum.
378 297 421 331 Et
443 294 528 330 ideo
549 292 683 328 salsum
704 295 762 328 est
782 293 884 338 quod
920 303 921 308 ¹

98 344 237 381 dicitur
257 344 303 379 de
329 341 446 387 signis
474 338 695 386 puerilibus,
719 338 758 374 in
786 339 883 375 libro

99 391 148 428 de
166 389 324 427 infantia
357 386 576 431 Salvatoris,
598 389 634 421 et
655 386 692 421 in
715 388 882 432 Evange-

100 437 151 474 lio
171 439 446 474 Nazaraeorum.
467 432 567 469 Fecit
587 436 713 469 autem
736 434 820 478 hoc,
845 437 883 469 in

100 486 212 526 Cana,
240 483 327 518 villa
355 481 519 526 quadam
550 480 752 526 provincioe
777 482 881 518 Gali-

100 532 186 575 laeae‚
200 531 239 566 in
259 539 334 575 qua
350 528 452 572 villa,
469 526 681 564 ostenditur
695 528 799 564 locus
820 528 882 565 ubi
920 535 921 544 ¹

99 580 283 615 steterunt
318 575 476 621 hydriae,
502 578 539 611 et
575 575 779 611 triclinium
818 575 882 612 ubi

98 626 286 661 steterunt
315 633 475 665 mensae3
509 625 547 658 et
573 622 816 658 descenditur
836 623 883 659 ad

99 722 157 756 est
193 729 230 754 in
273 717 445 764 pluribus
476 716 560 753 aliis
590 716 681 752 locis
721 717 882 761 sanctis3

99 766 199 812 quod
217 766 313 801 sorte
335 764 470 800 accidit
495 767 650 810 propter
671 764 886 810 frequentes

98 812 373 850 destructiones
397 815 433 847 et
452 811 582 847 ruinas
599 812 716 847 saetas
739 812 777 847 in
796 812 882 848 illis.

97 862 145 898 Et
162 861 418 903 manifestavit
448 868 517 904 per
537 859 608 894 hoc
630 858 778 904 signum
813 861 889 903 910-

97 909 194 944 riam
213 918 331 947 suam,
355 905 392 942 id
411 910 466 942 est
483 905 686 952 gloriosam
709 907 888 943 latentem

98 955 138 992 in
160 965 275 992 carne
301 953 494 998 deitatem,
516 956 552 989 et
571 963 640 999 per
659 953 809 990 deitatis
830 965 890 1000 po-

98 1002 271 1045 tentiam,
288 1012 356 1048 per
370 1011 482 1047 quam
500 1001 581 1036 haec
596 1000 696 1045 fecit,
719 1005 753 1037 et
776 1012 889 1047 quam

99 1097 234 1135 divinae
268 1095 430 1139 virtutis,
461 1095 561 1141 quod
588 1095 667 1141 ipse
697 1099 797 1132 esset
817 1098 890 1132 Do-

98 1145 226 1181 minus
269 1143 450 1179 virtutum
493 1146 530 1179 et
563 1143 640 1178 Rex
673 1143 818 1189 gloriae,
855 1147 892 1180 et

99 1239 200 1286 quod
228 1249 307 1285 ipse
338 1241 437 1274 esset
459 1248 521 1282 qui
552 1242 686 1274 cuncta
709 1249 750 1274 ex
773 1238 890 1274 nihilo

99 1286 222 1333 potuit
247 1295 395 1329 creare,
417 1285 480 1330 qui
499 1284 628 1329 etiam,
648 1285 742 1321 sicut
763 1285 891 1322 Domi-

99 1344 184 1377 nus,
213 1333 369 1379 quaudo
398 1331 527 1376 voluit,
558 1332 678 1378 potuit
703 1333 892 1369 elementa

101 1382 325 1422 immutare3
363 1379 567 1415 ostendens
590 1379 656 1423 ita,
684 1381 892 1416 secundum

102 1428 416 1472 chrysostom-zum,
435 1426 615 1472 quoniam
634 1426 714 1473 ipse
736 1431 806 1471 est,
829 1427 891 1473 qui

99 1475 138 1512 'm
153 1475 271 1512 vineis
292 1484 430 1520 aquam
452 1477 698 1518 transmutat;
720 1474 891 1521 pluviam

101 1533 168 1577 per
186 1523 351 1558 radicem
373 1521 411 1557 in
431 1521 558 1557 vinum
574 1521 699 1566 vertit,
716 1522 892 1568 quodque

98 1581 138 1607 ln
193 1571 324 1616 planta
378 1579 445 1615 per
496 1569 657 1605 multum
708 1569 889 1615 temporis

99 1617 303 1664 quotannis
335 1616 391 1660 fit,
431 1616 502 1652 hoc
526 1619 682 1663 repente
711 1616 826 1652 semel
854 1616 892 1651 in

99 1664 239 1712 nuptiis
254 1668 431 1711 operatus
451 1666 520 1700 est.

147 1727 168 1760 9
188 1714 368 1748 Discn’cm
388 1722 424 1746 IN
444 1722 524 1746 flor:
544 1722 829 1747 CONFIRMANTUR.
846 1730 892 1737 —

99 1762 159 1801 Et,
178 1759 257 1795 viso
289 1757 472 1794 miraculo
493 1760 727 1794 crediderunt
751 1761 790 1794 in
811 1769 890 1794 eum

99 1808 275 1853 discipuli
297 1806 389 1851 ejus,
413 1805 554 1842 scilicet
582 1805 704 1852 magis
731 1806 892 1842 firmiter

99 1858 137 1892 et
174 1854 354 1901 perfecte,
386 1863 499 1898 quam
529 1857 617 1890 ante
651 1853 887 1890 miraculum.

101 1902 271 1938 Habebat
291 1900 391 1937 enim
406 1910 547 1946 paucos
564 1900 782 1947 discipulos,
795 1900 890 1937 sicut

100 1953 137 1986 et
169 1951 349 1991 Joanues,
381 1957 475 1992 quos
501 1948 737 1984 familiariter
777 1948 889 1984 doce-

100 1997 179 2040 bat,
206 2007 282 2032 non
330 1999 458 2030 tamen
487 1995 541 2031 sic
583 1995 891 2041 inseparabiliter

101 2044 353 2087 adhaerentes,
369 2044 406 2077 et
422 2043 587 2088 perfecte
597 2042 810 2086 credentes,
823 2043 892 2078 sic-

103 2095 143 2128 ut
187 2094 272 2138 post
325 2088 547 2127 miraculum
581 2101 589 2126 :
625 2090 692 2127 sed
735 2089 799 2135 qui
837 2089 890 2125 illi

102 2139 267 2182 suerunt,
284 2136 485 2174 nescimus.
504 2137 611 2174 Unde
635 2137 811 2174 dicuntur
833 2136 890 2172 di-

101 2185 406 2233 scipuli,propter
420 2185 607 2228 notitiam,
624 2188 661 2221 et
681 2184 889 2230 sequelam,

103 2236 140 2270 et
172 2238 343 2270 mutuum
374 2231 473 2269 inter
503 2232 694 2270 Christum
727 2236 764 2267 et
790 2232 891 2278 ipsos

102 2291 285 2324 amorem;
303 2280 374 2320 vel.
388 2282 476 2326 quia
487 2285 572 2327 post
584 2279 699 2316 futuri
717 2278 891 2325 discipuli

105 2332 216 2365 erant
237 2341 247 2363 :
275 2327 322 2364 ad
343 2329 497 2365 verbum
518 2327 621 2364 enim
639 2326 794 2379 Joannis
812 2326 892 2372 plu·

105 2386 166 2412 res
185 2385 271 2411 eum
290 2377 433 2412 occulte
458 2375 678 2418 audiebant,
707 2385 768 2420 qui
789 2377 892 2420 post-

105 2422 259 2459 modum
278 2423 432 2459 omuino
451 2433 537 2459 eum
555 2421 673 2459 secuti
686 2424 784 2458 sunt.
805 2422 894 2457 Pot-

105 2473 163 2507 est
189 2469 303 2506 etiam
329 2470 416 2514 diei,
441 2471 542 2516 quod
567 2468 698 2515 aliqui,
714 2469 892 2521 denoyo,

106 2517 146 2554 in
174 2528 259 2554 eum
290 2518 550 2561 erediderunt;
573 2520 609 2554 et
633 2516 686 2553 illi
709 2527 770 2562 qui
789 2526 894 2562 prius

105 2564 359 2609 crediderant,
384 2570 423 2602 ut
456 2565 629 2601 Andreas
661 2567 698 2600 et
720 2563 799 2608 alii,
823 2573 892 2609 per

106 2612 179 2650 hoc
209 2611 246 2648 in
268 2613 342 2649 [ide
368 2612 518 2649 solidati
539 2612 705 2649 fuerunt.
726 2610 794 2648 Ubi
815 2612 895 2646 Au-

107 2662 278 2706 qustinus
295 2673 306 2696 :
334 2675 346 2692 ι
365 2660 558 2706 Scriptura
576 2670 653 2696 non
671 2658 794 2696 solum
810 2657 896 2694 illos

109 2707 304 2745 duodenos
317 2708 482 2754 appellat
498 2707 703 2754 discipulos
721 2706 821 2759 eJus,
830 2705 897 2742 sed

112 2764 243 2792 omnes
263 2756 325 2802 qui
346 2756 385 2792 in
399 2766 487 2793 eum
511 2755 708 2792 credentes
723 2756 898 2801 magiste-

1679 133 1738 168 223

959 201 1016 237 rio
1047 202 1128 246 ejus
1152 202 1199 238 ad
1222 212 1378 248 regnum
1400 203 1582 240 coelorum
1610 204 1739 240 erudi·

958 249 1134 284 ebautur.
1158 263 1176 280 »

1010 309 1050 330 ιο
1072 296 1215 330 NUPTIAE
1235 308 1512 336 Qt·.›xnnt·1›1.1csss‚
1534 319 1575 324 —
1598 300 1741 335 Notan-

957 341 1046 376 dum
1070 341 1128 376 hic
1154 344 1267 387 quod,
1291 346 1495 381 secundum
1523 346 1740 393 quadrupli-

958 398 1039 423 cem
1071 397 1223 424 sensum
1258 401 1374 427 sarra:
1404 393 1619 439 Scripturas,
1651 404 1742 440 qua-

920 465 921 473 .
957 434 1144 480 druplices
1171 440 1257 471 sunt
1284 438 1437 484 nuptiae,
1466 441 1607 476 scilicet
1632 453 1640 477 :
1661 452 1741 477 car-

958 481 1056 518 nalis
1073 482 1336 528 copulationis,
1363 487 1566 523 secuudum
1589 498 1742 524 sensum

958 529 1179 573 litteralem3
1209 530 1345 566 ‹livinae
1374 534 1658 578 lucarnationis‚
1683 546 1742 572 se-

920 585 922 607 :
958 577 1122 612 cundum
1134 587 1287 613 sensum
1314 578 1575 625 allegoricun1;
1595 582 1744 628 spiritu-

922 659 923 666 ,
958 623 1029 660 alis
1043 624 1334 670 conjunctionis,
1362 628 1566 663 secundum
1589 639 1743 665 sensum

97 681 143 709 ea
158 682 227 724 per
248 670 375 717 plures
389 670 543 716 gradus,
562 670 631 706 sub
653 673 768 714 terra,
790 670 885 706 sicut
922 689 923 695 κ

958 671 1250 717 tropologicum,
1270 676 1307 708 et
1325 673 1445 709 beatae
1464 674 1667 718 fruitionis,
1690 687 1745 711 se-

959 718 1123 755 cundum
1142 729 1295 755 sensum
1317 721 1582 766 anagogicum.
1598 723 1648 757 De
1670 722 1745 767 pri-

961 766 1032 802 mis
1052 765 1205 812 nuptiis,
1231 767 1278 803 ad
1301 767 1479 812 litteram,
1502 771 1559 804 est
1585 779 1744 815 evange-

961 813 1051 849 lium
1079 824 1261 859 praesens.
1292 816 1377 851 Istis
1396 815 1538 862 nuptiis
1564 815 1746 852 interesse

962 861 1100 897 debent
1121 863 1238 897 Mater
1249 863 1402 906 Jesu,et
1419 862 1499 908 ipse
1515 864 1639 907 JesuS,
1662 874 1748 899 cum

963 907 1155 953 discipulis
1187 908 1282 953 suis;
1313 920 1381 956 per
1420 909 1514 947 istos
1546 913 1622 946 tres
1649 910 1749 946 enim

964 955 1225 1001 intelliguntur
1259 956 1333 993 tria
1369 957 1468 993 bona
1500 957 1746 994 matrimonii.

928 1030 929 1050 ἢ
965 1003 1133 1038 Primum
1162 1003 1305 1040 bonum
1339 1008 1395 1040 est
1430 1005 1525 1040 fides
1551 1005 1748 1050 castitatis,

98 1049 288 1097 gloriosus
309 1052 367 1085 est
385 1059 394 1091 ;
415 1048 620 1084 ostendens
633 1058 701 1094 per
715 1048 890 1084 effectum
928 1063 929 1072 ι

965 1051 1063 1095 quod
1086 1050 1273 1096 significat
1306 1055 1409 1087 casta
1436 1053 1554 1088 Mater
1574 1052 1748 1097 Domini;

928 1102 930 1143 ξ
965 1098 1170 1133 secundum
1197 1102 1252 1134 est
1275 1103 1553 1135 sacramentum
1577 1111 1584 1135 :
1609 1100 1752 1144 signifi-

928 1159 931 1188 ς
965 1149 1023 1181 cat
1066 1145 1165 1180 enim
1201 1146 1508 1192 conjunctionem
1546 1146 1752 1183 divinitatis

99 1192 199 1238 quod
225 1191 305 1244 ipse
329 1194 429 1226 esset
451 1191 618 1243 Sponsus
635 1190 832 1235 Ecclesiae3
855 1194 891 1226 ct
929 1194 931 1198 ’

965 1195 1001 1229 et
1024 1192 1272 1229 humanitatis
1290 1193 1327 1228 in
1347 1193 1508 1237 Christo,
1529 1194 1585 1229 vel
1614 1194 1750 1231 Christi

966 1243 1000 1275 et
1022 1239 1212 1283 Ecclesiae,
1236 1251 1347 1285 quam
1369 1251 1513 1277 sacram
1534 1252 1611 1277 rem
1640 1241 1753 1287 signi-

967 1288 1055 1322 ficat
1083 1290 1120 1322 et
1150 1287 1264 1323 efficit
1296 1287 1476 1332 Christus,
1500 1288 1561 1334 qui
1584 1288 1752 1325 intel-suit

968 1334 1126 1380 nuptiis;
1149 1335 1302 1371 tertium
1324 1339 1381 1371 est
1400 1336 1526 1381 proles
1547 1336 1752 1382 suscipien-

968 1382 1028 1425 da,
1052 1385 1088 1416 et
1105 1382 1300 1418 educanda
1317 1382 1355 1418 in
1380 1382 1453 1418 fide
1478 1383 1629 1427 Christi,
1653 1384 1753 1429 quod

968 1428 1184 1474 significant
1202 1429 1338 1466 Christi
1353 1429 1540 1476 discipuli.
1560 1452 1593 1456 μ-
1619 1432 1754 1467 Secun-

968 1476 1025 1511 da}
1044 1476 1183 1522 nuptiae
1202 1476 1413 1522 allegoricae
1433 1480 1520 1513 sunt
1539 1477 1675 1513 divinae
1698 1480 1755 1514 In-

968 1523 1210 1560 carnationis.
1223 1525 1263 1559 ln
1277 1524 1337 1560 his
1356 1524 1500 1570 nuptiis
1518 1535 1677 1571 sponsus
1697 1529 1755 1561 est

930 1591 933 1597 ι
968 1570 1082 1606 Filius
1104 1570 1186 1615 Dei,
1206 1572 1370 1607 Verbum
1403 1575 1614 1615 aeternum3
1644 1583 1755 1618 spon-

934 2709 939 2790 l

968 1628 1009 1653 sa
1027 1619 1301 1661 vero‚humana
1312 1620 1509 1654 natura.1n
1520 1618 1578 1655 his
1598 1619 1752 1665 nuptiis,

968 1664 1134 1700 totaliter
1156 1665 1226 1701 suit
1248 1666 1368 1702 Mater
1392 1667 1496 1710 Jesu,
1530 1669 1567 1702 et
1594 1666 1673 1712 ipse
1692 1668 1754 1703 Je-

968 1723 1045 1756 sus,
1066 1715 1101 1748 et
1117 1712 1291 1759 discipuli
1311 1714 1394 1759 ejus
1411 1712 1540 1758 futuri,
1563 1724 1657 1759 quos
1677 1715 1754 1750 ele-

967 1759 1021 1805 git
1047 1759 1087 1795 in
1124 1760 1221 1806 ipso,
1260 1763 1349 1797 ante
1386 1760 1517 1797 mundi
1540 1761 1753 1797 constituti-

967 1817 1092 1843 onem.
1117 1809 1256 1844 Harum
1277 1818 1366 1844 vero
1389 1808 1607 1854 nuptiarum
1627 1809 1753 1855 proles

968 1859 1055 1890 sunt
1080 1865 1213 1891 omnes
1233 1855 1296 1901 qui
1314 1856 1473 1892 credunt
1493 1855 1532 1892 in
1556 1866 1656 1892 eum.
1678 1856 1753 1892 Ali-

968 1906 1037 1946 ter,
1065 1901 1147 1938 istae
1171 1902 1312 1948 nuptiae
1343 1902 1546 1948 allegorice
1579 1903 1755 1940 dicuntur

967 1960 1050 1985 esse
1078 1949 1177 1986 inter
1207 1949 1396 1986 Christum
1420 1960 1600 1996 sponsum
1630 1953 1666 1986 et
1692 1952 1756 1986 Ec-

967 1996 1120 2032 clesiam
1135 2007 1327 2042 sponsam,
1350 2007 1509 2042 quarum
1536 1996 1755 2043 nuptiarum

967 2043 1092 2089 proles
1114 2047 1201 2079 sunt
1223 2054 1357 2080 omnes
1378 2044 1524 2088 fideles,
1545 2047 1582 2080 et
1603 2044 1700 2080 redit
1715 2044 1753 2080 in

967 2091 1067 2126 idem
1088 2101 1171 2126 cum
1191 2091 1270 2137 J'am
1298 2091 1516 2137 praemissis.
1550 2112 1596 2117 -—
1621 2092 1755 2128 Tertiae

968 2138 1106 2183 nuptiae
1140 2142 1228 2174 sunt
1262 2138 1520 2184 tropologicas,
1545 2138 1752 2185 spiritualis

967 2185 1428 2232 videlicetconjunetionis
1443 2186 1510 2222 Dei
1527 2189 1564 2221 et
1584 2185 1719 2222 animae
1741 2198 1750 2230 ;

967 2233 1004 2268 in
1044 2233 1103 2268 his
1135 2233 1276 2279 nuptiis
1303 2232 1517 2270 consistunt
1546 2233 1619 2269 tria
1651 2234 1753 2270 bona

968 2279 1132 2326 conjugii
1177 2292 1185 2316 :
1223 2280 1333 2326 fides,
1365 2280 1504 2327 proles,
1532 2291 1754 2317 sacramen-

968 2331 1060 2362 tum.
1089 2348 1132 2354 —-
1152 2328 1303 2371 Quartae
1332 2327 1475 2375 nuptiae
1497 2330 1585 2364 sunt
1614 2339 1751 2374 anago-

968 2374 1060 2420 gicae
1082 2377 1118 2410 et
1136 2375 1325 2420 coelestes,
1346 2375 1385 2411 in
1407 2376 1545 2422 quibus
1571 2375 1750 2421 gaudium

968 2426 1138 2458 nostrum
1171 2422 1242 2459 erit
1269 2423 1434 2468 plenum.
1467 2423 1571 2460 Unde
1592 2422 1630 2457 in
1652 2424 1751 2467 Apo-

968 2469 1107 2516 calypsi
1140 2481 1149 2505 ε
1176 2471 1421 2512 Gaudeamus,
1454 2474 1488 2506 et
1515 2471 1750 2512 exsultemus,

967 2521 1001 2552 et
1021 2521 1147 2553 demus
1164 2519 1321 2562 gloriam
1340 2520 1410 2554 Deo
1432 2533 1441 2554 :
1465 2519 1554 2563 quia
1580 2519 1753 2552 venerunt

934 2586 937 2595 ·
967 2567 1106 2610 nuptiae
1121 2566 1236 2610 Aqui.
1258 2569 1293 2602 et
1312 2576 1408 2602 umor
1428 2565 1506 2609 ejus
1526 2564 1753 2609 praeparavit

967 2622 1016 2647 se.
1039 2612 1095 2648 Ad
1116 2613 1185 2649 has
1212 2613 1363 2660 nuptias
1394 2623 1472 2648 non
1498 2610 1656 2663 intrant,
1681 2608 1753 2645 nisi

969 2659 1084 2704 beati,
1120 2659 1185 2706 qui
1237 2661 1285 2697 ad
1336 2669 1483 2696 coenam
1534 2661 1753 2710 nuptiarum

969 2706 1064 2754 Agni
1085 2706 1206 2744 vocati
1226 2711 1326 2752 sunt,
1344 2706 1474 2754 quales
1494 2705 1754 2751 suntvirgmes

969 2754 1189 2802 prudentes,
1241 2765 1325 2802 quae
1377 2753 1615 2790 intraverunt
1667 2760 1753 2789 eum
