<?xml version="1.0" encoding="UTF-8"?>
<!DOCTYPE html PUBLIC "-//W3C//DTD XHTML 1.0 Transitional//EN"
    "http://www.w3.org/TR/xhtml1/DTD/xhtml1-transitional.dtd">
<html xmlns="http://www.w3.org/1999/xhtml" xml:lang="en" lang="en">
 <head>
  <title>
</title>
<meta http-equiv="Content-Type" content="text/html;charset=utf-8" />
  <meta name='ocr-system' content='tesseract 3.04.00' />
  <meta name='ocr-capabilities' content='ocr_page ocr_carea ocr_par ocr_line ocrx_word'/>
</head>
<body>
  <div class='ocr_page' id='page_1' title='image "./vitajesuchristie01ludouoft_0184.png"; bbox 0 0 1902 3126; ppageno 0'>
   <div class='ocr_carea' id='block_1_1' title="bbox 174 198 1275 237">
    <p class='ocr_par' dir='ltr' id='par_1_1' title="bbox 174 198 1275 237">
     <span class='ocr_line' id='line_1_1' title="bbox 174 198 1275 237; baseline -0.005 -1"><span class='ocrx_word' id='word_1_1' title='bbox 174 203 235 237; x_wconf 85' lang='lat'>170</span> <span class='ocrx_word' id='word_1_2' title='bbox 673 198 815 234; x_wconf 78' lang='lat' dir='ltr'>PRIMAE</span> <span class='ocrx_word' id='word_1_3' title='bbox 850 199 1006 235; x_wconf 76' lang='lat' dir='ltr'>PARTIS</span> <span class='ocrx_word' id='word_1_4' title='bbox 1042 198 1176 233; x_wconf 84' lang='lat' dir='ltr'>CAPUT</span> <span class='ocrx_word' id='word_1_5' title='bbox 1209 198 1275 232; x_wconf 85' lang='lat' dir='ltr'>XX</span> 
     </span>
    </p>
   </div>
   <div class='ocr_carea' id='block_1_2' title="bbox 904 317 1073 354">
    <p class='ocr_par' dir='ltr' id='par_1_2' title="bbox 904 317 1073 354">
     <span class='ocr_line' id='line_1_2' title="bbox 904 317 1073 354; baseline -0.012 0"><span class='ocrx_word' id='word_1_6' title='bbox 904 317 1073 354; x_wconf 87' lang='lat' dir='ltr'>ORATIO</span> 
     </span>
    </p>
   </div>
   <div class='ocr_carea' id='block_1_3' title="bbox 175 405 1861 738">
    <p class='ocr_par' dir='ltr' id='par_1_3' title="bbox 175 405 1861 738">
     <span class='ocr_line' id='line_1_3' title="bbox 220 405 1861 457; baseline -0.004 -10"><span class='ocrx_word' id='word_1_7' title='bbox 220 411 400 455; x_wconf 88' lang='lat' dir='ltr'>Joannes,</span> <span class='ocrx_word' id='word_1_8' title='bbox 418 409 634 447; x_wconf 82' lang='lat' dir='ltr'>beatissime</span> <span class='ocrx_word' id='word_1_9' title='bbox 654 421 866 457; x_wconf 78' lang='lat' dir='ltr'>praecursor</span> <span class='ocrx_word' id='word_1_10' title='bbox 890 410 1041 454; x_wconf 88' lang='lat' dir='ltr'>Christi,</span> <span class='ocrx_word' id='word_1_11' title='bbox 1066 420 1188 455; x_wconf 75' lang='lat' dir='ltr'>praeco</span> <span class='ocrx_word' id='word_1_12' title='bbox 1220 408 1375 454; x_wconf 86' lang='lat' dir='ltr'>Judicis,</span> <span class='ocrx_word' id='word_1_13' title='bbox 1397 407 1538 445; x_wconf 88' lang='lat' dir='ltr'>amicus</span> <span class='ocrx_word' id='word_1_14' title='bbox 1565 405 1715 452; x_wconf 80' lang='lat' dir='ltr'>sponsi,</span> <span class='ocrx_word' id='word_1_15' title='bbox 1733 416 1802 442; x_wconf 86' lang='lat' dir='ltr'>vox</span> <span class='ocrx_word' id='word_1_16' title='bbox 1858 418 1861 420; x_wconf 56' lang='lat'><strong><em>¹</em></strong></span> 
     </span>
     <span class='ocr_line' id='line_1_4' title="bbox 175 453 1805 503; baseline -0.002 -9"><span class='ocrx_word' id='word_1_17' title='bbox 175 456 289 494; x_wconf 87' lang='lat' dir='ltr'>Verbi</span> <span class='ocrx_word' id='word_1_18' title='bbox 308 456 437 501; x_wconf 92' lang='lat' dir='ltr'>divini,</span> <span class='ocrx_word' id='word_1_19' title='bbox 459 458 520 503; x_wconf 89' lang='lat' dir='ltr'>qui</span> <span class='ocrx_word' id='word_1_20' title='bbox 543 457 717 494; x_wconf 89' lang='lat' dir='ltr'>solatium</span> <span class='ocrx_word' id='word_1_21' title='bbox 740 462 878 494; x_wconf 79' lang='lat' dir='ltr'>nostrae</span> <span class='ocrx_word' id='word_1_22' title='bbox 897 457 1177 502; x_wconf 74' lang='lat' dir='ltr'>Redemptioni&#39;s</span> <span class='ocrx_word' id='word_1_23' title='bbox 1195 456 1418 492; x_wconf 87' lang='lat' dir='ltr'>annuntiare</span> <span class='ocrx_word' id='word_1_24' title='bbox 1438 454 1622 498; x_wconf 84' lang='lat' dir='ltr'>meruisti,</span> <span class='ocrx_word' id='word_1_25' title='bbox 1642 453 1805 499; x_wconf 84' lang='lat' dir='ltr'>impetra</span> 
     </span>
     <span class='ocr_line' id='line_1_5' title="bbox 176 499 1806 550; baseline -0.004 -9"><span class='ocrx_word' id='word_1_26' title='bbox 176 503 269 541; x_wconf 86' lang='lat' dir='ltr'>mihi</span> <span class='ocrx_word' id='word_1_27' title='bbox 287 503 425 540; x_wconf 86' lang='lat' dir='ltr'>misero</span> <span class='ocrx_word' id='word_1_28' title='bbox 444 504 544 550; x_wconf 90' lang='lat' dir='ltr'>apud</span> <span class='ocrx_word' id='word_1_29' title='bbox 564 505 737 541; x_wconf 92' lang='lat' dir='ltr'>eumdem</span> <span class='ocrx_word' id='word_1_30' title='bbox 761 504 959 540; x_wconf 85' lang='lat' dir='ltr'>Dominum</span> <span class='ocrx_word' id='word_1_31' title='bbox 987 508 1156 539; x_wconf 85' lang='lat' dir='ltr'>nostrum</span> <span class='ocrx_word' id='word_1_32' title='bbox 1180 505 1307 539; x_wconf 89' lang='lat' dir='ltr'>Jesum</span> <span class='ocrx_word' id='word_1_33' title='bbox 1331 502 1532 545; x_wconf 79' lang='lat' dir='ltr'>Christum,</span> <span class='ocrx_word' id='word_1_34' title='bbox 1554 500 1629 537; x_wconf 90' lang='lat' dir='ltr'>tuis</span> <span class='ocrx_word' id='word_1_35' title='bbox 1649 499 1806 536; x_wconf 80' lang='lat' dir='ltr'>sanctis-</span> 
     </span>
     <span class='ocr_line' id='line_1_6' title="bbox 176 549 1804 598; baseline -0.003 -11"><span class='ocrx_word' id='word_1_36' title='bbox 176 550 281 587; x_wconf 84' lang='lat' dir='ltr'>simis</span> <span class='ocrx_word' id='word_1_37' title='bbox 309 550 495 597; x_wconf 83' lang='lat' dir='ltr'>precibus‚</span> <span class='ocrx_word' id='word_1_38' title='bbox 524 556 577 596; x_wconf 90' lang='lat' dir='ltr'>ut,</span> <span class='ocrx_word' id='word_1_39' title='bbox 608 555 767 598; x_wconf 57' lang='lat' dir='ltr'>purg-ato</span> <span class='ocrx_word' id='word_1_40' title='bbox 794 562 815 587; x_wconf 89' lang='lat' dir='ltr'>a</span> <span class='ocrx_word' id='word_1_41' title='bbox 840 550 940 585; x_wconf 85' lang='lat' dir='ltr'>vitiis</span> <span class='ocrx_word' id='word_1_42' title='bbox 964 554 1125 594; x_wconf 85' lang='lat' dir='ltr'>pectore,</span> <span class='ocrx_word' id='word_1_43' title='bbox 1149 553 1185 585; x_wconf 88' lang='lat' dir='ltr'>et</span> <span class='ocrx_word' id='word_1_44' title='bbox 1206 553 1337 584; x_wconf 84' lang='lat' dir='ltr'>ornato</span> <span class='ocrx_word' id='word_1_45' title='bbox 1357 549 1571 592; x_wconf 84' lang='lat' dir='ltr'>vlrtutibus,</span> <span class='ocrx_word' id='word_1_46' title='bbox 1593 557 1723 594; x_wconf 85' lang='lat' dir='ltr'>parem</span> <span class='ocrx_word' id='word_1_47' title='bbox 1745 556 1804 582; x_wconf 76' lang='lat' dir='ltr'>se-</span> 
     </span>
     <span class='ocr_line' id='line_1_7' title="bbox 176 594 1806 640; baseline -0.003 -6"><span class='ocrx_word' id='word_1_48' title='bbox 176 598 338 634; x_wconf 87' lang='lat' dir='ltr'>cundum</span> <span class='ocrx_word' id='word_1_49' title='bbox 357 597 523 634; x_wconf 85' lang='lat' dir='ltr'>salubria</span> <span class='ocrx_word' id='word_1_50' title='bbox 543 603 606 634; x_wconf 90' lang='lat' dir='ltr'>tua</span> <span class='ocrx_word' id='word_1_51' title='bbox 620 598 762 634; x_wconf 89' lang='lat' dir='ltr'>monita</span> <span class='ocrx_word' id='word_1_52' title='bbox 778 597 876 633; x_wconf 93' lang='lat' dir='ltr'>viam</span> <span class='ocrx_word' id='word_1_53' title='bbox 895 596 1056 635; x_wconf 68' lang='lat' dir='ltr'>Domini,</span> <span class='ocrx_word' id='word_1_54' title='bbox 1076 600 1112 631; x_wconf 87' lang='lat' dir='ltr'>et</span> <span class='ocrx_word' id='word_1_55' title='bbox 1133 599 1254 631; x_wconf 86' lang='lat' dir='ltr'>rectas</span> <span class='ocrx_word' id='word_1_56' title='bbox 1275 595 1409 631; x_wconf 83' lang='lat' dir='ltr'>faciam</span> <span class='ocrx_word' id='word_1_57' title='bbox 1428 594 1580 630; x_wconf 81' lang='lat' dir='ltr'>semitas</span> <span class='ocrx_word' id='word_1_58' title='bbox 1601 595 1696 640; x_wconf 90' lang='lat' dir='ltr'>ejus,</span> <span class='ocrx_word' id='word_1_59' title='bbox 1716 602 1806 639; x_wconf 85' lang='lat' dir='ltr'>qua·</span> 
     </span>
     <span class='ocr_line' id='line_1_8' title="bbox 176 640 1802 691; baseline -0.003 -11"><span class='ocrx_word' id='word_1_60' title='bbox 176 647 287 681; x_wconf 89' lang='lat' dir='ltr'>tenus</span> <span class='ocrx_word' id='word_1_61' title='bbox 305 644 345 680; x_wconf 93' lang='lat' dir='ltr'>in</span> <span class='ocrx_word' id='word_1_62' title='bbox 364 648 528 681; x_wconf 86' lang='lat' dir='ltr'>extremo</span> <span class='ocrx_word' id='word_1_63' title='bbox 545 645 701 691; x_wconf 87' lang='lat' dir='ltr'>judicio,</span> <span class='ocrx_word' id='word_1_64' title='bbox 725 655 808 680; x_wconf 92' lang='lat' dir='ltr'>cum</span> <span class='ocrx_word' id='word_1_65' title='bbox 831 654 958 680; x_wconf 87' lang='lat' dir='ltr'>arcam</span> <span class='ocrx_word' id='word_1_66' title='bbox 977 642 1149 678; x_wconf 61' lang='lat' dir='ltr'>Ecclesia}</span> <span class='ocrx_word' id='word_1_67' title='bbox 1167 653 1244 677; x_wconf 85' lang='lat' dir='ltr'>suae</span> <span class='ocrx_word' id='word_1_68' title='bbox 1267 640 1515 685; x_wconf 86' lang='lat' dir='ltr'>mundaverit,</span> <span class='ocrx_word' id='word_1_69' title='bbox 1541 643 1577 676; x_wconf 83' lang='lat' dir='ltr'>et</span> <span class='ocrx_word' id='word_1_70' title='bbox 1597 640 1802 691; x_wconf 43' lang='lat' dir='ltr'>triticum-a</span> 
     </span>
     <span class='ocr_line' id='line_1_9' title="bbox 177 685 1805 738; baseline -0.004 -11"><span class='ocrx_word' id='word_1_71' title='bbox 177 690 295 737; x_wconf 89' lang='lat' dir='ltr'>paleis</span> <span class='ocrx_word' id='word_1_72' title='bbox 330 691 573 738; x_wconf 76' lang='lat' dir='ltr'>separaverit,</span> <span class='ocrx_word' id='word_1_73' title='bbox 596 702 743 727; x_wconf 88' lang='lat' dir='ltr'>merear</span> <span class='ocrx_word' id='word_1_74' title='bbox 776 690 874 726; x_wconf 88' lang='lat' dir='ltr'>inter</span> <span class='ocrx_word' id='word_1_75' title='bbox 899 700 1018 735; x_wconf 87' lang='lat' dir='ltr'>grana</span> <span class='ocrx_word' id='word_1_76' title='bbox 1037 689 1164 733; x_wconf 84' lang='lat' dir='ltr'>tritici,</span> <span class='ocrx_word' id='word_1_77' title='bbox 1186 692 1224 724; x_wconf 91' lang='lat' dir='ltr'>et</span> <span class='ocrx_word' id='word_1_78' title='bbox 1245 690 1384 725; x_wconf 88' lang='lat' dir='ltr'>electos</span> <span class='ocrx_word' id='word_1_79' title='bbox 1404 698 1492 724; x_wconf 88' lang='lat' dir='ltr'>suos</span> <span class='ocrx_word' id='word_1_80' title='bbox 1511 685 1689 731; x_wconf 84' lang='lat' dir='ltr'>inveniri,</span> <span class='ocrx_word' id='word_1_81' title='bbox 1709 688 1747 722; x_wconf 86' lang='lat' dir='ltr'>et</span> <span class='ocrx_word' id='word_1_82' title='bbox 1765 695 1805 722; x_wconf 87' lang='lat' dir='ltr'>ln</span> 
     </span>
    </p>
   </div>
   <div class='ocr_carea' id='block_1_4' title="bbox 177 736 1269 782">
    <p class='ocr_par' dir='ltr' id='par_1_4' title="bbox 177 736 1269 782">
     <span class='ocr_line' id='line_1_10' title="bbox 177 736 1269 782; baseline -0.004 -7"><span class='ocrx_word' id='word_1_83' title='bbox 177 739 357 775; x_wconf 89' lang='lat' dir='ltr'>horreum</span> <span class='ocrx_word' id='word_1_84' title='bbox 381 738 544 775; x_wconf 87' lang='lat' dir='ltr'>coelestis</span> <span class='ocrx_word' id='word_1_85' title='bbox 563 737 769 775; x_wconf 81' lang='lat' dir='ltr'>mansionis</span> <span class='ocrx_word' id='word_1_86' title='bbox 790 747 874 773; x_wconf 84' lang='lat' dir='ltr'>cum</span> <span class='ocrx_word' id='word_1_87' title='bbox 894 737 949 773; x_wconf 89' lang='lat' dir='ltr'>eis</span> <span class='ocrx_word' id='word_1_88' title='bbox 968 736 1112 782; x_wconf 88' lang='lat' dir='ltr'>reponi.</span> <span class='ocrx_word' id='word_1_89' title='bbox 1135 737 1269 772; x_wconf 88' lang='lat' dir='ltr'>Amen.</span> 
     </span>
    </p>
   </div>
   <div class='ocr_carea' id='block_1_5' title="bbox 854 947 1140 994">
    <p class='ocr_par' dir='ltr' id='par_1_5' title="bbox 854 947 1140 994">
     <span class='ocr_line' id='line_1_11' title="bbox 854 947 1140 994; baseline -0.003 0"><span class='ocrx_word' id='word_1_90' title='bbox 854 947 1033 994; x_wconf 90' lang='lat' dir='ltr'><strong>CAPUT</strong></span> <span class='ocrx_word' id='word_1_91' title='bbox 1054 948 1140 994; x_wconf 91' lang='lat' dir='ltr'>XX</span> 
     </span>
    </p>
   </div>
   <div class='ocr_carea' id='block_1_6' title="bbox 712 1096 1267 1126">
    <p class='ocr_par' dir='ltr' id='par_1_6' title="bbox 712 1096 1267 1126">
     <span class='ocr_line' id='line_1_12' title="bbox 712 1096 1267 1126; baseline -0.002 0"><span class='ocrx_word' id='word_1_92' title='bbox 712 1096 762 1126; x_wconf 92' lang='lat' dir='ltr'>DE</span> <span class='ocrx_word' id='word_1_93' title='bbox 784 1097 1040 1126; x_wconf 82' lang='lat' dir='ltr'><strong>POENITENTIA</strong></span> <span class='ocrx_word' id='word_1_94' title='bbox 1057 1097 1267 1126; x_wconf 84' lang='lat' dir='ltr'><strong>FACIENDA.</strong></span> 
     </span>
    </p>
   </div>
   <div class='ocr_carea' id='block_1_7' title="bbox 169 1224 955 2813">
    <p class='ocr_par' dir='ltr' id='par_1_7' title="bbox 169 1224 955 2813">
     <span class='ocr_line' id='line_1_13' title="bbox 229 1224 952 1269; baseline 0 -8"><span class='ocrx_word' id='word_1_95' title='bbox 229 1239 242 1261; x_wconf 92' lang='lat'>1</span> <span class='ocrx_word' id='word_1_96' title='bbox 263 1226 491 1261; x_wconf 76' lang='lat' dir='ltr'>POENITENTIA</span> <span class='ocrx_word' id='word_1_97' title='bbox 510 1235 579 1261; x_wconf 82' lang='lat' dir='ltr'>Duo</span> <span class='ocrx_word' id='word_1_98' title='bbox 594 1235 774 1266; x_wconf 75' lang='lat' dir='ltr'>REQunuT.</span> <span class='ocrx_word' id='word_1_99' title='bbox 793 1245 840 1251; x_wconf 92' lang='lat'>—</span> <span class='ocrx_word' id='word_1_100' title='bbox 858 1224 952 1269; x_wconf 87' lang='lat' dir='ltr'>Quia</span> 
     </span>
     <span class='ocr_line' id='line_1_14' title="bbox 173 1271 950 1318; baseline 0 -10"><span class='ocrx_word' id='word_1_101' title='bbox 173 1283 264 1309; x_wconf 82' lang='lat' dir='ltr'>vero</span> <span class='ocrx_word' id='word_1_102' title='bbox 296 1273 342 1308; x_wconf 89' lang='lat' dir='ltr'>de</span> <span class='ocrx_word' id='word_1_103' title='bbox 376 1271 612 1318; x_wconf 85' lang='lat' dir='ltr'>poenitentia,</span> <span class='ocrx_word' id='word_1_104' title='bbox 643 1282 711 1318; x_wconf 90' lang='lat' dir='ltr'>per</span> <span class='ocrx_word' id='word_1_105' title='bbox 748 1283 859 1318; x_wconf 88' lang='lat' dir='ltr'>quam</span> <span class='ocrx_word' id='word_1_106' title='bbox 891 1283 950 1308; x_wconf 88' lang='lat' dir='ltr'>re-</span> 
     </span>
     <span class='ocr_line' id='line_1_15' title="bbox 175 1318 952 1365; baseline 0 -11"><span class='ocrx_word' id='word_1_107' title='bbox 175 1329 291 1365; x_wconf 86' lang='lat' dir='ltr'>gnum</span> <span class='ocrx_word' id='word_1_108' title='bbox 313 1319 493 1355; x_wconf 86' lang='lat' dir='ltr'>coelorum</span> <span class='ocrx_word' id='word_1_109' title='bbox 523 1318 814 1365; x_wconf 81' lang='lat' dir='ltr'>appropinquat,</span> <span class='ocrx_word' id='word_1_110' title='bbox 836 1322 874 1355; x_wconf 88' lang='lat' dir='ltr'>et</span> <span class='ocrx_word' id='word_1_111' title='bbox 892 1320 952 1354; x_wconf 87' lang='lat' dir='ltr'>via</span> 
     </span>
     <span class='ocr_line' id='line_1_16' title="bbox 173 1365 952 1412; baseline 0 -11"><span class='ocrx_word' id='word_1_112' title='bbox 173 1365 325 1402; x_wconf 89' lang='lat' dir='ltr'>Domini</span> <span class='ocrx_word' id='word_1_113' title='bbox 341 1369 508 1412; x_wconf 86' lang='lat' dir='ltr'>paratur,</span> <span class='ocrx_word' id='word_1_114' title='bbox 530 1369 668 1401; x_wconf 88' lang='lat' dir='ltr'>tactum</span> <span class='ocrx_word' id='word_1_115' title='bbox 687 1369 743 1401; x_wconf 86' lang='lat' dir='ltr'>est</span> <span class='ocrx_word' id='word_1_116' title='bbox 762 1365 801 1401; x_wconf 89' lang='lat' dir='ltr'>in</span> <span class='ocrx_word' id='word_1_117' title='bbox 814 1376 952 1412; x_wconf 86' lang='lat' dir='ltr'>praece-</span> 
     </span>
     <span class='ocr_line' id='line_1_17' title="bbox 176 1412 951 1459; baseline -0.001 -10"><span class='ocrx_word' id='word_1_118' title='bbox 176 1412 365 1456; x_wconf 82' lang='lat' dir='ltr'>dentibus,</span> <span class='ocrx_word' id='word_1_119' title='bbox 388 1423 488 1448; x_wconf 88' lang='lat' dir='ltr'>nunc</span> <span class='ocrx_word' id='word_1_120' title='bbox 508 1416 784 1458; x_wconf 83' lang='lat' dir='ltr'>consequenter</span> <span class='ocrx_word' id='word_1_121' title='bbox 803 1414 849 1449; x_wconf 87' lang='lat' dir='ltr'>de</span> <span class='ocrx_word' id='word_1_122' title='bbox 869 1413 951 1459; x_wconf 86' lang='lat' dir='ltr'>ipsa</span> 
     </span>
     <span class='ocr_line' id='line_1_18' title="bbox 174 1459 952 1505; baseline 0 -10"><span class='ocrx_word' id='word_1_123' title='bbox 174 1459 448 1505; x_wconf 84' lang='lat' dir='ltr'>aliquantulum</span> <span class='ocrx_word' id='word_1_124' title='bbox 463 1459 575 1494; x_wconf 78' lang='lat' dir='ltr'>latIus</span> <span class='ocrx_word' id='word_1_125' title='bbox 590 1459 798 1495; x_wconf 87' lang='lat' dir='ltr'>videamus.</span> <span class='ocrx_word' id='word_1_126' title='bbox 818 1460 875 1495; x_wconf 88' lang='lat' dir='ltr'>Ad</span> <span class='ocrx_word' id='word_1_127' title='bbox 893 1470 952 1495; x_wconf 86' lang='lat' dir='ltr'>ve-</span> 
     </span>
     <span class='ocr_line' id='line_1_19' title="bbox 173 1505 953 1552; baseline 0.001 -11"><span class='ocrx_word' id='word_1_128' title='bbox 173 1517 256 1542; x_wconf 89' lang='lat' dir='ltr'>ram</span> <span class='ocrx_word' id='word_1_129' title='bbox 276 1506 399 1552; x_wconf 88' lang='lat' dir='ltr'>itaque</span> <span class='ocrx_word' id='word_1_130' title='bbox 414 1505 690 1551; x_wconf 85' lang='lat' dir='ltr'>poenitentiam,</span> <span class='ocrx_word' id='word_1_131' title='bbox 712 1517 823 1552; x_wconf 88' lang='lat' dir='ltr'>quam</span> <span class='ocrx_word' id='word_1_132' title='bbox 846 1517 953 1542; x_wconf 89' lang='lat' dir='ltr'>amor</span> 
     </span>
     <span class='ocr_line' id='line_1_20' title="bbox 174 1552 951 1597; baseline 0.001 -9"><span class='ocrx_word' id='word_1_133' title='bbox 174 1552 240 1588; x_wconf 91' lang='lat' dir='ltr'>Dei</span> <span class='ocrx_word' id='word_1_134' title='bbox 261 1556 298 1589; x_wconf 90' lang='lat' dir='ltr'>et</span> <span class='ocrx_word' id='word_1_135' title='bbox 318 1552 445 1588; x_wconf 87' lang='lat' dir='ltr'>odium</span> <span class='ocrx_word' id='word_1_136' title='bbox 475 1552 617 1597; x_wconf 88' lang='lat' dir='ltr'>peccati</span> <span class='ocrx_word' id='word_1_137' title='bbox 644 1553 745 1596; x_wconf 80' lang='lat' dir='ltr'>facit,</span> <span class='ocrx_word' id='word_1_138' title='bbox 765 1557 852 1589; x_wconf 88' lang='lat' dir='ltr'>ante</span> <span class='ocrx_word' id='word_1_139' title='bbox 872 1563 951 1589; x_wconf 93' lang='lat' dir='ltr'>om-</span> 
     </span>
     <span class='ocr_line' id='line_1_21' title="bbox 173 1599 955 1644; baseline 0.001 -10"><span class='ocrx_word' id='word_1_140' title='bbox 173 1599 239 1635; x_wconf 84' lang='lat' dir='ltr'>nia</span> <span class='ocrx_word' id='word_1_141' title='bbox 269 1600 341 1635; x_wconf 91' lang='lat' dir='ltr'>duo</span> <span class='ocrx_word' id='word_1_142' title='bbox 380 1599 632 1644; x_wconf 85' lang='lat' dir='ltr'>requiruntur,</span> <span class='ocrx_word' id='word_1_143' title='bbox 672 1599 814 1635; x_wconf 87' lang='lat' dir='ltr'>scilicet</span> <span class='ocrx_word' id='word_1_144' title='bbox 855 1600 955 1644; x_wconf 90' lang='lat' dir='ltr'>quod</span> 
     </span>
     <span class='ocr_line' id='line_1_22' title="bbox 171 1645 954 1692; baseline 0 -11"><span class='ocrx_word' id='word_1_145' title='bbox 171 1649 346 1691; x_wconf 86' lang='lat' dir='ltr'>peccator</span> <span class='ocrx_word' id='word_1_146' title='bbox 361 1646 407 1681; x_wconf 92' lang='lat' dir='ltr'>de</span> <span class='ocrx_word' id='word_1_147' title='bbox 425 1645 586 1692; x_wconf 87' lang='lat' dir='ltr'>peccatis</span> <span class='ocrx_word' id='word_1_148' title='bbox 605 1646 804 1691; x_wconf 65' lang='lat' dir='ltr'>praeteritis</span> <span class='ocrx_word' id='word_1_149' title='bbox 816 1647 954 1690; x_wconf 86' lang='lat' dir='ltr'>doleat,</span> 
     </span>
     <span class='ocr_line' id='line_1_23' title="bbox 173 1693 954 1738; baseline 0.001 -10"><span class='ocrx_word' id='word_1_150' title='bbox 173 1695 210 1728; x_wconf 86' lang='lat' dir='ltr'>et</span> <span class='ocrx_word' id='word_1_151' title='bbox 225 1703 431 1738; x_wconf 82' lang='lat' dir='ltr'>numquam</span> <span class='ocrx_word' id='word_1_152' title='bbox 442 1693 574 1728; x_wconf 82' lang='lat' dir='ltr'>iterata</span> <span class='ocrx_word' id='word_1_153' title='bbox 582 1693 661 1729; x_wconf 88' lang='lat' dir='ltr'>vice</span> <span class='ocrx_word' id='word_1_154' title='bbox 681 1694 874 1738; x_wconf 84' lang='lat' dir='ltr'>peccandi,</span> <span class='ocrx_word' id='word_1_155' title='bbox 890 1694 954 1728; x_wconf 80' lang='lat' dir='ltr'>fir-</span> 
     </span>
     <span class='ocr_line' id='line_1_24' title="bbox 174 1740 953 1776; baseline 0 -2"><span class='ocrx_word' id='word_1_156' title='bbox 174 1749 275 1774; x_wconf 85' lang='lat' dir='ltr'>mam</span> <span class='ocrx_word' id='word_1_157' title='bbox 310 1740 542 1775; x_wconf 86' lang='lat' dir='ltr'>voluntatem</span> <span class='ocrx_word' id='word_1_158' title='bbox 579 1741 727 1776; x_wconf 86' lang='lat' dir='ltr'>habeat.</span> <span class='ocrx_word' id='word_1_159' title='bbox 771 1740 857 1776; x_wconf 88' lang='lat' dir='ltr'>Sine</span> <span class='ocrx_word' id='word_1_160' title='bbox 895 1740 953 1775; x_wconf 88' lang='lat' dir='ltr'>his</span> 
     </span>
     <span class='ocr_line' id='line_1_25' title="bbox 175 1786 954 1832; baseline 0.001 -11"><span class='ocrx_word' id='word_1_161' title='bbox 175 1786 566 1832; x_wconf 85' lang='lat' dir='ltr'>duobus,poeniteutia</span> <span class='ocrx_word' id='word_1_162' title='bbox 579 1797 666 1822; x_wconf 80' lang='lat' dir='ltr'>vera</span> <span class='ocrx_word' id='word_1_163' title='bbox 685 1798 761 1822; x_wconf 90' lang='lat' dir='ltr'>non</span> <span class='ocrx_word' id='word_1_164' title='bbox 777 1790 845 1830; x_wconf 92' lang='lat' dir='ltr'>est,</span> <span class='ocrx_word' id='word_1_165' title='bbox 863 1787 954 1832; x_wconf 85' lang='lat' dir='ltr'>quia</span> 
     </span>
     <span class='ocr_line' id='line_1_26' title="bbox 175 1832 950 1879; baseline 0.001 -12"><span class='ocrx_word' id='word_1_166' title='bbox 175 1832 256 1868; x_wconf 87' lang='lat' dir='ltr'>sine</span> <span class='ocrx_word' id='word_1_167' title='bbox 288 1832 354 1877; x_wconf 90' lang='lat' dir='ltr'>eis,</span> <span class='ocrx_word' id='word_1_168' title='bbox 377 1844 445 1869; x_wconf 88' lang='lat' dir='ltr'>nec</span> <span class='ocrx_word' id='word_1_169' title='bbox 477 1835 576 1869; x_wconf 83' lang='lat' dir='ltr'>Deus</span> <span class='ocrx_word' id='word_1_170' title='bbox 609 1837 762 1879; x_wconf 91' lang='lat' dir='ltr'>peccata</span> <span class='ocrx_word' id='word_1_171' title='bbox 783 1833 950 1877; x_wconf 82' lang='lat' dir='ltr'>dimittit,</span> 
     </span>
     <span class='ocr_line' id='line_1_27' title="bbox 170 1880 950 1926; baseline 0 -11"><span class='ocrx_word' id='word_1_172' title='bbox 170 1890 240 1915; x_wconf 85' lang='lat' dir='ltr'>nec</span> <span class='ocrx_word' id='word_1_173' title='bbox 254 1880 428 1916; x_wconf 79' lang='lat' dir='ltr'>sacerdos</span> <span class='ocrx_word' id='word_1_174' title='bbox 446 1880 639 1915; x_wconf 85' lang='lat' dir='ltr'>absolvere</span> <span class='ocrx_word' id='word_1_175' title='bbox 657 1891 678 1916; x_wconf 91' lang='lat' dir='ltr'>a</span> <span class='ocrx_word' id='word_1_176' title='bbox 692 1881 854 1926; x_wconf 86' lang='lat' dir='ltr'>peccatis</span> <span class='ocrx_word' id='word_1_177' title='bbox 871 1883 950 1926; x_wconf 88' lang='lat' dir='ltr'>pot-</span> 
     </span>
     <span class='ocr_line' id='line_1_28' title="bbox 173 1926 950 1972; baseline 0 -11"><span class='ocrx_word' id='word_1_178' title='bbox 173 1929 240 1962; x_wconf 86' lang='lat' dir='ltr'>est.</span> <span class='ocrx_word' id='word_1_179' title='bbox 275 1927 380 1962; x_wconf 90' lang='lat' dir='ltr'>Unde</span> <span class='ocrx_word' id='word_1_180' title='bbox 406 1927 613 1962; x_wconf 75' lang='lat' dir='ltr'>Bernardus</span> <span class='ocrx_word' id='word_1_181' title='bbox 635 1939 645 1962; x_wconf 93' lang='lat'><strong>:</strong></span> <span class='ocrx_word' id='word_1_182' title='bbox 670 1943 685 1959; x_wconf 67' lang='lat' dir='ltr'>a</span> <span class='ocrx_word' id='word_1_183' title='bbox 714 1929 810 1963; x_wconf 87' lang='lat' dir='ltr'>Vera</span> <span class='ocrx_word' id='word_1_184' title='bbox 837 1926 950 1972; x_wconf 89' lang='lat' dir='ltr'>siqui-</span> 
     </span>
     <span class='ocr_line' id='line_1_29' title="bbox 174 1972 950 2019; baseline 0 -11"><span class='ocrx_word' id='word_1_185' title='bbox 174 1972 261 2008; x_wconf 90' lang='lat' dir='ltr'>dem</span> <span class='ocrx_word' id='word_1_186' title='bbox 290 1973 514 2019; x_wconf 85' lang='lat' dir='ltr'>poenitentia</span> <span class='ocrx_word' id='word_1_187' title='bbox 539 1977 610 2017; x_wconf 87' lang='lat' dir='ltr'>est,</span> <span class='ocrx_word' id='word_1_188' title='bbox 647 1973 727 2010; x_wconf 88' lang='lat' dir='ltr'>sine</span> <span class='ocrx_word' id='word_1_189' title='bbox 761 1973 950 2009; x_wconf 84' lang='lat' dir='ltr'>intermis-</span> 
     </span>
     <span class='ocr_line' id='line_1_30' title="bbox 172 2019 952 2066; baseline -0.001 -10"><span class='ocrx_word' id='word_1_190' title='bbox 172 2019 278 2056; x_wconf 90' lang='lat' dir='ltr'>sione</span> <span class='ocrx_word' id='word_1_191' title='bbox 309 2020 504 2066; x_wconf 87' lang='lat' dir='ltr'>temporis,</span> <span class='ocrx_word' id='word_1_192' title='bbox 534 2020 579 2056; x_wconf 90' lang='lat' dir='ltr'>de</span> <span class='ocrx_word' id='word_1_193' title='bbox 615 2020 815 2065; x_wconf 84' lang='lat' dir='ltr'>praeteritis</span> <span class='ocrx_word' id='word_1_194' title='bbox 844 2020 952 2056; x_wconf 91' lang='lat' dir='ltr'>malis</span> 
     </span>
     <span class='ocr_line' id='line_1_31' title="bbox 172 2067 949 2113; baseline 0 -11"><span class='ocrx_word' id='word_1_195' title='bbox 172 2067 314 2111; x_wconf 90' lang='lat' dir='ltr'>dolere,</span> <span class='ocrx_word' id='word_1_196' title='bbox 351 2070 388 2102; x_wconf 93' lang='lat' dir='ltr'>et</span> <span class='ocrx_word' id='word_1_197' title='bbox 428 2067 479 2102; x_wconf 89' lang='lat' dir='ltr'>sic</span> <span class='ocrx_word' id='word_1_198' title='bbox 520 2068 698 2113; x_wconf 82' lang='lat' dir='ltr'>plangere</span> <span class='ocrx_word' id='word_1_199' title='bbox 738 2067 949 2111; x_wconf 88' lang='lat' dir='ltr'>commissa,</span> 
     </span>
     <span class='ocr_line' id='line_1_32' title="bbox 171 2114 952 2159; baseline 0.003 -11"><span class='ocrx_word' id='word_1_200' title='bbox 171 2116 213 2149; x_wconf 89' lang='lat' dir='ltr'>ut</span> <span class='ocrx_word' id='word_1_201' title='bbox 236 2124 311 2148; x_wconf 88' lang='lat' dir='ltr'>non</span> <span class='ocrx_word' id='word_1_202' title='bbox 335 2114 540 2149; x_wconf 85' lang='lat' dir='ltr'>committat</span> <span class='ocrx_word' id='word_1_203' title='bbox 566 2114 788 2159; x_wconf 81' lang='lat' dir='ltr'>plangenda.</span> <span class='ocrx_word' id='word_1_204' title='bbox 817 2114 952 2150; x_wconf 88' lang='lat' dir='ltr'>Irrisor</span> 
     </span>
     <span class='ocr_line' id='line_1_33' title="bbox 171 2161 950 2207; baseline 0.003 -13"><span class='ocrx_word' id='word_1_205' title='bbox 171 2170 334 2205; x_wconf 88' lang='lat' dir='ltr'>namque</span> <span class='ocrx_word' id='word_1_206' title='bbox 362 2165 431 2203; x_wconf 84' lang='lat' dir='ltr'>cst,</span> <span class='ocrx_word' id='word_1_207' title='bbox 454 2164 490 2195; x_wconf 90' lang='lat' dir='ltr'>et</span> <span class='ocrx_word' id='word_1_208' title='bbox 518 2171 593 2195; x_wconf 91' lang='lat' dir='ltr'>non</span> <span class='ocrx_word' id='word_1_209' title='bbox 631 2172 715 2196; x_wconf 87' lang='lat' dir='ltr'>vere</span> <span class='ocrx_word' id='word_1_210' title='bbox 749 2161 950 2207; x_wconf 86' lang='lat' dir='ltr'>poenitens,</span> 
     </span>
     <span class='ocr_line' id='line_1_34' title="bbox 174 2205 950 2253; baseline 0.004 -13"><span class='ocrx_word' id='word_1_211' title='bbox 174 2205 237 2251; x_wconf 90' lang='lat' dir='ltr'>qui</span> <span class='ocrx_word' id='word_1_212' title='bbox 257 2206 378 2241; x_wconf 86' lang='lat' dir='ltr'>adhuc</span> <span class='ocrx_word' id='word_1_213' title='bbox 399 2206 475 2251; x_wconf 80' lang='lat' dir='ltr'>agit</span> <span class='ocrx_word' id='word_1_214' title='bbox 498 2207 596 2252; x_wconf 84' lang='lat' dir='ltr'>quod</span> <span class='ocrx_word' id='word_1_215' title='bbox 619 2207 812 2253; x_wconf 80' lang='lat' dir='ltr'>poeuiteat.</span> <span class='ocrx_word' id='word_1_216' title='bbox 835 2207 871 2244; x_wconf 88' lang='lat' dir='ltr'>Si</span> <span class='ocrx_word' id='word_1_217' title='bbox 893 2218 950 2243; x_wconf 84' lang='lat' dir='ltr'>er-</span> 
     </span>
     <span class='ocr_line' id='line_1_35' title="bbox 174 2252 953 2299; baseline 0.005 -12"><span class='ocrx_word' id='word_1_218' title='bbox 174 2262 221 2297; x_wconf 88' lang='lat' dir='ltr'>go</span> <span class='ocrx_word' id='word_1_219' title='bbox 250 2252 306 2287; x_wconf 80' lang='lat' dir='ltr'>vis</span> <span class='ocrx_word' id='word_1_220' title='bbox 332 2263 441 2288; x_wconf 82' lang='lat' dir='ltr'>verus</span> <span class='ocrx_word' id='word_1_221' title='bbox 469 2254 655 2298; x_wconf 85' lang='lat' dir='ltr'>poenitens</span> <span class='ocrx_word' id='word_1_222' title='bbox 679 2265 773 2299; x_wconf 88' lang='lat' dir='ltr'>esse,</span> <span class='ocrx_word' id='word_1_223' title='bbox 802 2265 906 2290; x_wconf 86' lang='lat' dir='ltr'>cessa</span> <span class='ocrx_word' id='word_1_224' title='bbox 931 2265 953 2290; x_wconf 84' lang='lat' dir='ltr'>a</span> 
     </span>
     <span class='ocr_line' id='line_1_36' title="bbox 171 2300 948 2347; baseline 0.004 -13"><span class='ocrx_word' id='word_1_225' title='bbox 171 2302 339 2344; x_wconf 90' lang='lat' dir='ltr'>peccato,</span> <span class='ocrx_word' id='word_1_226' title='bbox 377 2305 412 2334; x_wconf 84' lang='lat' dir='ltr'>et</span> <span class='ocrx_word' id='word_1_227' title='bbox 457 2300 615 2345; x_wconf 87' lang='lat' dir='ltr'>amplius</span> <span class='ocrx_word' id='word_1_228' title='bbox 659 2301 735 2336; x_wconf 89' lang='lat' dir='ltr'>noli</span> <span class='ocrx_word' id='word_1_229' title='bbox 780 2312 948 2347; x_wconf 87' lang='lat' dir='ltr'>peccare.</span> 
     </span>
     <span class='ocr_line' id='line_1_37' title="bbox 173 2345 952 2393; baseline 0.005 -13"><span class='ocrx_word' id='word_1_230' title='bbox 173 2345 355 2388; x_wconf 90' lang='lat' dir='ltr'>Quoniam</span> <span class='ocrx_word' id='word_1_231' title='bbox 376 2345 498 2381; x_wconf 85' lang='lat' dir='ltr'>inanis</span> <span class='ocrx_word' id='word_1_232' title='bbox 514 2349 569 2381; x_wconf 85' lang='lat' dir='ltr'>est</span> <span class='ocrx_word' id='word_1_233' title='bbox 587 2347 822 2392; x_wconf 71' lang='lat' dir='ltr'>poenitentia,</span> <span class='ocrx_word' id='word_1_234' title='bbox 840 2359 952 2393; x_wconf 87' lang='lat' dir='ltr'>quam</span> 
     </span>
     <span class='ocr_line' id='line_1_38' title="bbox 173 2392 952 2439; baseline 0.003 -11"><span class='ocrx_word' id='word_1_235' title='bbox 173 2402 333 2438; x_wconf 90' lang='lat' dir='ltr'>sequens</span> <span class='ocrx_word' id='word_1_236' title='bbox 361 2392 577 2437; x_wconf 83' lang='lat' dir='ltr'>coinquinat</span> <span class='ocrx_word' id='word_1_237' title='bbox 598 2394 717 2439; x_wconf 83' lang='lat' dir='ltr'>culpa.</span> <span class='ocrx_word' id='word_1_238' title='bbox 742 2409 757 2424; x_wconf 77' lang='lat' dir='ltr'>n</span> <span class='ocrx_word' id='word_1_239' title='bbox 790 2396 892 2430; x_wconf 88' lang='lat' dir='ltr'>Unde</span> <span class='ocrx_word' id='word_1_240' title='bbox 916 2398 952 2430; x_wconf 90' lang='lat' dir='ltr'>et</span> 
     </span>
     <span class='ocr_line' id='line_1_39' title="bbox 173 2439 950 2487; baseline 0.003 -12"><span class='ocrx_word' id='word_1_241' title='bbox 173 2439 367 2483; x_wconf 62' lang='lat' dir='ltr'>Gregorius</span> <span class='ocrx_word' id='word_1_242' title='bbox 403 2452 413 2474; x_wconf 91' lang='grc'>.-</span> <span class='ocrx_word' id='word_1_243' title='bbox 459 2453 476 2471; x_wconf 88' lang='lat'>«</span> <span class='ocrx_word' id='word_1_244' title='bbox 518 2439 783 2475; x_wconf 83' lang='lat' dir='ltr'>Poeniteutiam</span> <span class='ocrx_word' id='word_1_245' title='bbox 815 2441 950 2487; x_wconf 84' lang='lat' dir='ltr'>quippe</span> 
     </span>
     <span class='ocr_line' id='line_1_40' title="bbox 173 2487 948 2533; baseline 0.004 -13"><span class='ocrx_word' id='word_1_246' title='bbox 173 2496 300 2532; x_wconf 85' lang='lat' dir='ltr'>agere,</span> <span class='ocrx_word' id='word_1_247' title='bbox 323 2489 380 2521; x_wconf 92' lang='lat' dir='ltr'>est</span> <span class='ocrx_word' id='word_1_248' title='bbox 406 2489 442 2521; x_wconf 88' lang='lat' dir='ltr'>et</span> <span class='ocrx_word' id='word_1_249' title='bbox 467 2490 681 2531; x_wconf 81' lang='lat' dir='ltr'>perpetrata</span> <span class='ocrx_word' id='word_1_250' title='bbox 707 2487 805 2522; x_wconf 88' lang='lat' dir='ltr'>mala</span> <span class='ocrx_word' id='word_1_251' title='bbox 842 2488 948 2533; x_wconf 88' lang='lat' dir='ltr'>plan-</span> 
     </span>
     <span class='ocr_line' id='line_1_41' title="bbox 174 2532 947 2578; baseline 0.001 -10"><span class='ocrx_word' id='word_1_252' title='bbox 174 2535 317 2578; x_wconf 86' lang='lat' dir='ltr'>gere,et</span> <span class='ocrx_word' id='word_1_253' title='bbox 350 2532 565 2578; x_wconf 85' lang='lat' dir='ltr'>plangenda</span> <span class='ocrx_word' id='word_1_254' title='bbox 599 2544 674 2568; x_wconf 87' lang='lat' dir='ltr'>non</span> <span class='ocrx_word' id='word_1_255' title='bbox 709 2537 947 2578; x_wconf 81' lang='lat' dir='ltr'>perpetrare3</span> 
     </span>
     <span class='ocr_line' id='line_1_42' title="bbox 171 2579 950 2625; baseline 0.001 -10"><span class='ocrx_word' id='word_1_256' title='bbox 171 2589 261 2615; x_wconf 87' lang='lat' dir='ltr'>nam</span> <span class='ocrx_word' id='word_1_257' title='bbox 293 2579 354 2624; x_wconf 89' lang='lat' dir='ltr'>qui</span> <span class='ocrx_word' id='word_1_258' title='bbox 385 2579 437 2614; x_wconf 87' lang='lat' dir='ltr'>sic</span> <span class='ocrx_word' id='word_1_259' title='bbox 465 2579 538 2614; x_wconf 79' lang='lat' dir='ltr'>alla</span> <span class='ocrx_word' id='word_1_260' title='bbox 559 2579 742 2625; x_wconf 85' lang='lat' dir='ltr'>deplorat,</span> <span class='ocrx_word' id='word_1_261' title='bbox 766 2584 804 2615; x_wconf 93' lang='lat' dir='ltr'>ut</span> <span class='ocrx_word' id='word_1_262' title='bbox 825 2584 950 2616; x_wconf 87' lang='lat' dir='ltr'>tamen</span> 
     </span>
     <span class='ocr_line' id='line_1_43' title="bbox 172 2625 949 2671; baseline 0 -9"><span class='ocrx_word' id='word_1_263' title='bbox 172 2625 248 2662; x_wconf 87' lang='lat' dir='ltr'>alia</span> <span class='ocrx_word' id='word_1_264' title='bbox 273 2626 503 2669; x_wconf 85' lang='lat' dir='ltr'>committat,</span> <span class='ocrx_word' id='word_1_265' title='bbox 528 2626 650 2661; x_wconf 81' lang='lat' dir='ltr'>adbuc</span> <span class='ocrx_word' id='word_1_266' title='bbox 687 2626 949 2671; x_wconf 82' lang='lat' dir='ltr'>poenitentiam</span> 
     </span>
     <span class='ocr_line' id='line_1_44' title="bbox 173 2672 947 2718; baseline -0.004 -10"><span class='ocrx_word' id='word_1_267' title='bbox 173 2682 301 2718; x_wconf 83' lang='lat' dir='ltr'>agere,</span> <span class='ocrx_word' id='word_1_268' title='bbox 324 2676 386 2708; x_wconf 87' lang='lat' dir='ltr'>aut</span> <span class='ocrx_word' id='word_1_269' title='bbox 408 2672 570 2718; x_wconf 85' lang='lat' dir='ltr'>ignorat,</span> <span class='ocrx_word' id='word_1_270' title='bbox 598 2676 661 2708; x_wconf 90' lang='lat' dir='ltr'>aut</span> <span class='ocrx_word' id='word_1_271' title='bbox 684 2672 905 2709; x_wconf 87' lang='lat' dir='ltr'>dissimulat.</span> <span class='ocrx_word' id='word_1_272' title='bbox 929 2688 947 2705; x_wconf 88' lang='lat'>»</span> 
     </span>
     <span class='ocr_line' id='line_1_45' title="bbox 172 2719 952 2764; baseline 0.001 -10"><span class='ocrx_word' id='word_1_273' title='bbox 172 2719 280 2755; x_wconf 89' lang='lat' dir='ltr'>Unde</span> <span class='ocrx_word' id='word_1_274' title='bbox 303 2719 419 2755; x_wconf 88' lang='lat' dir='ltr'>etiam</span> <span class='ocrx_word' id='word_1_275' title='bbox 451 2720 701 2764; x_wconf 70' lang='lat' dir='ltr'>Auqustinus:</span> <span class='ocrx_word' id='word_1_276' title='bbox 722 2734 735 2752; x_wconf 92' lang='lat'>«</span> <span class='ocrx_word' id='word_1_277' title='bbox 753 2719 876 2755; x_wconf 88' lang='lat' dir='ltr'>Inanis</span> <span class='ocrx_word' id='word_1_278' title='bbox 896 2723 952 2755; x_wconf 85' lang='lat' dir='ltr'>est</span> 
     </span>
     <span class='ocr_line' id='line_1_46' title="bbox 169 2765 950 2813; baseline 0.001 -12"><span class='ocrx_word' id='word_1_279' title='bbox 169 2765 402 2812; x_wconf 64' lang='lat' dir='ltr'>poenitentia,</span> <span class='ocrx_word' id='word_1_280' title='bbox 418 2776 530 2813; x_wconf 88' lang='lat' dir='ltr'>quam</span> <span class='ocrx_word' id='word_1_281' title='bbox 550 2777 710 2813; x_wconf 88' lang='lat' dir='ltr'>sequens</span> <span class='ocrx_word' id='word_1_282' title='bbox 731 2766 950 2813; x_wconf 86' lang='lat' dir='ltr'>coinquinat</span> 
     </span>
    </p>
   </div>
   <div class='ocr_carea' id='block_1_8' title="bbox 1026 1221 1808 2815">
    <p class='ocr_par' dir='ltr' id='par_1_8' title="bbox 1028 1221 1808 1833">
     <span class='ocr_line' id='line_1_47' title="bbox 1029 1221 1808 1271; baseline -0.001 -11"><span class='ocrx_word' id='word_1_283' title='bbox 1029 1226 1152 1271; x_wconf 79' lang='lat' dir='ltr'>culpa.</span> <span class='ocrx_word' id='word_1_284' title='bbox 1189 1224 1289 1262; x_wconf 89' lang='lat' dir='ltr'>Nihil</span> <span class='ocrx_word' id='word_1_285' title='bbox 1317 1227 1474 1271; x_wconf 86' lang='lat' dir='ltr'>prosunt</span> <span class='ocrx_word' id='word_1_286' title='bbox 1494 1224 1673 1268; x_wconf 87' lang='lat' dir='ltr'>lamenta,</span> <span class='ocrx_word' id='word_1_287' title='bbox 1699 1221 1730 1259; x_wconf 90' lang='lat' dir='ltr'>si</span> <span class='ocrx_word' id='word_1_288' title='bbox 1749 1233 1808 1259; x_wconf 86' lang='lat' dir='ltr'>re-</span> 
     </span>
     <span class='ocr_line' id='line_1_48' title="bbox 1028 1269 1806 1319; baseline -0.003 -11"><span class='ocrx_word' id='word_1_289' title='bbox 1028 1273 1217 1319; x_wconf 83' lang='lat' dir='ltr'>plicantur</span> <span class='ocrx_word' id='word_1_290' title='bbox 1237 1275 1404 1319; x_wconf 86' lang='lat' dir='ltr'>peccata.</span> <span class='ocrx_word' id='word_1_291' title='bbox 1427 1271 1525 1307; x_wconf 93' lang='lat' dir='ltr'>Nihil</span> <span class='ocrx_word' id='word_1_292' title='bbox 1544 1271 1675 1307; x_wconf 84' lang='lat' dir='ltr'>valeta</span> <span class='ocrx_word' id='word_1_293' title='bbox 1695 1269 1806 1306; x_wconf 82' lang='lat' dir='ltr'>malis</span> 
     </span>
     <span class='ocr_line' id='line_1_49' title="bbox 1029 1315 1808 1365; baseline -0.005 -9"><span class='ocrx_word' id='word_1_294' title='bbox 1029 1320 1176 1356; x_wconf 84' lang='lat' dir='ltr'>veniam</span> <span class='ocrx_word' id='word_1_295' title='bbox 1214 1330 1383 1365; x_wconf 84' lang='lat' dir='ltr'>poscere,</span> <span class='ocrx_word' id='word_1_296' title='bbox 1410 1321 1446 1354; x_wconf 89' lang='lat' dir='ltr'>et</span> <span class='ocrx_word' id='word_1_297' title='bbox 1474 1318 1573 1354; x_wconf 87' lang='lat' dir='ltr'>mala</span> <span class='ocrx_word' id='word_1_298' title='bbox 1592 1318 1716 1353; x_wconf 89' lang='lat' dir='ltr'>denuo</span> <span class='ocrx_word' id='word_1_299' title='bbox 1735 1315 1808 1352; x_wconf 87' lang='lat' dir='ltr'>ite-</span> 
     </span>
     <span class='ocr_line' id='line_1_50' title="bbox 1029 1363 1807 1408; baseline -0.004 -6"><span class='ocrx_word' id='word_1_300' title='bbox 1029 1378 1126 1402; x_wconf 87' lang='lat' dir='ltr'>rare.</span> <span class='ocrx_word' id='word_1_301' title='bbox 1167 1380 1185 1399; x_wconf 78' lang='grc'>»</span> <span class='ocrx_word' id='word_1_302' title='bbox 1221 1368 1265 1402; x_wconf 87' lang='lat' dir='ltr'>Et</span> <span class='ocrx_word' id='word_1_303' title='bbox 1303 1365 1439 1401; x_wconf 88' lang='lat' dir='ltr'>iterum</span> <span class='ocrx_word' id='word_1_304' title='bbox 1479 1376 1487 1400; x_wconf 90' lang='lat'>:</span> <span class='ocrx_word' id='word_1_305' title='bbox 1520 1378 1538 1398; x_wconf 90' lang='lat'>«</span> <span class='ocrx_word' id='word_1_306' title='bbox 1560 1363 1807 1408; x_wconf 82' lang='lat' dir='ltr'>Poenitentes‚</span> 
     </span>
     <span class='ocr_line' id='line_1_51' title="bbox 1030 1409 1807 1459; baseline -0.005 -10"><span class='ocrx_word' id='word_1_307' title='bbox 1030 1413 1271 1459; x_wconf 82' lang='lat' dir='ltr'>poenitentes3</span> <span class='ocrx_word' id='word_1_308' title='bbox 1284 1413 1313 1448; x_wconf 87' lang='lat' dir='ltr'>si</span> <span class='ocrx_word' id='word_1_309' title='bbox 1328 1415 1454 1448; x_wconf 87' lang='lat' dir='ltr'>tamen</span> <span class='ocrx_word' id='word_1_310' title='bbox 1468 1411 1557 1447; x_wconf 92' lang='lat' dir='ltr'>estis</span> <span class='ocrx_word' id='word_1_311' title='bbox 1567 1409 1807 1457; x_wconf 72' lang='lat' dir='ltr'>poenitentes,</span> 
     </span>
     <span class='ocr_line' id='line_1_52' title="bbox 1030 1457 1807 1503; baseline -0.005 -7"><span class='ocrx_word' id='word_1_312' title='bbox 1030 1465 1066 1497; x_wconf 89' lang='lat' dir='ltr'>et</span> <span class='ocrx_word' id='word_1_313' title='bbox 1086 1471 1160 1496; x_wconf 89' lang='lat' dir='ltr'>nou</span> <span class='ocrx_word' id='word_1_314' title='bbox 1188 1460 1404 1503; x_wconf 87' lang='lat' dir='ltr'>irridentes,</span> <span class='ocrx_word' id='word_1_315' title='bbox 1430 1461 1572 1494; x_wconf 86' lang='lat' dir='ltr'>mutate</span> <span class='ocrx_word' id='word_1_316' title='bbox 1597 1457 1726 1501; x_wconf 89' lang='lat' dir='ltr'>vitam,</span> <span class='ocrx_word' id='word_1_317' title='bbox 1746 1466 1807 1492; x_wconf 89' lang='lat' dir='ltr'>re-</span> 
     </span>
     <span class='ocr_line' id='line_1_53' title="bbox 1032 1503 1808 1556; baseline -0.005 -13"><span class='ocrx_word' id='word_1_318' title='bbox 1032 1506 1295 1543; x_wconf 86' lang='lat' dir='ltr'>conciliamini.</span> <span class='ocrx_word' id='word_1_319' title='bbox 1314 1505 1580 1542; x_wconf 84' lang='lat' dir='ltr'>Poenitentiam</span> <span class='ocrx_word' id='word_1_320' title='bbox 1593 1503 1687 1550; x_wconf 86' lang='lat' dir='ltr'>agis,</span> <span class='ocrx_word' id='word_1_321' title='bbox 1706 1513 1808 1556; x_wconf 73' lang='lat' dir='ltr'>genu</span> 
     </span>
     <span class='ocr_line' id='line_1_54' title="bbox 1032 1550 1808 1600; baseline -0.006 -10"><span class='ocrx_word' id='word_1_322' title='bbox 1032 1555 1130 1600; x_wconf 75' lang='lat' dir='ltr'>figis,</span> <span class='ocrx_word' id='word_1_323' title='bbox 1153 1558 1188 1590; x_wconf 89' lang='lat' dir='ltr'>et</span> <span class='ocrx_word' id='word_1_324' title='bbox 1210 1553 1327 1597; x_wconf 88' lang='lat' dir='ltr'>rides;</span> <span class='ocrx_word' id='word_1_325' title='bbox 1357 1554 1567 1589; x_wconf 89' lang='lat' dir='ltr'>subsannas</span> <span class='ocrx_word' id='word_1_326' title='bbox 1587 1550 1808 1597; x_wconf 85' lang='lat' dir='ltr'>patientlam</span> 
     </span>
     <span class='ocr_line' id='line_1_55' title="bbox 1034 1596 1807 1646; baseline -0.006 -9"><span class='ocrx_word' id='word_1_327' title='bbox 1034 1602 1110 1637; x_wconf 92' lang='lat' dir='ltr'>Dei.</span> <span class='ocrx_word' id='word_1_328' title='bbox 1151 1601 1187 1637; x_wconf 84' lang='lat' dir='ltr'>Si</span> <span class='ocrx_word' id='word_1_329' title='bbox 1219 1600 1405 1646; x_wconf 71' lang='lat' dir='ltr'>poenitens</span> <span class='ocrx_word' id='word_1_330' title='bbox 1437 1610 1490 1643; x_wconf 92' lang='lat' dir='ltr'>es,</span> <span class='ocrx_word' id='word_1_331' title='bbox 1512 1598 1669 1644; x_wconf 87' lang='lat' dir='ltr'>poenitet</span> <span class='ocrx_word' id='word_1_332' title='bbox 1699 1599 1750 1641; x_wconf 88' lang='lat' dir='ltr'>te,</span> <span class='ocrx_word' id='word_1_333' title='bbox 1775 1596 1807 1632; x_wconf 89' lang='lat' dir='ltr'>si</span> 
     </span>
     <span class='ocr_line' id='line_1_56' title="bbox 1034 1643 1807 1693; baseline -0.008 -9"><span class='ocrx_word' id='word_1_334' title='bbox 1034 1660 1107 1684; x_wconf 87' lang='lat' dir='ltr'>non</span> <span class='ocrx_word' id='word_1_335' title='bbox 1123 1648 1289 1693; x_wconf 72' lang='lat' dir='ltr'>poenitet,</span> <span class='ocrx_word' id='word_1_336' title='bbox 1303 1647 1489 1693; x_wconf 74' lang='lat' dir='ltr'>poenitens</span> <span class='ocrx_word' id='word_1_337' title='bbox 1508 1656 1583 1681; x_wconf 87' lang='lat' dir='ltr'>non</span> <span class='ocrx_word' id='word_1_338' title='bbox 1596 1655 1654 1688; x_wconf 74' lang='lat' dir='ltr'>es3</span> <span class='ocrx_word' id='word_1_339' title='bbox 1670 1643 1700 1679; x_wconf 91' lang='lat' dir='ltr'>si</span> <span class='ocrx_word' id='word_1_340' title='bbox 1716 1653 1807 1688; x_wconf 83' lang='lat' dir='ltr'>ergo</span> 
     </span>
     <span class='ocr_line' id='line_1_57' title="bbox 1032 1689 1807 1742; baseline -0.008 -11"><span class='ocrx_word' id='word_1_341' title='bbox 1032 1696 1200 1741; x_wconf 83' lang='lat' dir='ltr'>poeuitet,</span> <span class='ocrx_word' id='word_1_342' title='bbox 1223 1705 1288 1731; x_wconf 88' lang='lat' dir='ltr'>cur</span> <span class='ocrx_word' id='word_1_343' title='bbox 1314 1694 1403 1729; x_wconf 78' lang='lat' dir='ltr'>sacis</span> <span class='ocrx_word' id='word_1_344' title='bbox 1425 1693 1523 1738; x_wconf 90' lang='lat' dir='ltr'>quod</span> <span class='ocrx_word' id='word_1_345' title='bbox 1543 1691 1639 1727; x_wconf 87' lang='lat' dir='ltr'>male</span> <span class='ocrx_word' id='word_1_346' title='bbox 1661 1689 1807 1742; x_wconf 58' lang='lat' dir='ltr'>fecisti?</span> 
     </span>
     <span class='ocr_line' id='line_1_58' title="bbox 1033 1738 1806 1787; baseline -0.008 -9"><span class='ocrx_word' id='word_1_347' title='bbox 1033 1742 1068 1778; x_wconf 85' lang='lat' dir='ltr'>Si</span> <span class='ocrx_word' id='word_1_348' title='bbox 1107 1742 1234 1778; x_wconf 80' lang='lat' dir='ltr'>fecisse</span> <span class='ocrx_word' id='word_1_349' title='bbox 1270 1740 1438 1787; x_wconf 81' lang='lat' dir='ltr'>poenitet,</span> <span class='ocrx_word' id='word_1_350' title='bbox 1480 1738 1554 1774; x_wconf 89' lang='lat' dir='ltr'>noli</span> <span class='ocrx_word' id='word_1_351' title='bbox 1597 1738 1738 1781; x_wconf 85' lang='lat' dir='ltr'>facere3</span> <span class='ocrx_word' id='word_1_352' title='bbox 1775 1747 1806 1773; x_wconf 86' lang='lat' dir='ltr'>Sl</span> 
     </span>
     <span class='ocr_line' id='line_1_59' title="bbox 1030 1787 1687 1833; baseline -0.009 -8"><span class='ocrx_word' id='word_1_353' title='bbox 1030 1790 1152 1825; x_wconf 83' lang='lat' dir='ltr'>adhuc</span> <span class='ocrx_word' id='word_1_354' title='bbox 1173 1788 1275 1831; x_wconf 86' lang='lat' dir='ltr'>facis,</span> <span class='ocrx_word' id='word_1_355' title='bbox 1295 1787 1480 1833; x_wconf 85' lang='lat' dir='ltr'>poenitens</span> <span class='ocrx_word' id='word_1_356' title='bbox 1503 1796 1574 1821; x_wconf 87' lang='lat' dir='ltr'>non</span> <span class='ocrx_word' id='word_1_357' title='bbox 1594 1795 1649 1820; x_wconf 89' lang='lat' dir='ltr'>es.</span> <span class='ocrx_word' id='word_1_358' title='bbox 1668 1796 1687 1818; x_wconf 89' lang='lat'>»</span> 
     </span>
    </p>

    <p class='ocr_par' dir='ltr' id='par_1_9' title="bbox 1026 1837 1808 2815">
     <span class='ocr_line' id='line_1_60' title="bbox 1080 1837 1805 1872; baseline -0.008 -1"><span class='ocrx_word' id='word_1_359' title='bbox 1080 1850 1097 1872; x_wconf 87' lang='lat'>2</span> <span class='ocrx_word' id='word_1_360' title='bbox 1137 1837 1363 1870; x_wconf 66' lang='lat' dir='ltr'>POENITENTIA</span> <span class='ocrx_word' id='word_1_361' title='bbox 1402 1845 1446 1868; x_wconf 73' lang='lat' dir='ltr'>nn</span> <span class='ocrx_word' id='word_1_362' title='bbox 1486 1843 1613 1872; x_wconf 78' lang='lat' dir='ltr'>Quissus</span> <span class='ocrx_word' id='word_1_363' title='bbox 1650 1841 1805 1866; x_wconf 76' lang='lat' dir='ltr'>AGENDA.</span> 
     </span>
     <span class='ocr_line' id='line_1_61' title="bbox 1030 1877 1808 1927; baseline -0.009 -8"><span class='ocrx_word' id='word_1_364' title='bbox 1030 1903 1076 1908; x_wconf 89' lang='lat'>-—</span> <span class='ocrx_word' id='word_1_365' title='bbox 1108 1884 1160 1918; x_wconf 92' lang='lat' dir='ltr'>De</span> <span class='ocrx_word' id='word_1_366' title='bbox 1194 1882 1331 1927; x_wconf 85' lang='lat' dir='ltr'>quibus</span> <span class='ocrx_word' id='word_1_367' title='bbox 1361 1883 1487 1916; x_wconf 88' lang='lat' dir='ltr'>autem</span> <span class='ocrx_word' id='word_1_368' title='bbox 1513 1877 1734 1924; x_wconf 81' lang='lat' dir='ltr'>poenitentia</span> <span class='ocrx_word' id='word_1_369' title='bbox 1760 1877 1808 1913; x_wconf 88' lang='lat' dir='ltr'>sit</span> 
     </span>
     <span class='ocr_line' id='line_1_62' title="bbox 1030 1923 1806 1974; baseline -0.006 -10"><span class='ocrx_word' id='word_1_370' title='bbox 1030 1930 1189 1974; x_wconf 84' lang='lat' dir='ltr'>agenda,</span> <span class='ocrx_word' id='word_1_371' title='bbox 1218 1931 1323 1964; x_wconf 81' lang='lat' dir='ltr'>notat</span> <span class='ocrx_word' id='word_1_372' title='bbox 1351 1928 1452 1964; x_wconf 89' lang='lat' dir='ltr'>idem</span> <span class='ocrx_word' id='word_1_373' title='bbox 1479 1927 1724 1970; x_wconf 71' lang='lat' dir='ltr'>Auqustinus‚</span> <span class='ocrx_word' id='word_1_374' title='bbox 1748 1923 1806 1960; x_wconf 90' lang='lat' dir='ltr'>di-</span> 
     </span>
     <span class='ocr_line' id='line_1_63' title="bbox 1031 1971 1804 2018; baseline -0.004 -8"><span class='ocrx_word' id='word_1_375' title='bbox 1031 1987 1137 2012; x_wconf 85' lang='lat' dir='ltr'>cens:</span> <span class='ocrx_word' id='word_1_376' title='bbox 1157 1977 1275 2011; x_wconf 86' lang='lat' dir='ltr'>«Tres</span> <span class='ocrx_word' id='word_1_377' title='bbox 1289 1978 1374 2011; x_wconf 91' lang='lat' dir='ltr'>sunt</span> <span class='ocrx_word' id='word_1_378' title='bbox 1383 1974 1550 2010; x_wconf 84' lang='lat' dir='ltr'>actiones</span> <span class='ocrx_word' id='word_1_379' title='bbox 1558 1971 1804 2018; x_wconf 87' lang='lat' dir='ltr'>poenitentiae.</span> 
     </span>
     <span class='ocr_line' id='line_1_64' title="bbox 1031 2020 1806 2067; baseline -0.006 -9"><span class='ocrx_word' id='word_1_380' title='bbox 1031 2024 1112 2058; x_wconf 88' lang='lat' dir='ltr'>Una</span> <span class='ocrx_word' id='word_1_381' title='bbox 1132 2025 1188 2058; x_wconf 86' lang='lat' dir='ltr'>est</span> <span class='ocrx_word' id='word_1_382' title='bbox 1210 2033 1291 2067; x_wconf 66' lang='lat' dir='ltr'>quaa</span> <span class='ocrx_word' id='word_1_383' title='bbox 1309 2032 1446 2058; x_wconf 88' lang='lat' dir='ltr'>novum</span> <span class='ocrx_word' id='word_1_384' title='bbox 1466 2020 1657 2056; x_wconf 90' lang='lat' dir='ltr'>hominem</span> <span class='ocrx_word' id='word_1_385' title='bbox 1677 2021 1806 2065; x_wconf 88' lang='lat' dir='ltr'>partu-</span> 
     </span>
     <span class='ocr_line' id='line_1_65' title="bbox 1030 2066 1804 2114; baseline -0.004 -10"><span class='ocrx_word' id='word_1_386' title='bbox 1030 2069 1091 2112; x_wconf 85' lang='lat' dir='ltr'>rit,</span> <span class='ocrx_word' id='word_1_387' title='bbox 1117 2069 1236 2104; x_wconf 89' lang='lat' dir='ltr'>donec</span> <span class='ocrx_word' id='word_1_388' title='bbox 1268 2079 1334 2114; x_wconf 86' lang='lat' dir='ltr'>per</span> <span class='ocrx_word' id='word_1_389' title='bbox 1366 2068 1597 2113; x_wconf 88' lang='lat' dir='ltr'>Baptismum</span> <span class='ocrx_word' id='word_1_390' title='bbox 1626 2066 1804 2110; x_wconf 87' lang='lat' dir='ltr'>salutare,</span> 
     </span>
     <span class='ocr_line' id='line_1_66' title="bbox 1031 2111 1806 2161; baseline -0.004 -11"><span class='ocrx_word' id='word_1_391' title='bbox 1031 2115 1199 2151; x_wconf 88' lang='lat' dir='ltr'>omnium</span> <span class='ocrx_word' id='word_1_392' title='bbox 1240 2116 1519 2161; x_wconf 64' lang='lat' dir='ltr'>praeteritorum</span> <span class='ocrx_word' id='word_1_393' title='bbox 1560 2113 1627 2149; x_wconf 87' lang='lat' dir='ltr'>fiat</span> <span class='ocrx_word' id='word_1_394' title='bbox 1665 2111 1806 2148; x_wconf 86' lang='lat' dir='ltr'>ablutio</span> 
     </span>
     <span class='ocr_line' id='line_1_67' title="bbox 1030 2159 1806 2208; baseline -0.005 -10"><span class='ocrx_word' id='word_1_395' title='bbox 1030 2166 1282 2208; x_wconf 81' lang='lat' dir='ltr'>peccatorum.</span> <span class='ocrx_word' id='word_1_396' title='bbox 1300 2162 1429 2197; x_wconf 88' lang='lat' dir='ltr'>Omnis</span> <span class='ocrx_word' id='word_1_397' title='bbox 1445 2161 1545 2197; x_wconf 89' lang='lat' dir='ltr'>enim</span> <span class='ocrx_word' id='word_1_398' title='bbox 1562 2159 1714 2206; x_wconf 79' lang='lat' dir='ltr'>quiJam</span> <span class='ocrx_word' id='word_1_399' title='bbox 1728 2169 1806 2195; x_wconf 87' lang='lat' dir='ltr'>suae</span> 
     </span>
     <span class='ocr_line' id='line_1_68' title="bbox 1030 2207 1806 2251; baseline -0.001 -8"><span class='ocrx_word' id='word_1_400' title='bbox 1030 2209 1230 2245; x_wconf 86' lang='lat' dir='ltr'>voluntatis</span> <span class='ocrx_word' id='word_1_401' title='bbox 1247 2208 1388 2244; x_wconf 83' lang='lat' dir='ltr'>arbiter</span> <span class='ocrx_word' id='word_1_402' title='bbox 1403 2207 1624 2244; x_wconf 87' lang='lat' dir='ltr'>constitutus</span> <span class='ocrx_word' id='word_1_403' title='bbox 1637 2209 1707 2251; x_wconf 90' lang='lat' dir='ltr'>est,</span> <span class='ocrx_word' id='word_1_404' title='bbox 1721 2216 1806 2242; x_wconf 90' lang='lat' dir='ltr'>cum</span> 
     </span>
     <span class='ocr_line' id='line_1_69' title="bbox 1030 2251 1806 2297; baseline -0.004 -6"><span class='ocrx_word' id='word_1_405' title='bbox 1030 2256 1173 2291; x_wconf 86' lang='lat' dir='ltr'>accedit</span> <span class='ocrx_word' id='word_1_406' title='bbox 1200 2256 1247 2291; x_wconf 92' lang='lat' dir='ltr'>ad</span> <span class='ocrx_word' id='word_1_407' title='bbox 1274 2258 1511 2291; x_wconf 86' lang='lat' dir='ltr'>sacramenta</span> <span class='ocrx_word' id='word_1_408' title='bbox 1530 2253 1712 2297; x_wconf 84' lang='lat' dir='ltr'>fidelium,</span> <span class='ocrx_word' id='word_1_409' title='bbox 1733 2251 1806 2288; x_wconf 87' lang='lat' dir='ltr'>nisi</span> 
     </span>
     <span class='ocr_line' id='line_1_70' title="bbox 1029 2300 1806 2348; baseline -0.004 -10"><span class='ocrx_word' id='word_1_410' title='bbox 1029 2313 1114 2338; x_wconf 89' lang='lat' dir='ltr'>eum</span> <span class='ocrx_word' id='word_1_411' title='bbox 1146 2302 1325 2348; x_wconf 81' lang='lat' dir='ltr'>poeniteat</span> <span class='ocrx_word' id='word_1_412' title='bbox 1360 2302 1446 2338; x_wconf 81' lang='lat' dir='ltr'>vitae</span> <span class='ocrx_word' id='word_1_413' title='bbox 1479 2300 1630 2345; x_wconf 90' lang='lat' dir='ltr'>veteris,</span> <span class='ocrx_word' id='word_1_414' title='bbox 1668 2309 1806 2336; x_wconf 88' lang='lat' dir='ltr'>novam</span> 
     </span>
     <span class='ocr_line' id='line_1_71' title="bbox 1030 2346 1805 2395; baseline -0.003 -11"><span class='ocrx_word' id='word_1_415' title='bbox 1030 2350 1205 2385; x_wconf 89' lang='lat' dir='ltr'>inchoare</span> <span class='ocrx_word' id='word_1_416' title='bbox 1220 2360 1294 2384; x_wconf 85' lang='lat' dir='ltr'>nou</span> <span class='ocrx_word' id='word_1_417' title='bbox 1308 2352 1442 2395; x_wconf 91' lang='lat' dir='ltr'>potest.</span> <span class='ocrx_word' id='word_1_418' title='bbox 1456 2349 1512 2384; x_wconf 89' lang='lat' dir='ltr'>Ab</span> <span class='ocrx_word' id='word_1_419' title='bbox 1530 2348 1599 2383; x_wconf 86' lang='lat' dir='ltr'>hac</span> <span class='ocrx_word' id='word_1_420' title='bbox 1620 2346 1805 2393; x_wconf 85' lang='lat' dir='ltr'>poeniten·</span> 
     </span>
     <span class='ocr_line' id='line_1_72' title="bbox 1028 2394 1803 2441; baseline -0.004 -10"><span class='ocrx_word' id='word_1_421' title='bbox 1028 2396 1093 2439; x_wconf 84' lang='lat' dir='ltr'>tia,</span> <span class='ocrx_word' id='word_1_422' title='bbox 1135 2396 1203 2432; x_wconf 90' lang='lat' dir='ltr'>soli</span> <span class='ocrx_word' id='word_1_423' title='bbox 1242 2396 1401 2441; x_wconf 84' lang='lat' dir='ltr'>parvuli,</span> <span class='ocrx_word' id='word_1_424' title='bbox 1430 2406 1514 2432; x_wconf 91' lang='lat' dir='ltr'>cum</span> <span class='ocrx_word' id='word_1_425' title='bbox 1551 2394 1803 2440; x_wconf 87' lang='lat' dir='ltr'>baptizantur,</span> 
     </span>
     <span class='ocr_line' id='line_1_73' title="bbox 1028 2440 1805 2487; baseline -0.003 -10"><span class='ocrx_word' id='word_1_426' title='bbox 1028 2442 1214 2478; x_wconf 88' lang='lat' dir='ltr'>immunes</span> <span class='ocrx_word' id='word_1_427' title='bbox 1233 2447 1330 2487; x_wconf 87' lang='lat' dir='ltr'>suut,</span> <span class='ocrx_word' id='word_1_428' title='bbox 1346 2443 1511 2478; x_wconf 86' lang='lat' dir='ltr'>nondum</span> <span class='ocrx_word' id='word_1_429' title='bbox 1532 2441 1631 2477; x_wconf 84' lang='lat' dir='ltr'>enirn</span> <span class='ocrx_word' id='word_1_430' title='bbox 1648 2440 1701 2476; x_wconf 87' lang='lat' dir='ltr'>uti</span> <span class='ocrx_word' id='word_1_431' title='bbox 1719 2450 1805 2486; x_wconf 91' lang='lat' dir='ltr'>pos-</span> 
     </span>
     <span class='ocr_line' id='line_1_74' title="bbox 1029 2485 1802 2534; baseline -0.004 -10"><span class='ocrx_word' id='word_1_432' title='bbox 1029 2493 1114 2525; x_wconf 84' lang='lat' dir='ltr'>sunt</span> <span class='ocrx_word' id='word_1_433' title='bbox 1128 2490 1244 2525; x_wconf 86' lang='lat' dir='ltr'>libero</span> <span class='ocrx_word' id='word_1_434' title='bbox 1263 2490 1418 2525; x_wconf 82' lang='lat' dir='ltr'>arbitrio</span> <span class='ocrx_word' id='word_1_435' title='bbox 1434 2501 1442 2533; x_wconf 93' lang='grc'><strong>;</strong></span> <span class='ocrx_word' id='word_1_436' title='bbox 1459 2489 1594 2534; x_wconf 86' lang='lat' dir='ltr'>quibus</span> <span class='ocrx_word' id='word_1_437' title='bbox 1608 2491 1734 2523; x_wconf 83' lang='lat' dir='ltr'>tamen</span> <span class='ocrx_word' id='word_1_438' title='bbox 1754 2485 1802 2522; x_wconf 88' lang='lat' dir='ltr'>ad</span> 
     </span>
     <span class='ocr_line' id='line_1_75' title="bbox 1029 2532 1800 2579; baseline -0.004 -8"><span class='ocrx_word' id='word_1_439' title='bbox 1029 2536 1350 2572; x_wconf 87' lang='lat' dir='ltr'>consecrationem</span> <span class='ocrx_word' id='word_1_440' title='bbox 1371 2535 1706 2579; x_wconf 87' lang='lat' dir='ltr'>remissionemque</span> <span class='ocrx_word' id='word_1_441' title='bbox 1725 2532 1800 2568; x_wconf 88' lang='lat' dir='ltr'>ori-</span> 
     </span>
     <span class='ocr_line' id='line_1_76' title="bbox 1027 2579 1801 2629; baseline -0.005 -11"><span class='ocrx_word' id='word_1_442' title='bbox 1027 2582 1162 2627; x_wconf 84' lang='lat' dir='ltr'>ginalis</span> <span class='ocrx_word' id='word_1_443' title='bbox 1190 2583 1346 2628; x_wconf 81' lang='lat' dir='ltr'>peccati,</span> <span class='ocrx_word' id='word_1_444' title='bbox 1367 2583 1520 2629; x_wconf 88' lang='lat' dir='ltr'>prodest</span> <span class='ocrx_word' id='word_1_445' title='bbox 1549 2591 1677 2617; x_wconf 87' lang='lat' dir='ltr'>eorum</span> <span class='ocrx_word' id='word_1_446' title='bbox 1705 2579 1801 2615; x_wconf 87' lang='lat' dir='ltr'>fides</span> 
     </span>
     <span class='ocr_line' id='line_1_77' title="bbox 1027 2629 1801 2674; baseline -0.004 -10"><span class='ocrx_word' id='word_1_447' title='bbox 1027 2639 1049 2664; x_wconf 86' lang='lat' dir='ltr'>a</span> <span class='ocrx_word' id='word_1_448' title='bbox 1072 2629 1206 2674; x_wconf 85' lang='lat' dir='ltr'>quibus</span> <span class='ocrx_word' id='word_1_449' title='bbox 1236 2630 1456 2673; x_wconf 82' lang='lat' dir='ltr'>offeruntur,</span> <span class='ocrx_word' id='word_1_450' title='bbox 1479 2631 1518 2664; x_wconf 87' lang='lat' dir='ltr'>ut</span> <span class='ocrx_word' id='word_1_451' title='bbox 1545 2636 1801 2674; x_wconf 78' lang='lat' dir='ltr'>quascumque</span> 
     </span>
     <span class='ocr_line' id='line_1_78' title="bbox 1029 2671 1800 2721; baseline -0.001 -12"><span class='ocrx_word' id='word_1_452' title='bbox 1029 2676 1193 2711; x_wconf 88' lang='lat' dir='ltr'>maculas</span> <span class='ocrx_word' id='word_1_453' title='bbox 1214 2676 1529 2721; x_wconf 76' lang='lat' dir='ltr'>deIIctorum,per</span> <span class='ocrx_word' id='word_1_454' title='bbox 1545 2675 1638 2710; x_wconf 87' lang='lat' dir='ltr'>alios</span> <span class='ocrx_word' id='word_1_455' title='bbox 1658 2684 1702 2709; x_wconf 83' lang='lat' dir='ltr'>ex</span> <span class='ocrx_word' id='word_1_456' title='bbox 1721 2671 1800 2718; x_wconf 90' lang='lat' dir='ltr'>qui-</span> 
     </span>
     <span class='ocr_line' id='line_1_79' title="bbox 1026 2719 1799 2766; baseline -0.003 -10"><span class='ocrx_word' id='word_1_457' title='bbox 1026 2721 1095 2756; x_wconf 90' lang='lat' dir='ltr'>bus</span> <span class='ocrx_word' id='word_1_458' title='bbox 1122 2722 1199 2758; x_wconf 88' lang='lat' dir='ltr'>nati</span> <span class='ocrx_word' id='word_1_459' title='bbox 1227 2725 1323 2766; x_wconf 86' lang='lat' dir='ltr'>sunt,</span> <span class='ocrx_word' id='word_1_460' title='bbox 1347 2724 1622 2764; x_wconf 87' lang='lat' dir='ltr'>contraxerunt,</span> <span class='ocrx_word' id='word_1_461' title='bbox 1639 2719 1799 2756; x_wconf 88' lang='lat' dir='ltr'>aliorum</span> 
     </span>
     <span class='ocr_line' id='line_1_80' title="bbox 1027 2765 1798 2815; baseline -0.003 -12"><span class='ocrx_word' id='word_1_462' title='bbox 1027 2767 1140 2804; x_wconf 89' lang='lat' dir='ltr'>etiam</span> <span class='ocrx_word' id='word_1_463' title='bbox 1166 2768 1462 2815; x_wconf 83' lang='lat' dir='ltr'>interrogatione</span> <span class='ocrx_word' id='word_1_464' title='bbox 1492 2771 1528 2804; x_wconf 88' lang='lat' dir='ltr'>et</span> <span class='ocrx_word' id='word_1_465' title='bbox 1555 2765 1798 2815; x_wconf 79' lang='lat' dir='ltr'>responsione</span> 
     </span>
    </p>
   </div>
  </div>
 </body>
</html>
