<?xml version="1.0" encoding="UTF-8"?>
<!DOCTYPE html PUBLIC "-//W3C//DTD XHTML 1.0 Transitional//EN"
    "http://www.w3.org/TR/xhtml1/DTD/xhtml1-transitional.dtd">
<html xmlns="http://www.w3.org/1999/xhtml" xml:lang="en" lang="en">
 <head>
  <title>
</title>
<meta http-equiv="Content-Type" content="text/html;charset=utf-8" />
  <meta name='ocr-system' content='tesseract 3.04.00' />
  <meta name='ocr-capabilities' content='ocr_page ocr_carea ocr_par ocr_line ocrx_word'/>
</head>
<body>
  <div class='ocr_page' id='page_1' title='image "./vitajesuchristie01ludouoft_0101.png"; bbox 0 0 1902 3126; ppageno 0'>
   <div class='ocr_carea' id='block_1_1' title="bbox 667 135 1207 170">
    <p class='ocr_par' dir='ltr' id='par_1_1' title="bbox 667 135 1207 170">
     <span class='ocr_line' id='line_1_1' title="bbox 667 135 1207 170; baseline 0.002 -2"><span class='ocrx_word' id='word_1_1' title='bbox 667 135 716 168; x_wconf 76' lang='grc' dir='ltr'>ΠΕ</span> <span class='ocrx_word' id='word_1_2' title='bbox 756 136 996 170; x_wconf 65' lang='grc' dir='ltr'><strong>ΕΡΙΙἸΙΑΧΙΑ</strong></span> <span class='ocrx_word' id='word_1_3' title='bbox 1036 137 1207 170; x_wconf 59' lang='lat' dir='ltr'>nomm.</span> 
     </span>
    </p>
   </div>
   <div class='ocr_carea' id='block_1_2' title="bbox 98 204 940 2806">
    <p class='ocr_par' dir='ltr' id='par_1_2' title="bbox 98 204 940 2806">
     <span class='ocr_line' id='line_1_2' title="bbox 128 204 910 252; baseline -0.005 -10"><span class='ocrx_word' id='word_1_4' title='bbox 128 205 279 252; x_wconf 85' lang='lat' dir='ltr'>quippe,</span> <span class='ocrx_word' id='word_1_5' title='bbox 301 216 367 242; x_wconf 90' lang='lat' dir='ltr'>seu</span> <span class='ocrx_word' id='word_1_6' title='bbox 400 204 643 241; x_wconf 78' lang='lat' dir='ltr'>vaticinatum</span> <span class='ocrx_word' id='word_1_7' title='bbox 677 204 811 248; x_wconf 89' lang='lat' dir='ltr'>suerat,</span> <span class='ocrx_word' id='word_1_8' title='bbox 843 214 910 249; x_wconf 89' lang='lat' dir='ltr'>per</span> 
     </span>
     <span class='ocr_line' id='line_1_3' title="bbox 127 250 908 300; baseline -0.006 -10"><span class='ocrx_word' id='word_1_9' title='bbox 127 253 281 290; x_wconf 84' lang='lat' dir='ltr'>Balaam</span> <span class='ocrx_word' id='word_1_10' title='bbox 311 263 378 300; x_wconf 92' lang='lat' dir='ltr'>pro</span> <span class='ocrx_word' id='word_1_11' title='bbox 408 253 532 288; x_wconf 90' lang='lat' dir='ltr'>hetam</span> <span class='ocrx_word' id='word_1_12' title='bbox 562 250 780 294; x_wconf 91' lang='lat' dir='ltr'>Gentilium,</span> <span class='ocrx_word' id='word_1_13' title='bbox 808 251 908 296; x_wconf 90' lang='lat' dir='ltr'>quod</span> 
     </span>
     <span class='ocr_line' id='line_1_4' title="bbox 127 298 907 342; baseline -0.006 -5"><span class='ocrx_word' id='word_1_14' title='bbox 127 300 292 337; x_wconf 89' lang='lat' dir='ltr'>oriretur</span> <span class='ocrx_word' id='word_1_15' title='bbox 312 300 379 336; x_wconf 88' lang='lat' dir='ltr'>stel</span> <span class='ocrx_word' id='word_1_16' title='bbox 398 309 420 335; x_wconf 89' lang='lat' dir='ltr'>a</span> <span class='ocrx_word' id='word_1_17' title='bbox 439 309 482 334; x_wconf 85' lang='lat' dir='ltr'>ex</span> <span class='ocrx_word' id='word_1_18' title='bbox 504 298 619 334; x_wconf 84' lang='lat' dir='ltr'>Jacob</span> <span class='ocrx_word' id='word_1_19' title='bbox 643 301 681 334; x_wconf 88' lang='lat' dir='ltr'>et</span> <span class='ocrx_word' id='word_1_20' title='bbox 701 308 907 342; x_wconf 80' lang='lat' dir='ltr'>consurge-</span> 
     </span>
     <span class='ocr_line' id='line_1_5' title="bbox 125 344 909 388; baseline -0.005 -4"><span class='ocrx_word' id='word_1_21' title='bbox 125 351 185 384; x_wconf 90' lang='lat' dir='ltr'>ret</span> <span class='ocrx_word' id='word_1_22' title='bbox 220 349 332 384; x_wconf 91' lang='lat' dir='ltr'>homo</span> <span class='ocrx_word' id='word_1_23' title='bbox 366 346 412 382; x_wconf 91' lang='lat' dir='ltr'>de</span> <span class='ocrx_word' id='word_1_24' title='bbox 442 344 577 388; x_wconf 88' lang='lat' dir='ltr'>lsrael;</span> <span class='ocrx_word' id='word_1_25' title='bbox 606 344 668 381; x_wconf 92' lang='lat' dir='ltr'>ubi</span> <span class='ocrx_word' id='word_1_26' title='bbox 695 345 909 381; x_wconf 73' lang='lat' dir='ltr'>ostenditur</span> 
     </span>
     <span class='ocr_line' id='line_1_6' title="bbox 127 392 908 441; baseline -0.005 -10"><span class='ocrx_word' id='word_1_27' title='bbox 127 395 227 441; x_wconf 89' lang='lat' dir='ltr'>quod</span> <span class='ocrx_word' id='word_1_28' title='bbox 256 397 359 430; x_wconf 91' lang='lat' dir='ltr'>ortus</span> <span class='ocrx_word' id='word_1_29' title='bbox 392 403 498 429; x_wconf 60' lang='lat' dir='ltr'>novae</span> <span class='ocrx_word' id='word_1_30' title='bbox 536 392 654 428; x_wconf 80' lang='lat' dir='ltr'>stellae</span> <span class='ocrx_word' id='word_1_31' title='bbox 689 392 908 438; x_wconf 88' lang='lat' dir='ltr'>apparentis</span> 
     </span>
     <span class='ocr_line' id='line_1_7' title="bbox 125 439 907 486; baseline -0.004 -8"><span class='ocrx_word' id='word_1_32' title='bbox 125 446 208 478; x_wconf 86' lang='lat' dir='ltr'>erat</span> <span class='ocrx_word' id='word_1_33' title='bbox 243 440 392 486; x_wconf 88' lang='lat' dir='ltr'>signum</span> <span class='ocrx_word' id='word_1_34' title='bbox 428 439 565 477; x_wconf 85' lang='lat' dir='ltr'>Christi</span> <span class='ocrx_word' id='word_1_35' title='bbox 607 439 809 475; x_wconf 81' lang='lat' dir='ltr'>nascentis.</span> <span class='ocrx_word' id='word_1_36' title='bbox 845 439 907 475; x_wconf 89' lang='lat' dir='ltr'>Isti</span> 
     </span>
     <span class='ocr_line' id='line_1_8' title="bbox 124 486 907 534; baseline -0.003 -10"><span class='ocrx_word' id='word_1_37' title='bbox 124 498 215 534; x_wconf 85' lang='lat' dir='ltr'>ergo</span> <span class='ocrx_word' id='word_1_38' title='bbox 238 487 409 524; x_wconf 86' lang='lat' dir='ltr'>videntes</span> <span class='ocrx_word' id='word_1_39' title='bbox 436 497 572 523; x_wconf 88' lang='lat' dir='ltr'>novam</span> <span class='ocrx_word' id='word_1_40' title='bbox 598 486 745 523; x_wconf 88' lang='lat' dir='ltr'>stellam</span> <span class='ocrx_word' id='word_1_41' title='bbox 768 497 907 533; x_wconf 91' lang='lat' dir='ltr'>cogno-</span> 
     </span>
     <span class='ocr_line' id='line_1_9' title="bbox 123 533 905 581; baseline -0.003 -10"><span class='ocrx_word' id='word_1_42' title='bbox 123 538 272 579; x_wconf 88' lang='lat' dir='ltr'>verunt,</span> <span class='ocrx_word' id='word_1_43' title='bbox 299 545 368 581; x_wconf 91' lang='lat' dir='ltr'>per</span> <span class='ocrx_word' id='word_1_44' title='bbox 398 534 685 581; x_wconf 78' lang='lat' dir='ltr'>inspirationem</span> <span class='ocrx_word' id='word_1_45' title='bbox 726 533 905 577; x_wconf 87' lang='lat' dir='ltr'>divinam,</span> 
     </span>
     <span class='ocr_line' id='line_1_10' title="bbox 175 581 906 628; baseline -0.001 -10"><span class='ocrx_word' id='word_1_46' title='bbox 175 582 224 618; x_wconf 95' lang='lat' dir='ltr'>od</span> <span class='ocrx_word' id='word_1_47' title='bbox 251 582 313 618; x_wconf 91' lang='lat' dir='ltr'>illa</span> <span class='ocrx_word' id='word_1_48' title='bbox 337 587 418 618; x_wconf 90' lang='lat' dir='ltr'>erat</span> <span class='ocrx_word' id='word_1_49' title='bbox 444 593 527 628; x_wconf 75' lang='lat' dir='ltr'>qna:-</span> <span class='ocrx_word' id='word_1_50' title='bbox 546 592 613 628; x_wconf 91' lang='lat' dir='ltr'>per</span> <span class='ocrx_word' id='word_1_51' title='bbox 636 581 787 617; x_wconf 85' lang='lat' dir='ltr'>Balaam</span> <span class='ocrx_word' id='word_1_52' title='bbox 810 591 906 628; x_wconf 68' lang='lat' dir='ltr'>prze-</span> 
     </span>
     <span class='ocr_line' id='line_1_11' title="bbox 149 629 907 674; baseline -0.004 -8"><span class='ocrx_word' id='word_1_53' title='bbox 149 629 223 666; x_wconf 91' lang='lat' dir='ltr'>icta</span> <span class='ocrx_word' id='word_1_54' title='bbox 243 630 384 674; x_wconf 82' lang='lat' dir='ltr'>suerat3</span> <span class='ocrx_word' id='word_1_55' title='bbox 407 633 443 665; x_wconf 88' lang='lat' dir='ltr'>et</span> <span class='ocrx_word' id='word_1_56' title='bbox 461 630 544 665; x_wconf 88' lang='lat' dir='ltr'>ideo</span> <span class='ocrx_word' id='word_1_57' title='bbox 563 630 689 665; x_wconf 87' lang='lat' dir='ltr'>statim</span> <span class='ocrx_word' id='word_1_58' title='bbox 709 632 907 665; x_wconf 89' lang='lat' dir='ltr'>moverunt</span> 
     </span>
     <span class='ocr_line' id='line_1_12' title="bbox 121 676 905 721; baseline -0.003 -8"><span class='ocrx_word' id='word_1_59' title='bbox 121 686 161 713; x_wconf 90' lang='lat' dir='ltr'>se</span> <span class='ocrx_word' id='word_1_60' title='bbox 190 677 237 713; x_wconf 90' lang='lat' dir='ltr'>de</span> <span class='ocrx_word' id='word_1_61' title='bbox 267 676 358 713; x_wconf 91' lang='lat' dir='ltr'>locis</span> <span class='ocrx_word' id='word_1_62' title='bbox 385 676 476 721; x_wconf 86' lang='lat' dir='ltr'>suis,</span> <span class='ocrx_word' id='word_1_63' title='bbox 508 680 548 712; x_wconf 90' lang='lat' dir='ltr'>ut</span> <span class='ocrx_word' id='word_1_64' title='bbox 575 677 622 712; x_wconf 86' lang='lat' dir='ltr'>ad</span> <span class='ocrx_word' id='word_1_65' title='bbox 649 676 905 712; x_wconf 87' lang='lat' dir='ltr'>venerandum</span> 
     </span>
     <span class='ocr_line' id='line_1_13' title="bbox 123 724 904 760; baseline -0.001 0"><span class='ocrx_word' id='word_1_66' title='bbox 123 724 288 760; x_wconf 90' lang='lat' dir='ltr'>Puerum</span> <span class='ocrx_word' id='word_1_67' title='bbox 320 728 450 760; x_wconf 90' lang='lat' dir='ltr'>natum</span> <span class='ocrx_word' id='word_1_68' title='bbox 478 724 665 760; x_wconf 89' lang='lat' dir='ltr'>venirent.</span> <span class='ocrx_word' id='word_1_69' title='bbox 696 724 758 759; x_wconf 90' lang='lat' dir='ltr'>lsti</span> <span class='ocrx_word' id='word_1_70' title='bbox 787 734 809 759; x_wconf 89' lang='lat' dir='ltr'>a</span> <span class='ocrx_word' id='word_1_71' title='bbox 835 725 904 759; x_wconf 88' lang='lat' dir='ltr'>Ba-</span> 
     </span>
     <span class='ocr_line' id='line_1_14' title="bbox 119 770 905 818; baseline 0 -11"><span class='ocrx_word' id='word_1_72' title='bbox 119 771 220 808; x_wconf 90' lang='lat' dir='ltr'>laam</span> <span class='ocrx_word' id='word_1_73' title='bbox 247 782 367 818; x_wconf 89' lang='lat' dir='ltr'>genus</span> <span class='ocrx_word' id='word_1_74' title='bbox 393 772 592 815; x_wconf 84' lang='lat' dir='ltr'>duxerant,</span> <span class='ocrx_word' id='word_1_75' title='bbox 617 774 653 806; x_wconf 89' lang='lat' dir='ltr'>et</span> <span class='ocrx_word' id='word_1_76' title='bbox 681 781 755 806; x_wconf 93' lang='lat' dir='ltr'>non</span> <span class='ocrx_word' id='word_1_77' title='bbox 781 770 905 807; x_wconf 88' lang='lat' dir='ltr'>minus</span> 
     </span>
     <span class='ocr_line' id='line_1_15' title="bbox 119 818 906 866; baseline -0.001 -12"><span class='ocrx_word' id='word_1_78' title='bbox 119 818 210 855; x_wconf 87' lang='lat' dir='ltr'>fidei</span> <span class='ocrx_word' id='word_1_79' title='bbox 249 829 362 866; x_wconf 89' lang='lat' dir='ltr'>quam</span> <span class='ocrx_word' id='word_1_80' title='bbox 405 820 557 865; x_wconf 87' lang='lat' dir='ltr'>generis</span> <span class='ocrx_word' id='word_1_81' title='bbox 594 828 832 854; x_wconf 89' lang='lat' dir='ltr'>successores</span> <span class='ocrx_word' id='word_1_82' title='bbox 870 822 906 854; x_wconf 90' lang='lat' dir='ltr'>et</span> 
     </span>
     <span class='ocr_line' id='line_1_16' title="bbox 120 865 906 911; baseline -0.003 -9"><span class='ocrx_word' id='word_1_83' title='bbox 120 866 293 903; x_wconf 87' lang='lat' dir='ltr'>haeredes</span> <span class='ocrx_word' id='word_1_84' title='bbox 321 870 442 909; x_wconf 91' lang='lat' dir='ltr'>erant,</span> <span class='ocrx_word' id='word_1_85' title='bbox 480 866 579 902; x_wconf 92' lang='lat' dir='ltr'>unde</span> <span class='ocrx_word' id='word_1_86' title='bbox 611 876 686 900; x_wconf 89' lang='lat' dir='ltr'>non</span> <span class='ocrx_word' id='word_1_87' title='bbox 713 875 735 900; x_wconf 93' lang='lat' dir='ltr'>a</span> <span class='ocrx_word' id='word_1_88' title='bbox 761 865 906 911; x_wconf 84' lang='lat' dir='ltr'>magica</span> 
     </span>
     <span class='ocr_line' id='line_1_17' title="bbox 120 912 904 959; baseline -0.004 -9"><span class='ocrx_word' id='word_1_89' title='bbox 120 916 216 959; x_wconf 91' lang='lat' dir='ltr'>arte,</span> <span class='ocrx_word' id='word_1_90' title='bbox 257 913 322 950; x_wconf 89' lang='lat' dir='ltr'>sed</span> <span class='ocrx_word' id='word_1_91' title='bbox 371 924 393 949; x_wconf 88' lang='lat' dir='ltr'>a</span> <span class='ocrx_word' id='word_1_92' title='bbox 440 912 699 959; x_wconf 83' lang='lat' dir='ltr'>magnitudine</span> <span class='ocrx_word' id='word_1_93' title='bbox 739 912 904 948; x_wconf 75' lang='lat' dir='ltr'>scientiae</span> 
     </span>
     <span class='ocr_line' id='line_1_18' title="bbox 120 959 906 1006; baseline 0 -10"><span class='ocrx_word' id='word_1_94' title='bbox 120 960 243 998; x_wconf 84' lang='lat' dir='ltr'>vocati</span> <span class='ocrx_word' id='word_1_95' title='bbox 270 964 357 998; x_wconf 92' lang='lat' dir='ltr'>sunt</span> <span class='ocrx_word' id='word_1_96' title='bbox 384 960 496 1006; x_wconf 85' lang='lat' dir='ltr'>Magi,</span> <span class='ocrx_word' id='word_1_97' title='bbox 525 961 630 1006; x_wconf 89' lang='lat' dir='ltr'>quasi</span> <span class='ocrx_word' id='word_1_98' title='bbox 659 959 695 994; x_wconf 91' lang='lat' dir='ltr'>in</span> <span class='ocrx_word' id='word_1_99' title='bbox 721 959 906 1006; x_wconf 88' lang='lat' dir='ltr'>sapientia</span> 
     </span>
     <span class='ocr_line' id='line_1_19' title="bbox 120 1006 903 1055; baseline -0.003 -11"><span class='ocrx_word' id='word_1_100' title='bbox 120 1008 271 1054; x_wconf 88' lang='lat' dir='ltr'>magni;</span> <span class='ocrx_word' id='word_1_101' title='bbox 294 1011 331 1044; x_wconf 86' lang='lat' dir='ltr'>et</span> <span class='ocrx_word' id='word_1_102' title='bbox 348 1012 455 1044; x_wconf 90' lang='lat' dir='ltr'>erant</span> <span class='ocrx_word' id='word_1_103' title='bbox 475 1006 693 1055; x_wconf 71' lang='lat' dir='ltr'>inscientia</span> <span class='ocrx_word' id='word_1_104' title='bbox 713 1011 903 1043; x_wconf 75' lang='lat' dir='ltr'>astrorum</span> 
     </span>
     <span class='ocr_line' id='line_1_20' title="bbox 117 1052 902 1102; baseline -0.003 -11"><span class='ocrx_word' id='word_1_105' title='bbox 117 1055 229 1102; x_wconf 87' lang='lat' dir='ltr'>periti</span> <span class='ocrx_word' id='word_1_106' title='bbox 272 1067 280 1091; x_wconf 92' lang='lat'>:</span> <span class='ocrx_word' id='word_1_107' title='bbox 316 1066 410 1101; x_wconf 91' lang='lat' dir='ltr'>quos</span> <span class='ocrx_word' id='word_1_108' title='bbox 437 1052 536 1091; x_wconf 64' lang='lat' dir='ltr'>eniin</span> <span class='ocrx_word' id='word_1_109' title='bbox 566 1053 719 1090; x_wconf 74' lang='lat' dir='ltr'>Hebraei</span> <span class='ocrx_word' id='word_1_110' title='bbox 748 1055 902 1099; x_wconf 77' lang='lat' dir='ltr'>scribas,</span> 
     </span>
     <span class='ocr_line' id='line_1_21' title="bbox 120 1099 904 1150; baseline -0.004 -11"><span class='ocrx_word' id='word_1_111' title='bbox 120 1099 240 1139; x_wconf 81' lang='lat' dir='ltr'>Graeci</span> <span class='ocrx_word' id='word_1_112' title='bbox 263 1103 523 1150; x_wconf 81' lang='lat' dir='ltr'>philosophos,</span> <span class='ocrx_word' id='word_1_113' title='bbox 554 1101 675 1138; x_wconf 90' lang='lat' dir='ltr'>Latini</span> <span class='ocrx_word' id='word_1_114' title='bbox 700 1101 904 1148; x_wconf 83' lang='lat' dir='ltr'>sapientes,</span> 
     </span>
     <span class='ocr_line' id='line_1_22' title="bbox 98 1149 904 1196; baseline -0.002 -10"><span class='ocrx_word' id='word_1_115' title='bbox 98 1149 188 1191; x_wconf 48' lang='lat' dir='ltr'>,hos</span> <span class='ocrx_word' id='word_1_116' title='bbox 218 1150 342 1186; x_wconf 81' lang='lat' dir='ltr'>Persae</span> <span class='ocrx_word' id='word_1_117' title='bbox 371 1151 499 1196; x_wconf 91' lang='lat' dir='ltr'>Magos</span> <span class='ocrx_word' id='word_1_118' title='bbox 527 1149 730 1196; x_wconf 90' lang='lat' dir='ltr'>appellant.</span> <span class='ocrx_word' id='word_1_119' title='bbox 755 1150 799 1184; x_wconf 91' lang='lat' dir='ltr'>Et</span> <span class='ocrx_word' id='word_1_120' title='bbox 821 1149 904 1185; x_wconf 89' lang='lat' dir='ltr'>ideo</span> 
     </span>
     <span class='ocr_line' id='line_1_23' title="bbox 98 1197 902 1244; baseline -0.001 -11"><span class='ocrx_word' id='word_1_121' title='bbox 98 1200 228 1234; x_wconf 81' lang='lat' dir='ltr'>&#39;erant</span> <span class='ocrx_word' id='word_1_122' title='bbox 268 1198 378 1244; x_wconf 85' lang='lat' dir='ltr'>Magi,</span> <span class='ocrx_word' id='word_1_123' title='bbox 416 1208 492 1233; x_wconf 90' lang='lat' dir='ltr'>non</span> <span class='ocrx_word' id='word_1_124' title='bbox 519 1197 703 1240; x_wconf 80' lang='lat' dir='ltr'>malefici3</span> <span class='ocrx_word' id='word_1_125' title='bbox 738 1197 804 1232; x_wconf 91' lang='lat' dir='ltr'>sed</span> <span class='ocrx_word' id='word_1_126' title='bbox 843 1207 902 1232; x_wconf 89' lang='lat' dir='ltr'>sa·</span> 
     </span>
     <span class='ocr_line' id='line_1_24' title="bbox 117 1243 902 1297; baseline -0.001 -17"><span class='ocrx_word' id='word_1_127' title='bbox 117 1243 266 1297; x_wconf 82' lang='lat' dir='ltr'>pientes</span> <span class='ocrx_word' id='word_1_128' title='bbox 302 1244 477 1291; x_wconf 75' lang='lat' dir='ltr'>primitiae</span> <span class='ocrx_word' id='word_1_129' title='bbox 514 1244 602 1280; x_wconf 85' lang='lat' dir='ltr'>fidei</span> <span class='ocrx_word' id='word_1_130' title='bbox 634 1247 772 1279; x_wconf 77' lang='lat' dir='ltr'>nostrae</span> <span class='ocrx_word' id='word_1_131' title='bbox 802 1255 809 1279; x_wconf 91' lang='lat'>:</span> <span class='ocrx_word' id='word_1_132' title='bbox 839 1243 902 1290; x_wconf 89' lang='lat' dir='ltr'>qui</span> 
     </span>
     <span class='ocr_line' id='line_1_25' title="bbox 116 1291 904 1337; baseline -0.003 -9"><span class='ocrx_word' id='word_1_133' title='bbox 116 1291 204 1328; x_wconf 82' lang='lat' dir='ltr'>ldeo</span> <span class='ocrx_word' id='word_1_134' title='bbox 244 1291 357 1328; x_wconf 86' lang='lat' dir='ltr'>etiam</span> <span class='ocrx_word' id='word_1_135' title='bbox 397 1303 506 1336; x_wconf 74' lang='lat' dir='ltr'>reges</span> <span class='ocrx_word' id='word_1_136' title='bbox 543 1291 633 1327; x_wconf 88' lang='lat' dir='ltr'>dicti</span> <span class='ocrx_word' id='word_1_137' title='bbox 675 1295 775 1335; x_wconf 86' lang='lat' dir='ltr'>sunt,</span> <span class='ocrx_word' id='word_1_138' title='bbox 817 1291 904 1337; x_wconf 85' lang='lat' dir='ltr'>quia</span> 
     </span>
     <span class='ocr_line' id='line_1_26' title="bbox 116 1338 904 1386; baseline 0 -12"><span class='ocrx_word' id='word_1_139' title='bbox 116 1339 181 1375; x_wconf 91' lang='lat' dir='ltr'>illo</span> <span class='ocrx_word' id='word_1_140' title='bbox 210 1343 382 1386; x_wconf 90' lang='lat' dir='ltr'>tempore</span> <span class='ocrx_word' id='word_1_141' title='bbox 409 1338 623 1386; x_wconf 69' lang='lat' dir='ltr'>philosophi</span> <span class='ocrx_word' id='word_1_142' title='bbox 652 1342 688 1374; x_wconf 89' lang='lat' dir='ltr'>et</span> <span class='ocrx_word' id='word_1_143' title='bbox 716 1338 904 1384; x_wconf 86' lang='lat' dir='ltr'>sapientes</span> 
     </span>
     <span class='ocr_line' id='line_1_27' title="bbox 118 1386 905 1434; baseline 0 -13"><span class='ocrx_word' id='word_1_144' title='bbox 118 1396 279 1434; x_wconf 89' lang='lat' dir='ltr'>regnare</span> <span class='ocrx_word' id='word_1_145' title='bbox 301 1390 592 1423; x_wconf 78' lang='lat' dir='ltr'>consueverunt.</span> <span class='ocrx_word' id='word_1_146' title='bbox 618 1386 721 1422; x_wconf 83' lang='lat' dir='ltr'>Unde</span> <span class='ocrx_word' id='word_1_147' title='bbox 743 1386 789 1421; x_wconf 90' lang='lat' dir='ltr'>de</span> <span class='ocrx_word' id='word_1_148' title='bbox 810 1386 905 1422; x_wconf 92' lang='lat' dir='ltr'>anti-</span> 
     </span>
     <span class='ocr_line' id='line_1_28' title="bbox 117 1432 903 1480; baseline -0.003 -10"><span class='ocrx_word' id='word_1_149' title='bbox 117 1443 278 1480; x_wconf 88' lang='lat' dir='ltr'>quorum</span> <span class='ocrx_word' id='word_1_150' title='bbox 310 1438 524 1480; x_wconf 85' lang='lat' dir='ltr'>temporum</span> <span class='ocrx_word' id='word_1_151' title='bbox 561 1432 739 1469; x_wconf 72' lang='lat' dir='ltr'>felicitate</span> <span class='ocrx_word' id='word_1_152' title='bbox 770 1434 903 1469; x_wconf 80' lang='lat' dir='ltr'>Seneca</span> 
     </span>
     <span class='ocr_line' id='line_1_29' title="bbox 117 1479 938 1518; baseline 0 -2"><span class='ocrx_word' id='word_1_153' title='bbox 117 1480 171 1517; x_wconf 86' lang='lat' dir='ltr'>sic</span> <span class='ocrx_word' id='word_1_154' title='bbox 205 1481 295 1518; x_wconf 91' lang='lat' dir='ltr'>dicit</span> <span class='ocrx_word' id='word_1_155' title='bbox 330 1492 338 1515; x_wconf 75' lang='grc' dir='ltr'>ι</span> <span class='ocrx_word' id='word_1_156' title='bbox 377 1496 394 1513; x_wconf 78' lang='grc' dir='ltr'><strong>κ</strong></span> <span class='ocrx_word' id='word_1_157' title='bbox 436 1482 591 1517; x_wconf 87' lang='lat' dir='ltr'>Summa</span> <span class='ocrx_word' id='word_1_158' title='bbox 627 1479 784 1516; x_wconf 79' lang='lat' dir='ltr'>felicitas</span> <span class='ocrx_word' id='word_1_159' title='bbox 823 1484 903 1516; x_wconf 88' lang='lat' dir='ltr'>erat</span> <span class='ocrx_word' id='word_1_160' title='bbox 937 1496 938 1505; x_wconf 52' lang='lat'>¹</span> 
     </span>
     <span class='ocr_line' id='line_1_30' title="bbox 116 1527 902 1575; baseline -0.003 -11"><span class='ocrx_word' id='word_1_161' title='bbox 116 1528 299 1575; x_wconf 88' lang='lat' dir='ltr'>gentium,</span> <span class='ocrx_word' id='word_1_162' title='bbox 330 1527 369 1564; x_wconf 87' lang='lat' dir='ltr'>in</span> <span class='ocrx_word' id='word_1_163' title='bbox 397 1528 534 1574; x_wconf 90' lang='lat' dir='ltr'>quibus</span> <span class='ocrx_word' id='word_1_164' title='bbox 561 1538 637 1563; x_wconf 88' lang='lat' dir='ltr'>non</span> <span class='ocrx_word' id='word_1_165' title='bbox 664 1530 813 1573; x_wconf 89' lang='lat' dir='ltr'>poterat</span> <span class='ocrx_word' id='word_1_166' title='bbox 839 1538 902 1573; x_wconf 88' lang='lat' dir='ltr'>po-</span> 
     </span>
     <span class='ocr_line' id='line_1_31' title="bbox 114 1574 937 1619; baseline -0.002 -8"><span class='ocrx_word' id='word_1_167' title='bbox 114 1575 256 1612; x_wconf 87' lang='lat' dir='ltr'>tentior</span> <span class='ocrx_word' id='word_1_168' title='bbox 294 1586 376 1611; x_wconf 86' lang='lat' dir='ltr'>esse</span> <span class='ocrx_word' id='word_1_169' title='bbox 419 1574 489 1610; x_wconf 89' lang='lat' dir='ltr'>nisi</span> <span class='ocrx_word' id='word_1_170' title='bbox 526 1575 671 1610; x_wconf 91' lang='lat' dir='ltr'>melior.</span> <span class='ocrx_word' id='word_1_171' title='bbox 707 1574 772 1609; x_wconf 91' lang='lat' dir='ltr'>Illo</span> <span class='ocrx_word' id='word_1_172' title='bbox 810 1585 900 1619; x_wconf 88' lang='lat' dir='ltr'>ergo</span> <span class='ocrx_word' id='word_1_173' title='bbox 936 1602 937 1605; x_wconf 57' lang='grc'>,</span> 
     </span>
     <span class='ocr_line' id='line_1_32' title="bbox 116 1621 936 1668; baseline -0.002 -9"><span class='ocrx_word' id='word_1_174' title='bbox 116 1623 243 1659; x_wconf 89' lang='lat' dir='ltr'>seculo</span> <span class='ocrx_word' id='word_1_175' title='bbox 265 1622 365 1668; x_wconf 90' lang='lat' dir='ltr'>quod</span> <span class='ocrx_word' id='word_1_176' title='bbox 387 1632 543 1658; x_wconf 90' lang='lat' dir='ltr'>aureum</span> <span class='ocrx_word' id='word_1_177' title='bbox 564 1621 796 1668; x_wconf 70' lang='lat' dir='ltr'>perhibetur,</span> <span class='ocrx_word' id='word_1_178' title='bbox 821 1622 902 1657; x_wconf 81' lang='lat' dir='ltr'>otti·</span> <span class='ocrx_word' id='word_1_179' title='bbox 934 1631 936 1635; x_wconf 87' lang='lat'>·</span> 
     </span>
     <span class='ocr_line' id='line_1_33' title="bbox 115 1669 936 1715; baseline -0.002 -9"><span class='ocrx_word' id='word_1_180' title='bbox 115 1669 214 1706; x_wconf 89' lang='lat' dir='ltr'>cium</span> <span class='ocrx_word' id='word_1_181' title='bbox 251 1673 331 1706; x_wconf 92' lang='lat' dir='ltr'>erat</span> <span class='ocrx_word' id='word_1_182' title='bbox 365 1669 553 1715; x_wconf 89' lang='lat' dir='ltr'>imperare</span> <span class='ocrx_word' id='word_1_183' title='bbox 593 1680 666 1704; x_wconf 90' lang='lat' dir='ltr'>non</span> <span class='ocrx_word' id='word_1_184' title='bbox 701 1679 859 1714; x_wconf 89' lang='lat' dir='ltr'>regnum</span> <span class='ocrx_word' id='word_1_185' title='bbox 890 1681 897 1704; x_wconf 90' lang='lat'>:</span> <span class='ocrx_word' id='word_1_186' title='bbox 933 1680 936 1708; x_wconf 51' lang='grc' dir='ltr'><strong><em>τ</em></strong></span> 
     </span>
     <span class='ocr_line' id='line_1_34' title="bbox 115 1715 936 1763; baseline -0.002 -10"><span class='ocrx_word' id='word_1_187' title='bbox 115 1727 248 1763; x_wconf 90' lang='lat' dir='ltr'>parum</span> <span class='ocrx_word' id='word_1_188' title='bbox 270 1720 352 1754; x_wconf 90' lang='lat' dir='ltr'>erat</span> <span class='ocrx_word' id='word_1_189' title='bbox 371 1716 451 1763; x_wconf 89' lang='lat' dir='ltr'>regi</span> <span class='ocrx_word' id='word_1_190' title='bbox 475 1717 556 1753; x_wconf 88' lang='lat' dir='ltr'>sine</span> <span class='ocrx_word' id='word_1_191' title='bbox 578 1720 658 1752; x_wconf 90' lang='lat' dir='ltr'>arte</span> <span class='ocrx_word' id='word_1_192' title='bbox 682 1721 719 1752; x_wconf 92' lang='lat' dir='ltr'>et</span> <span class='ocrx_word' id='word_1_193' title='bbox 743 1715 901 1752; x_wconf 83' lang='lat' dir='ltr'>difficul—</span> <span class='ocrx_word' id='word_1_194' title='bbox 934 1729 936 1739; x_wconf 52' lang='grc' dir='ltr'><em>ν</em></span> 
     </span>
     <span class='ocr_line' id='line_1_35' title="bbox 114 1764 936 1810; baseline -0.002 -9"><span class='ocrx_word' id='word_1_195' title='bbox 114 1767 192 1801; x_wconf 87' lang='lat' dir='ltr'>tate</span> <span class='ocrx_word' id='word_1_196' title='bbox 212 1764 283 1801; x_wconf 90' lang='lat' dir='ltr'>sibi</span> <span class='ocrx_word' id='word_1_197' title='bbox 306 1764 475 1800; x_wconf 89' lang='lat' dir='ltr'>invenire</span> <span class='ocrx_word' id='word_1_198' title='bbox 503 1764 655 1810; x_wconf 82' lang='lat' dir='ltr'>aliquod</span> <span class='ocrx_word' id='word_1_199' title='bbox 681 1767 898 1810; x_wconf 84' lang='lat' dir='ltr'>receptacu-</span> <span class='ocrx_word' id='word_1_200' title='bbox 934 1792 936 1803; x_wconf 83' lang='lat'>‚</span> 
     </span>
     <span class='ocr_line' id='line_1_36' title="bbox 115 1811 936 1858; baseline -0.004 -11"><span class='ocrx_word' id='word_1_201' title='bbox 115 1811 206 1849; x_wconf 90' lang='lat' dir='ltr'>lum.</span> <span class='ocrx_word' id='word_1_202' title='bbox 233 1825 252 1846; x_wconf 69' lang='lat' dir='ltr'>n</span> <span class='ocrx_word' id='word_1_203' title='bbox 281 1811 385 1848; x_wconf 92' lang='lat' dir='ltr'>Unde</span> <span class='ocrx_word' id='word_1_204' title='bbox 412 1812 458 1847; x_wconf 90' lang='lat' dir='ltr'>de</span> <span class='ocrx_word' id='word_1_205' title='bbox 485 1813 647 1858; x_wconf 87' lang='lat' dir='ltr'>quodam</span> <span class='ocrx_word' id='word_1_206' title='bbox 674 1811 898 1857; x_wconf 84' lang='lat' dir='ltr'>philosopho</span> <span class='ocrx_word' id='word_1_207' title='bbox 934 1825 936 1844; x_wconf 69' lang='grc' dir='ltr'><strong>ι</strong></span> 
     </span>
     <span class='ocr_line' id='line_1_37' title="bbox 115 1858 900 1905; baseline -0.001 -10"><span class='ocrx_word' id='word_1_208' title='bbox 115 1862 204 1896; x_wconf 89' lang='lat' dir='ltr'>tunc</span> <span class='ocrx_word' id='word_1_209' title='bbox 220 1863 375 1905; x_wconf 87' lang='lat' dir='ltr'>regente</span> <span class='ocrx_word' id='word_1_210' title='bbox 391 1860 518 1895; x_wconf 86' lang='lat' dir='ltr'>statim</span> <span class='ocrx_word' id='word_1_211' title='bbox 535 1858 730 1905; x_wconf 78' lang='lat' dir='ltr'>subJungit</span> <span class='ocrx_word' id='word_1_212' title='bbox 750 1870 758 1894; x_wconf 87' lang='lat'>:</span> <span class='ocrx_word' id='word_1_213' title='bbox 781 1873 798 1891; x_wconf 92' lang='lat'>«</span> <span class='ocrx_word' id='word_1_214' title='bbox 818 1860 900 1896; x_wconf 85' lang='lat' dir='ltr'>Dio-</span> 
     </span>
     <span class='ocr_line' id='line_1_38' title="bbox 115 1906 898 1959; baseline -0.003 -16"><span class='ocrx_word' id='word_1_215' title='bbox 115 1917 232 1959; x_wconf 83' lang='lat' dir='ltr'>genes</span> <span class='ocrx_word' id='word_1_216' title='bbox 265 1906 423 1953; x_wconf 78' lang='lat' dir='ltr'>Cynicus</span> <span class='ocrx_word' id='word_1_217' title='bbox 447 1917 530 1942; x_wconf 84' lang='lat' dir='ltr'>cum</span> <span class='ocrx_word' id='word_1_218' title='bbox 560 1906 716 1942; x_wconf 76' lang='lat' dir='ltr'>vidisset</span> <span class='ocrx_word' id='word_1_219' title='bbox 741 1916 898 1952; x_wconf 78' lang='lat' dir='ltr'>puerum</span> 
     </span>
     <span class='ocr_line' id='line_1_39' title="bbox 116 1953 901 1999; baseline -0.003 -9"><span class='ocrx_word' id='word_1_220' title='bbox 116 1964 209 1990; x_wconf 87' lang='lat' dir='ltr'>cava</span> <span class='ocrx_word' id='word_1_221' title='bbox 244 1964 360 1990; x_wconf 88' lang='lat' dir='ltr'>manu</span> <span class='ocrx_word' id='word_1_222' title='bbox 392 1964 528 1999; x_wconf 87' lang='lat' dir='ltr'>aquam</span> <span class='ocrx_word' id='word_1_223' title='bbox 554 1953 762 1997; x_wconf 83' lang='lat' dir='ltr'>bibentem,</span> <span class='ocrx_word' id='word_1_224' title='bbox 790 1953 901 1999; x_wconf 80' lang='lat' dir='ltr'>tregit</span> 
     </span>
     <span class='ocr_line' id='line_1_40' title="bbox 116 1999 901 2084; baseline -0.003 -47"><span class='ocrx_word' id='word_1_225' title='bbox 116 2000 290 2084; x_wconf 53' lang='lat' dir='ltr'>protinus</span> <span class='ocrx_word' id='word_1_226' title='bbox 314 2006 527 2046; x_wconf 82' lang='lat' dir='ltr'>exemptum</span> <span class='ocrx_word' id='word_1_227' title='bbox 554 2012 573 2037; x_wconf 89' lang='lat' dir='ltr'>e</span> <span class='ocrx_word' id='word_1_228' title='bbox 593 2000 726 2046; x_wconf 88' lang='lat' dir='ltr'>perula</span> <span class='ocrx_word' id='word_1_229' title='bbox 747 1999 901 2036; x_wconf 84' lang='lat' dir='ltr'>calicem</span> 
     </span>
     <span class='ocr_line' id='line_1_41' title="bbox 146 2047 902 2096; baseline -0.008 -11"><span class='ocrx_word' id='word_1_230' title='bbox 146 2059 189 2085; x_wconf 92' lang='lat' dir='ltr'>ac</span> <span class='ocrx_word' id='word_1_231' title='bbox 207 2048 469 2096; x_wconf 77' lang='lat' dir='ltr'>objurgatione</span> <span class='ocrx_word' id='word_1_232' title='bbox 488 2048 542 2084; x_wconf 91' lang='lat' dir='ltr'>sui</span> <span class='ocrx_word' id='word_1_233' title='bbox 560 2060 567 2083; x_wconf 91' lang='lat'>:</span> <span class='ocrx_word' id='word_1_234' title='bbox 588 2047 773 2092; x_wconf 80' lang='lat' dir='ltr'>Quamdiu</span> <span class='ocrx_word' id='word_1_235' title='bbox 791 2048 902 2083; x_wconf 63' lang='lat' dir='ltr'>homo</span> 
     </span>
     <span class='ocr_line' id='line_1_42' title="bbox 117 2094 901 2142; baseline -0.003 -10"><span class='ocrx_word' id='word_1_236' title='bbox 117 2095 253 2132; x_wconf 89' lang='lat' dir='ltr'>stultus</span> <span class='ocrx_word' id='word_1_237' title='bbox 288 2106 538 2142; x_wconf 83' lang='lat' dir='ltr'>supervacuas</span> <span class='ocrx_word' id='word_1_238' title='bbox 570 2094 738 2132; x_wconf 87' lang='lat' dir='ltr'>sarcinas</span> <span class='ocrx_word' id='word_1_239' title='bbox 766 2095 901 2131; x_wconf 83' lang='lat' dir='ltr'>habui!</span> 
     </span>
     <span class='ocr_line' id='line_1_43' title="bbox 120 2142 939 2189; baseline -0.006 -9"><span class='ocrx_word' id='word_1_240' title='bbox 120 2142 189 2187; x_wconf 87' lang='lat' dir='ltr'>Qui</span> <span class='ocrx_word' id='word_1_241' title='bbox 223 2154 262 2180; x_wconf 90' lang='lat' dir='ltr'>se</span> <span class='ocrx_word' id='word_1_242' title='bbox 286 2143 501 2189; x_wconf 85' lang='lat' dir='ltr'>complicuit</span> <span class='ocrx_word' id='word_1_243' title='bbox 528 2142 565 2178; x_wconf 90' lang='lat' dir='ltr'>in</span> <span class='ocrx_word' id='word_1_244' title='bbox 591 2142 707 2186; x_wconf 78' lang='lat' dir='ltr'>dolio,</span> <span class='ocrx_word' id='word_1_245' title='bbox 735 2146 769 2178; x_wconf 91' lang='lat' dir='ltr'>et</span> <span class='ocrx_word' id='word_1_246' title='bbox 798 2143 834 2177; x_wconf 88' lang='lat' dir='ltr'>in</span> <span class='ocrx_word' id='word_1_247' title='bbox 860 2153 903 2178; x_wconf 84' lang='lat' dir='ltr'>eo</span> <span class='ocrx_word' id='word_1_248' title='bbox 938 2172 939 2175; x_wconf 75' lang='grc'>,</span> 
     </span>
     <span class='ocr_line' id='line_1_44' title="bbox 120 2190 902 2235; baseline -0.004 -8"><span class='ocrx_word' id='word_1_249' title='bbox 120 2190 299 2227; x_wconf 86' lang='lat' dir='ltr'>cubitavit</span> <span class='ocrx_word' id='word_1_250' title='bbox 321 2202 329 2226; x_wconf 72' lang='grc' dir='ltr'>ε</span> <span class='ocrx_word' id='word_1_251' title='bbox 353 2204 371 2223; x_wconf 86' lang='lat'>»</span> <span class='ocrx_word' id='word_1_252' title='bbox 395 2191 475 2226; x_wconf 57' lang='lat' dir='ltr'>haec</span> <span class='ocrx_word' id='word_1_253' title='bbox 499 2192 645 2227; x_wconf 79' lang='lat' dir='ltr'>Seneca.</span> <span class='ocrx_word' id='word_1_254' title='bbox 672 2190 700 2226; x_wconf 94' lang='lat' dir='ltr'>O</span> <span class='ocrx_word' id='word_1_255' title='bbox 723 2193 902 2235; x_wconf 75' lang='lat' dir='ltr'>quantuni</span> 
     </span>
     <span class='ocr_line' id='line_1_45' title="bbox 120 2237 939 2283; baseline -0.002 -9"><span class='ocrx_word' id='word_1_256' title='bbox 120 2237 235 2274; x_wconf 89' lang='lat' dir='ltr'>distat</span> <span class='ocrx_word' id='word_1_257' title='bbox 260 2237 359 2274; x_wconf 90' lang='lat' dir='ltr'>inter</span> <span class='ocrx_word' id='word_1_258' title='bbox 385 2242 552 2274; x_wconf 87' lang='lat' dir='ltr'>rectores</span> <span class='ocrx_word' id='word_1_259' title='bbox 581 2238 693 2283; x_wconf 85' lang='lat' dir='ltr'>hujus</span> <span class='ocrx_word' id='word_1_260' title='bbox 724 2237 904 2283; x_wconf 80' lang='lat' dir='ltr'>temporis</span> <span class='ocrx_word' id='word_1_261' title='bbox 938 2250 939 2254; x_wconf 51' lang='lat'>¹</span> 
     </span>
     <span class='ocr_line' id='line_1_46' title="bbox 121 2284 902 2330; baseline -0.001 -10"><span class='ocrx_word' id='word_1_262' title='bbox 121 2288 158 2321; x_wconf 90' lang='lat' dir='ltr'>et.</span> <span class='ocrx_word' id='word_1_263' title='bbox 176 2285 296 2321; x_wconf 84' lang='lat' dir='ltr'>illius!</span> <span class='ocrx_word' id='word_1_264' title='bbox 327 2284 415 2330; x_wconf 91' lang='lat' dir='ltr'>quia</span> <span class='ocrx_word' id='word_1_265' title='bbox 438 2295 535 2321; x_wconf 91' lang='lat' dir='ltr'>nunc</span> <span class='ocrx_word' id='word_1_266' title='bbox 567 2284 695 2320; x_wconf 86' lang='lat' dir='ltr'>omnia</span> <span class='ocrx_word' id='word_1_267' title='bbox 715 2284 789 2320; x_wconf 89' lang='lat' dir='ltr'>illis</span> <span class='ocrx_word' id='word_1_268' title='bbox 813 2294 902 2320; x_wconf 90' lang='lat' dir='ltr'>con-</span> 
     </span>
     <span class='ocr_line' id='line_1_47' title="bbox 121 2331 940 2376; baseline 0 -9"><span class='ocrx_word' id='word_1_269' title='bbox 121 2331 239 2368; x_wconf 88' lang='lat' dir='ltr'>traria</span> <span class='ocrx_word' id='word_1_270' title='bbox 267 2343 275 2366; x_wconf 90' lang='lat'>:</span> <span class='ocrx_word' id='word_1_271' title='bbox 304 2331 467 2376; x_wconf 76' lang='lat' dir='ltr'>divitias,</span> <span class='ocrx_word' id='word_1_272' title='bbox 498 2333 663 2368; x_wconf 86' lang='lat' dir='ltr'>honores</span> <span class='ocrx_word' id='word_1_273' title='bbox 690 2335 726 2368; x_wconf 89' lang='lat' dir='ltr'>et</span> <span class='ocrx_word' id='word_1_274' title='bbox 753 2331 905 2368; x_wconf 83' lang='lat' dir='ltr'>delicias</span> <span class='ocrx_word' id='word_1_275' title='bbox 938 2333 940 2374; x_wconf 78' lang='grc' dir='ltr'>ξ</span> 
     </span>
     <span class='ocr_line' id='line_1_48' title="bbox 120 2379 940 2426; baseline 0 -11"><span class='ocrx_word' id='word_1_276' title='bbox 120 2382 313 2425; x_wconf 86' lang='lat' dir='ltr'>quaerunt;</span> <span class='ocrx_word' id='word_1_277' title='bbox 329 2383 365 2415; x_wconf 87' lang='lat' dir='ltr'>et</span> <span class='ocrx_word' id='word_1_278' title='bbox 387 2379 470 2415; x_wconf 84' lang='lat' dir='ltr'>ideo</span> <span class='ocrx_word' id='word_1_279' title='bbox 488 2379 525 2415; x_wconf 93' lang='lat' dir='ltr'>in</span> <span class='ocrx_word' id='word_1_280' title='bbox 544 2380 667 2415; x_wconf 77' lang='lat' dir='ltr'>futuro</span> <span class='ocrx_word' id='word_1_281' title='bbox 688 2379 783 2415; x_wconf 87' lang='lat' dir='ltr'>sorte</span> <span class='ocrx_word' id='word_1_282' title='bbox 798 2380 904 2426; x_wconf 84' lang='lat' dir='ltr'>pejus</span> <span class='ocrx_word' id='word_1_283' title='bbox 938 2398 940 2404; x_wconf 46' lang='grc' dir='ltr'><em>ν</em></span> 
     </span>
     <span class='ocr_line' id='line_1_49' title="bbox 120 2425 531 2463; baseline -0.002 0"><span class='ocrx_word' id='word_1_284' title='bbox 120 2425 305 2463; x_wconf 87' lang='lat' dir='ltr'>Gentibus</span> <span class='ocrx_word' id='word_1_285' title='bbox 325 2427 531 2462; x_wconf 89' lang='lat' dir='ltr'>habebunt.</span> 
     </span>
     <span class='ocr_line' id='line_1_50' title="bbox 171 2473 902 2510; baseline -0.001 0"><span class='ocrx_word' id='word_1_286' title='bbox 171 2487 189 2510; x_wconf 83' lang='lat'><strong>2</strong></span> <span class='ocrx_word' id='word_1_287' title='bbox 208 2473 282 2510; x_wconf 73' lang='lat' dir='ltr'>Cen</span> <span class='ocrx_word' id='word_1_288' title='bbox 299 2475 393 2509; x_wconf 69' lang='lat' dir='ltr'>Mmi</span> <span class='ocrx_word' id='word_1_289' title='bbox 408 2485 451 2509; x_wconf 76' lang='lat' dir='ltr'>AB</span> <span class='ocrx_word' id='word_1_290' title='bbox 463 2474 622 2510; x_wconf 66' lang='lat' dir='ltr'>Onissxre</span> <span class='ocrx_word' id='word_1_291' title='bbox 637 2474 848 2510; x_wconf 68' lang='lat' dir='ltr'><strong>VENERUNT?</strong></span> <span class='ocrx_word' id='word_1_292' title='bbox 861 2495 902 2500; x_wconf 91' lang='lat'>--</span> 
     </span>
     <span class='ocr_line' id='line_1_51' title="bbox 121 2521 902 2567; baseline 0 -10"><span class='ocrx_word' id='word_1_293' title='bbox 121 2521 165 2557; x_wconf 83' lang='lat' dir='ltr'>Et</span> <span class='ocrx_word' id='word_1_294' title='bbox 184 2531 269 2557; x_wconf 90' lang='lat' dir='ltr'>ecce</span> <span class='ocrx_word' id='word_1_295' title='bbox 292 2525 475 2557; x_wconf 88' lang='lat' dir='ltr'>venerunt</span> <span class='ocrx_word' id='word_1_296' title='bbox 495 2521 589 2567; x_wconf 86' lang='lat' dir='ltr'>Magi</span> <span class='ocrx_word' id='word_1_297' title='bbox 612 2522 658 2557; x_wconf 87' lang='lat' dir='ltr'>ab</span> <span class='ocrx_word' id='word_1_298' title='bbox 679 2521 847 2565; x_wconf 90' lang='lat' dir='ltr'>Oriente,</span> <span class='ocrx_word' id='word_1_299' title='bbox 866 2521 902 2557; x_wconf 89' lang='lat' dir='ltr'>id</span> 
     </span>
     <span class='ocr_line' id='line_1_52' title="bbox 120 2568 940 2615; baseline 0.001 -11"><span class='ocrx_word' id='word_1_300' title='bbox 120 2572 190 2613; x_wconf 88' lang='lat' dir='ltr'>est,</span> <span class='ocrx_word' id='word_1_301' title='bbox 216 2579 238 2604; x_wconf 90' lang='lat' dir='ltr'>a</span> <span class='ocrx_word' id='word_1_302' title='bbox 258 2568 428 2615; x_wconf 87' lang='lat' dir='ltr'>partibus</span> <span class='ocrx_word' id='word_1_303' title='bbox 455 2580 537 2615; x_wconf 64' lang='lat' dir='ltr'>quse</span> <span class='ocrx_word' id='word_1_304' title='bbox 560 2573 732 2615; x_wconf 90' lang='lat' dir='ltr'>respectu</span> <span class='ocrx_word' id='word_1_305' title='bbox 751 2570 902 2605; x_wconf 87' lang='lat' dir='ltr'>Jerusa-</span> <span class='ocrx_word' id='word_1_306' title='bbox 938 2577 940 2592; x_wconf 64' lang='lat'><strong><em>³</em></strong></span> 
     </span>
     <span class='ocr_line' id='line_1_53' title="bbox 121 2615 902 2660; baseline 0 -8"><span class='ocrx_word' id='word_1_307' title='bbox 121 2615 195 2652; x_wconf 90' lang='lat' dir='ltr'>lem</span> <span class='ocrx_word' id='word_1_308' title='bbox 217 2619 254 2652; x_wconf 87' lang='lat' dir='ltr'>et</span> <span class='ocrx_word' id='word_1_309' title='bbox 273 2617 413 2652; x_wconf 77' lang='lat' dir='ltr'>Judaeae</span> <span class='ocrx_word' id='word_1_310' title='bbox 438 2620 523 2652; x_wconf 87' lang='lat' dir='ltr'>sunt</span> <span class='ocrx_word' id='word_1_311' title='bbox 545 2627 675 2652; x_wconf 74' lang='lat' dir='ltr'>versus</span> <span class='ocrx_word' id='word_1_312' title='bbox 696 2616 902 2660; x_wconf 86' lang='lat' dir='ltr'>Orientem,</span> 
     </span>
     <span class='ocr_line' id='line_1_54' title="bbox 119 2664 940 2709; baseline -0.001 -9"><span class='ocrx_word' id='word_1_313' title='bbox 119 2667 175 2707; x_wconf 86' lang='lat' dir='ltr'>ut,</span> <span class='ocrx_word' id='word_1_314' title='bbox 215 2664 421 2700; x_wconf 88' lang='lat' dir='ltr'>secundum</span> <span class='ocrx_word' id='word_1_315' title='bbox 461 2664 765 2709; x_wconf 76' lang='lat' dir='ltr'>chrysostomum,</span> <span class='ocrx_word' id='word_1_316' title='bbox 805 2664 903 2700; x_wconf 82' lang='lat' dir='ltr'>unde</span> <span class='ocrx_word' id='word_1_317' title='bbox 938 2694 940 2699; x_wconf 80' lang='grc'>,</span> 
     </span>
     <span class='ocr_line' id='line_1_55' title="bbox 121 2710 902 2763; baseline 0 -16"><span class='ocrx_word' id='word_1_318' title='bbox 121 2710 203 2763; x_wconf 77' lang='lat' dir='ltr'>dies</span> <span class='ocrx_word' id='word_1_319' title='bbox 235 2710 417 2755; x_wconf 83' lang='lat' dir='ltr'>nascitur,</span> <span class='ocrx_word' id='word_1_320' title='bbox 451 2710 540 2747; x_wconf 88' lang='lat' dir='ltr'>inde</span> <span class='ocrx_word' id='word_1_321' title='bbox 570 2711 792 2758; x_wconf 83' lang='lat' dir='ltr'>procederet</span> <span class='ocrx_word' id='word_1_322' title='bbox 816 2711 902 2747; x_wconf 84' lang='lat' dir='ltr'>fidei</span> 
     </span>
     <span class='ocr_line' id='line_1_56' title="bbox 121 2757 904 2806; baseline 0.001 -12"><span class='ocrx_word' id='word_1_323' title='bbox 121 2757 284 2803; x_wconf 78' lang='lat' dir='ltr'>initium,</span> <span class='ocrx_word' id='word_1_324' title='bbox 309 2758 398 2806; x_wconf 87' lang='lat' dir='ltr'>quia</span> <span class='ocrx_word' id='word_1_325' title='bbox 420 2759 514 2795; x_wconf 86' lang='lat' dir='ltr'>fides</span> <span class='ocrx_word' id='word_1_326' title='bbox 536 2759 662 2795; x_wconf 88' lang='lat' dir='ltr'>lumen</span> <span class='ocrx_word' id='word_1_327' title='bbox 683 2763 739 2795; x_wconf 91' lang='lat' dir='ltr'>est</span> <span class='ocrx_word' id='word_1_328' title='bbox 759 2759 904 2795; x_wconf 89' lang='lat' dir='ltr'>anima-</span> 
     </span>
    </p>
   </div>
   <div class='ocr_carea' id='block_1_3' title="bbox 937 870 945 2688">
    <p class='ocr_par' dir='ltr' id='par_1_3' title="bbox 937 870 945 2688">
     <span class='ocr_line' id='line_1_57' title="bbox 937 870 945 2688; baseline 0 0"><span class='ocrx_word' id='word_1_329' title='bbox 937 870 945 2688; x_wconf 95' lang='lat' dir='ltr'> </span> 
     </span>
    </p>
   </div>
   <div class='ocr_carea' id='block_1_4' title="bbox 1727 139 1767 172">
    <p class='ocr_par' dir='ltr' id='par_1_4' title="bbox 1727 139 1767 172">
     <span class='ocr_line' id='line_1_58' title="bbox 1727 139 1767 172; baseline -0.025 0"><span class='ocrx_word' id='word_1_330' title='bbox 1727 139 1767 172; x_wconf 85' lang='lat'>87</span> 
     </span>
    </p>
   </div>
   <div class='ocr_carea' id='block_1_5' title="bbox 971 206 1801 2802">
    <p class='ocr_par' dir='ltr' id='par_1_5' title="bbox 971 206 1783 1762">
     <span class='ocr_line' id='line_1_59' title="bbox 983 206 1767 247; baseline 0.004 -8"><span class='ocrx_word' id='word_1_331' title='bbox 983 214 1078 240; x_wconf 90' lang='lat' dir='ltr'>rum.</span> <span class='ocrx_word' id='word_1_332' title='bbox 1092 206 1363 247; x_wconf 79' lang='lat' dir='ltr'>Et,serundnm</span> <span class='ocrx_word' id='word_1_333' title='bbox 1379 207 1616 247; x_wconf 63' lang='lat' dir='ltr'>Bwnardum,</span> <span class='ocrx_word' id='word_1_334' title='bbox 1631 206 1767 243; x_wconf 88' lang='lat' dir='ltr'>merito</span> 
     </span>
     <span class='ocr_line' id='line_1_60' title="bbox 983 251 1766 303; baseline 0.004 -16"><span class='ocrx_word' id='word_1_335' title='bbox 983 251 1030 303; x_wconf 72' lang='lat' dir='ltr'>ab</span> <span class='ocrx_word' id='word_1_336' title='bbox 1059 251 1211 288; x_wconf 86' lang='lat' dir='ltr'>Oriente</span> <span class='ocrx_word' id='word_1_337' title='bbox 1234 253 1402 297; x_wconf 88' lang='lat' dir='ltr'>veniunt,</span> <span class='ocrx_word' id='word_1_338' title='bbox 1424 253 1485 299; x_wconf 88' lang='lat' dir='ltr'>qui</span> <span class='ocrx_word' id='word_1_339' title='bbox 1513 254 1635 290; x_wconf 83' lang='lat' dir='ltr'>Solem</span> <span class='ocrx_word' id='word_1_340' title='bbox 1656 255 1766 300; x_wconf 87' lang='lat' dir='ltr'>justi-</span> 
     </span>
     <span class='ocr_line' id='line_1_61' title="bbox 983 299 1783 345; baseline 0.008 -13"><span class='ocrx_word' id='word_1_341' title='bbox 983 301 1044 333; x_wconf 78' lang='lat' dir='ltr'>11ae</span> <span class='ocrx_word' id='word_1_342' title='bbox 1076 308 1212 333; x_wconf 79' lang='lat' dir='ltr'>novum</span> <span class='ocrx_word' id='word_1_343' title='bbox 1241 299 1348 335; x_wconf 90' lang='lat' dir='ltr'>nobis</span> <span class='ocrx_word' id='word_1_344' title='bbox 1375 305 1498 336; x_wconf 90' lang='lat' dir='ltr'>ortum</span> <span class='ocrx_word' id='word_1_345' title='bbox 1526 301 1783 345; x_wconf 51' lang='lat' dir='ltr'>annuntiant,¹</span> 
     </span>
     <span class='ocr_line' id='line_1_62' title="bbox 982 344 1766 390; baseline 0.008 -11"><span class='ocrx_word' id='word_1_346' title='bbox 982 344 1151 390; x_wconf 81' lang='lat' dir='ltr'>laetisque</span> <span class='ocrx_word' id='word_1_347' title='bbox 1180 345 1396 382; x_wconf 85' lang='lat' dir='ltr'>rumoribus</span> <span class='ocrx_word' id='word_1_348' title='bbox 1430 351 1548 383; x_wconf 86' lang='lat' dir='ltr'>totum</span> <span class='ocrx_word' id='word_1_349' title='bbox 1585 349 1766 384; x_wconf 86' lang='lat' dir='ltr'>muudum</span> 
     </span>
     <span class='ocr_line' id='line_1_63' title="bbox 982 391 1768 441; baseline 0.005 -14"><span class='ocrx_word' id='word_1_350' title='bbox 982 391 1208 429; x_wconf 91' lang='lat' dir='ltr'>illuminant.</span> <span class='ocrx_word' id='word_1_351' title='bbox 1233 393 1424 428; x_wconf 89' lang='lat' dir='ltr'>Venerunt</span> <span class='ocrx_word' id='word_1_352' title='bbox 1451 399 1575 430; x_wconf 86' lang='lat' dir='ltr'>autem</span> <span class='ocrx_word' id='word_1_353' title='bbox 1599 395 1768 441; x_wconf 82' lang='lat' dir='ltr'>speciali-</span> 
     </span>
     <span class='ocr_line' id='line_1_64' title="bbox 983 438 1767 487; baseline 0.004 -12"><span class='ocrx_word' id='word_1_354' title='bbox 983 441 1040 475; x_wconf 88' lang='lat' dir='ltr'>ter</span> <span class='ocrx_word' id='word_1_355' title='bbox 1072 440 1117 475; x_wconf 87' lang='lat' dir='ltr'>de</span> <span class='ocrx_word' id='word_1_356' title='bbox 1147 438 1286 474; x_wconf 86' lang='lat' dir='ltr'>finibus</span> <span class='ocrx_word' id='word_1_357' title='bbox 1318 440 1529 485; x_wconf 78' lang='lat' dir='ltr'>Persarum,</span> <span class='ocrx_word' id='word_1_358' title='bbox 1558 443 1767 487; x_wconf 72' lang='lat' dir='ltr'>Medorum,</span> 
     </span>
     <span class='ocr_line' id='line_1_65' title="bbox 981 484 1766 534; baseline 0.004 -12"><span class='ocrx_word' id='word_1_359' title='bbox 981 490 1019 523; x_wconf 87' lang='lat' dir='ltr'>et</span> <span class='ocrx_word' id='word_1_360' title='bbox 1038 484 1314 529; x_wconf 74' lang='lat' dir='ltr'>chaldaeorum,</span> <span class='ocrx_word' id='word_1_361' title='bbox 1339 487 1400 522; x_wconf 83' lang='lat' dir='ltr'>ubi</span> <span class='ocrx_word' id='word_1_362' title='bbox 1422 488 1555 524; x_wconf 75' lang='lat' dir='ltr'>fluvius</span> <span class='ocrx_word' id='word_1_363' title='bbox 1577 494 1630 524; x_wconf 89' lang='lat' dir='ltr'>est</span> <span class='ocrx_word' id='word_1_364' title='bbox 1655 491 1766 534; x_wconf 79' lang='lat' dir='ltr'>Saba,</span> 
     </span>
     <span class='ocr_line' id='line_1_66' title="bbox 981 534 1765 580; baseline 0.001 -10"><span class='ocrx_word' id='word_1_365' title='bbox 981 543 1004 570; x_wconf 89' lang='lat' dir='ltr'>a</span> <span class='ocrx_word' id='word_1_366' title='bbox 1034 544 1108 580; x_wconf 87' lang='lat' dir='ltr'>quo</span> <span class='ocrx_word' id='word_1_367' title='bbox 1147 536 1184 569; x_wconf 90' lang='lat' dir='ltr'>et</span> <span class='ocrx_word' id='word_1_368' title='bbox 1216 534 1348 569; x_wconf 68' lang='lat' dir='ltr'>Saba-,a</span> <span class='ocrx_word' id='word_1_369' title='bbox 1380 534 1484 580; x_wconf 81' lang='lat' dir='ltr'>regio</span> <span class='ocrx_word' id='word_1_370' title='bbox 1520 534 1581 570; x_wconf 89' lang='lat' dir='ltr'>illa</span> <span class='ocrx_word' id='word_1_371' title='bbox 1610 536 1765 580; x_wconf 59' lang='lat' dir='ltr'>divitum</span> 
     </span>
     <span class='ocr_line' id='line_1_67' title="bbox 976 580 1767 629; baseline 0.003 -12"><span class='ocrx_word' id='word_1_372' title='bbox 976 581 1083 627; x_wconf 84' lang='lat' dir='ltr'>juxta</span> <span class='ocrx_word' id='word_1_373' title='bbox 1096 591 1208 627; x_wconf 87' lang='lat' dir='ltr'>quam</span> <span class='ocrx_word' id='word_1_374' title='bbox 1225 583 1282 616; x_wconf 86' lang='lat' dir='ltr'>est</span> <span class='ocrx_word' id='word_1_375' title='bbox 1294 580 1446 622; x_wconf 79' lang='lat' dir='ltr'>Arabia,</span> <span class='ocrx_word' id='word_1_376' title='bbox 1467 581 1526 617; x_wconf 87' lang='lat' dir='ltr'>ubi</span> <span class='ocrx_word' id='word_1_377' title='bbox 1547 583 1641 627; x_wconf 80' lang='lat' dir='ltr'>Magi</span> <span class='ocrx_word' id='word_1_378' title='bbox 1659 594 1767 629; x_wconf 73' lang='lat' dir='ltr'>reges</span> 
     </span>
     <span class='ocr_line' id='line_1_68' title="bbox 980 627 1768 665; baseline 0.003 -2"><span class='ocrx_word' id='word_1_379' title='bbox 980 627 1098 665; x_wconf 81' lang='lat' dir='ltr'>fuisse</span> <span class='ocrx_word' id='word_1_380' title='bbox 1121 631 1392 664; x_wconf 89' lang='lat' dir='ltr'>memorantur.</span> <span class='ocrx_word' id='word_1_381' title='bbox 1419 628 1510 664; x_wconf 90' lang='lat' dir='ltr'>Sunt</span> <span class='ocrx_word' id='word_1_382' title='bbox 1532 634 1655 665; x_wconf 84' lang='lat' dir='ltr'>autem</span> <span class='ocrx_word' id='word_1_383' title='bbox 1680 632 1768 665; x_wconf 83' lang='lat' dir='ltr'>Ara-</span> 
     </span>
     <span class='ocr_line' id='line_1_69' title="bbox 981 675 1769 719; baseline 0.001 -8"><span class='ocrx_word' id='word_1_384' title='bbox 981 675 1052 712; x_wconf 78' lang='lat' dir='ltr'>biae</span> <span class='ocrx_word' id='word_1_385' title='bbox 1081 675 1179 719; x_wconf 66' lang='lat' dir='ltr'>duce,</span> <span class='ocrx_word' id='word_1_386' title='bbox 1214 685 1285 711; x_wconf 80' lang='lat' dir='ltr'>una</span> <span class='ocrx_word' id='word_1_387' title='bbox 1313 675 1548 711; x_wconf 87' lang='lat' dir='ltr'>contermina</span> <span class='ocrx_word' id='word_1_388' title='bbox 1574 680 1609 711; x_wconf 84' lang='lat' dir='ltr'>et</span> <span class='ocrx_word' id='word_1_389' title='bbox 1646 676 1769 712; x_wconf 85' lang='lat' dir='ltr'>vicina</span> 
     </span>
     <span class='ocr_line' id='line_1_70' title="bbox 980 722 1767 768; baseline 0.001 -10"><span class='ocrx_word' id='word_1_390' title='bbox 980 723 1121 759; x_wconf 77' lang='lat' dir='ltr'>Judaeae</span> <span class='ocrx_word' id='word_1_391' title='bbox 1143 726 1179 759; x_wconf 90' lang='lat' dir='ltr'>et</span> <span class='ocrx_word' id='word_1_392' title='bbox 1195 722 1279 758; x_wconf 93' lang='lat' dir='ltr'>ideo</span> <span class='ocrx_word' id='word_1_393' title='bbox 1300 726 1472 768; x_wconf 83' lang='lat' dir='ltr'>respectu</span> <span class='ocrx_word' id='word_1_394' title='bbox 1495 724 1705 759; x_wconf 73' lang='lat' dir='ltr'>Jerusalem</span> <span class='ocrx_word' id='word_1_395' title='bbox 1720 724 1767 760; x_wconf 86' lang='lat' dir='ltr'>ab</span> 
     </span>
     <span class='ocr_line' id='line_1_71' title="bbox 980 769 1764 815; baseline 0 -9"><span class='ocrx_word' id='word_1_396' title='bbox 980 770 1146 815; x_wconf 88' lang='lat' dir='ltr'>Oriente,</span> <span class='ocrx_word' id='word_1_397' title='bbox 1158 769 1287 815; x_wconf 87' lang='lat' dir='ltr'>dequa</span> <span class='ocrx_word' id='word_1_398' title='bbox 1299 769 1473 805; x_wconf 90' lang='lat' dir='ltr'>videntur</span> <span class='ocrx_word' id='word_1_399' title='bbox 1483 771 1578 815; x_wconf 74' lang='lat' dir='ltr'>Magi</span> <span class='ocrx_word' id='word_1_400' title='bbox 1593 771 1764 814; x_wconf 79' lang='lat' dir='ltr'>venisse3</span> 
     </span>
     <span class='ocr_line' id='line_1_72' title="bbox 979 817 1768 861; baseline 0.001 -8"><span class='ocrx_word' id='word_1_401' title='bbox 979 817 1054 853; x_wconf 90' lang='lat' dir='ltr'>alia</span> <span class='ocrx_word' id='word_1_402' title='bbox 1070 817 1308 853; x_wconf 91' lang='lat' dir='ltr'>contermina</span> <span class='ocrx_word' id='word_1_403' title='bbox 1323 817 1452 861; x_wconf 63' lang='lat' dir='ltr'>Indiae,</span> <span class='ocrx_word' id='word_1_404' title='bbox 1468 817 1612 853; x_wconf 85' lang='lat' dir='ltr'>distans</span> <span class='ocrx_word' id='word_1_405' title='bbox 1628 829 1648 853; x_wconf 92' lang='lat' dir='ltr'>a</span> <span class='ocrx_word' id='word_1_406' title='bbox 1663 819 1768 854; x_wconf 87' lang='lat' dir='ltr'>Jeru-</span> 
     </span>
     <span class='ocr_line' id='line_1_73' title="bbox 980 864 1767 911; baseline -0.003 -10"><span class='ocrx_word' id='word_1_407' title='bbox 980 866 1098 901; x_wconf 91' lang='lat' dir='ltr'>salem</span> <span class='ocrx_word' id='word_1_408' title='bbox 1119 864 1225 911; x_wconf 88' lang='lat' dir='ltr'>quasi</span> <span class='ocrx_word' id='word_1_409' title='bbox 1248 864 1361 900; x_wconf 91' lang='lat' dir='ltr'>unius</span> <span class='ocrx_word' id='word_1_410' title='bbox 1378 864 1466 900; x_wconf 89' lang='lat' dir='ltr'>anni</span> <span class='ocrx_word' id='word_1_411' title='bbox 1489 864 1636 908; x_wconf 82' lang='lat' dir='ltr'>itinere,</span> <span class='ocrx_word' id='word_1_412' title='bbox 1664 869 1699 901; x_wconf 89' lang='lat' dir='ltr'>et</span> <span class='ocrx_word' id='word_1_413' title='bbox 1721 865 1767 900; x_wconf 75' lang='lat' dir='ltr'>de</span> 
     </span>
     <span class='ocr_line' id='line_1_74' title="bbox 980 910 1765 958; baseline 0 -11"><span class='ocrx_word' id='word_1_414' title='bbox 980 913 1050 948; x_wconf 85' lang='lat' dir='ltr'>hac</span> <span class='ocrx_word' id='word_1_415' title='bbox 1071 911 1168 947; x_wconf 83' lang='lat' dir='ltr'>infra</span> <span class='ocrx_word' id='word_1_416' title='bbox 1186 910 1367 948; x_wconf 84' lang='lat' dir='ltr'>tredecim</span> <span class='ocrx_word' id='word_1_417' title='bbox 1390 911 1471 947; x_wconf 90' lang='lat' dir='ltr'>dies</span> <span class='ocrx_word' id='word_1_418' title='bbox 1497 922 1570 947; x_wconf 87' lang='lat' dir='ltr'>non</span> <span class='ocrx_word' id='word_1_419' title='bbox 1592 916 1765 958; x_wconf 84' lang='lat' dir='ltr'>poterant</span> 
     </span>
     <span class='ocr_line' id='line_1_75' title="bbox 980 958 1764 1003; baseline 0.001 -9"><span class='ocrx_word' id='word_1_420' title='bbox 980 958 1121 996; x_wconf 84' lang='lat' dir='ltr'>venire.</span> <span class='ocrx_word' id='word_1_421' title='bbox 1146 959 1252 995; x_wconf 90' lang='lat' dir='ltr'>Unde</span> <span class='ocrx_word' id='word_1_422' title='bbox 1274 961 1460 1003; x_wconf 68' lang='lat' dir='ltr'>Remiffius</span> <span class='ocrx_word' id='word_1_423' title='bbox 1482 972 1491 994; x_wconf 85' lang='lat'>:</span> <span class='ocrx_word' id='word_1_424' title='bbox 1524 974 1541 991; x_wconf 87' lang='lat'>«</span> <span class='ocrx_word' id='word_1_425' title='bbox 1565 959 1764 995; x_wconf 84' lang='lat' dir='ltr'>Sciendum</span> 
     </span>
     <span class='ocr_line' id='line_1_76' title="bbox 979 1006 1764 1053; baseline -0.004 -10"><span class='ocrx_word' id='word_1_426' title='bbox 979 1010 1036 1043; x_wconf 89' lang='lat' dir='ltr'>est</span> <span class='ocrx_word' id='word_1_427' title='bbox 1068 1006 1168 1052; x_wconf 91' lang='lat' dir='ltr'>quod</span> <span class='ocrx_word' id='word_1_428' title='bbox 1195 1006 1310 1052; x_wconf 85' lang='lat' dir='ltr'>aliqui</span> <span class='ocrx_word' id='word_1_429' title='bbox 1344 1006 1463 1042; x_wconf 91' lang='lat' dir='ltr'>solent</span> <span class='ocrx_word' id='word_1_430' title='bbox 1498 1006 1636 1050; x_wconf 85' lang='lat' dir='ltr'>dicere,</span> <span class='ocrx_word' id='word_1_431' title='bbox 1666 1008 1764 1053; x_wconf 88' lang='lat' dir='ltr'>quod</span> 
     </span>
     <span class='ocr_line' id='line_1_77' title="bbox 980 1053 1764 1100; baseline -0.001 -10"><span class='ocrx_word' id='word_1_432' title='bbox 980 1055 1079 1090; x_wconf 90' lang='lat' dir='ltr'>Puer</span> <span class='ocrx_word' id='word_1_433' title='bbox 1099 1054 1161 1100; x_wconf 89' lang='lat' dir='ltr'>qui</span> <span class='ocrx_word' id='word_1_434' title='bbox 1183 1057 1272 1090; x_wconf 91' lang='lat' dir='ltr'>tunc</span> <span class='ocrx_word' id='word_1_435' title='bbox 1292 1056 1405 1089; x_wconf 87' lang='lat' dir='ltr'>natus</span> <span class='ocrx_word' id='word_1_436' title='bbox 1426 1057 1481 1089; x_wconf 89' lang='lat' dir='ltr'>est</span> <span class='ocrx_word' id='word_1_437' title='bbox 1505 1053 1540 1088; x_wconf 90' lang='lat' dir='ltr'>in</span> <span class='ocrx_word' id='word_1_438' title='bbox 1564 1059 1639 1089; x_wconf 87' lang='lat' dir='ltr'>tam</span> <span class='ocrx_word' id='word_1_439' title='bbox 1662 1054 1764 1090; x_wconf 82' lang='lat' dir='ltr'>brevi</span> 
     </span>
     <span class='ocr_line' id='line_1_78' title="bbox 980 1100 1766 1148; baseline 0 -11"><span class='ocrx_word' id='word_1_440' title='bbox 980 1102 1100 1148; x_wconf 88' lang='lat' dir='ltr'>spatio</span> <span class='ocrx_word' id='word_1_441' title='bbox 1141 1100 1321 1147; x_wconf 83' lang='lat' dir='ltr'>temporis</span> <span class='ocrx_word' id='word_1_442' title='bbox 1361 1101 1406 1137; x_wconf 90' lang='lat' dir='ltr'>de</span> <span class='ocrx_word' id='word_1_443' title='bbox 1446 1101 1586 1136; x_wconf 88' lang='lat' dir='ltr'>ultimis</span> <span class='ocrx_word' id='word_1_444' title='bbox 1627 1101 1766 1137; x_wconf 83' lang='lat' dir='ltr'>finibus</span> 
     </span>
     <span class='ocr_line' id='line_1_79' title="bbox 978 1148 1762 1194; baseline -0.003 -9"><span class='ocrx_word' id='word_1_445' title='bbox 978 1152 1090 1185; x_wconf 82' lang='lat' dir='ltr'>terrae</span> <span class='ocrx_word' id='word_1_446' title='bbox 1127 1159 1191 1185; x_wconf 87' lang='lat' dir='ltr'>eos</span> <span class='ocrx_word' id='word_1_447' title='bbox 1225 1148 1273 1185; x_wconf 89' lang='lat' dir='ltr'>ad</span> <span class='ocrx_word' id='word_1_448' title='bbox 1309 1159 1348 1184; x_wconf 86' lang='lat' dir='ltr'>se</span> <span class='ocrx_word' id='word_1_449' title='bbox 1381 1149 1588 1194; x_wconf 87' lang='lat' dir='ltr'>perducere</span> <span class='ocrx_word' id='word_1_450' title='bbox 1620 1148 1762 1194; x_wconf 84' lang='lat' dir='ltr'>potuit;</span> 
     </span>
     <span class='ocr_line' id='line_1_80' title="bbox 979 1195 1764 1239; baseline -0.001 -7"><span class='ocrx_word' id='word_1_451' title='bbox 979 1196 1034 1232; x_wconf 91' lang='lat' dir='ltr'>vel</span> <span class='ocrx_word' id='word_1_452' title='bbox 1070 1196 1100 1232; x_wconf 87' lang='lat' dir='ltr'>si</span> <span class='ocrx_word' id='word_1_453' title='bbox 1139 1196 1289 1232; x_wconf 87' lang='lat' dir='ltr'>suerunt</span> <span class='ocrx_word' id='word_1_454' title='bbox 1321 1206 1560 1231; x_wconf 78' lang='lat' dir='ltr'>successores</span> <span class='ocrx_word' id='word_1_455' title='bbox 1596 1195 1764 1239; x_wconf 78' lang='lat' dir='ltr'>Balaam,</span> 
     </span>
     <span class='ocr_line' id='line_1_81' title="bbox 979 1243 1765 1290; baseline -0.001 -11"><span class='ocrx_word' id='word_1_456' title='bbox 979 1244 1082 1290; x_wconf 87' lang='lat' dir='ltr'>regio</span> <span class='ocrx_word' id='word_1_457' title='bbox 1097 1243 1255 1279; x_wconf 86' lang='lat' dir='ltr'>istorum</span> <span class='ocrx_word' id='word_1_458' title='bbox 1273 1254 1347 1279; x_wconf 90' lang='lat' dir='ltr'>non</span> <span class='ocrx_word' id='word_1_459' title='bbox 1365 1243 1473 1288; x_wconf 87' lang='lat' dir='ltr'>longe</span> <span class='ocrx_word' id='word_1_460' title='bbox 1491 1243 1603 1278; x_wconf 85' lang='lat' dir='ltr'>distat</span> <span class='ocrx_word' id='word_1_461' title='bbox 1624 1254 1645 1279; x_wconf 89' lang='lat' dir='ltr'>a</span> <span class='ocrx_word' id='word_1_462' title='bbox 1663 1246 1765 1279; x_wconf 90' lang='lat' dir='ltr'>terra</span> 
     </span>
     <span class='ocr_line' id='line_1_82' title="bbox 978 1289 1762 1337; baseline -0.001 -12"><span class='ocrx_word' id='word_1_463' title='bbox 978 1290 1254 1337; x_wconf 77' lang='lat' dir='ltr'>promissionis,</span> <span class='ocrx_word' id='word_1_464' title='bbox 1291 1290 1431 1326; x_wconf 90' lang='lat' dir='ltr'>idcirco</span> <span class='ocrx_word' id='word_1_465' title='bbox 1474 1290 1511 1325; x_wconf 87' lang='lat' dir='ltr'>in</span> <span class='ocrx_word' id='word_1_466' title='bbox 1551 1294 1625 1326; x_wconf 84' lang='lat' dir='ltr'>tam</span> <span class='ocrx_word' id='word_1_467' title='bbox 1661 1289 1762 1326; x_wconf 85' lang='lat' dir='ltr'>brevi</span> 
     </span>
     <span class='ocr_line' id='line_1_83' title="bbox 978 1336 1766 1384; baseline -0.004 -9"><span class='ocrx_word' id='word_1_468' title='bbox 978 1337 1099 1384; x_wconf 84' lang='lat' dir='ltr'>spatio</span> <span class='ocrx_word' id='word_1_469' title='bbox 1121 1338 1302 1383; x_wconf 80' lang='lat' dir='ltr'>temporis</span> <span class='ocrx_word' id='word_1_470' title='bbox 1321 1337 1530 1373; x_wconf 81' lang='lat' dir='ltr'>Jerusalem</span> <span class='ocrx_word' id='word_1_471' title='bbox 1553 1336 1680 1373; x_wconf 85' lang='lat' dir='ltr'>venire</span> <span class='ocrx_word' id='word_1_472' title='bbox 1703 1347 1766 1383; x_wconf 94' lang='lat' dir='ltr'>po-</span> 
     </span>
     <span class='ocr_line' id='line_1_84' title="bbox 977 1385 1763 1428; baseline -0.003 -7"><span class='ocrx_word' id='word_1_473' title='bbox 977 1389 1129 1422; x_wconf 87' lang='lat' dir='ltr'>tuerunt</span> <span class='ocrx_word' id='word_1_474' title='bbox 1150 1398 1160 1421; x_wconf 91' lang='lat'>:</span> <span class='ocrx_word' id='word_1_475' title='bbox 1186 1400 1198 1417; x_wconf 67' lang='grc' dir='ltr'>»ι</span> <span class='ocrx_word' id='word_1_476' title='bbox 1220 1385 1300 1420; x_wconf 76' lang='lat' dir='ltr'>haec</span> <span class='ocrx_word' id='word_1_477' title='bbox 1316 1386 1517 1428; x_wconf 74' lang='lat' dir='ltr'>Remiqius.</span> <span class='ocrx_word' id='word_1_478' title='bbox 1537 1386 1688 1420; x_wconf 87' lang='lat' dir='ltr'>Factum</span> <span class='ocrx_word' id='word_1_479' title='bbox 1707 1389 1763 1420; x_wconf 87' lang='lat' dir='ltr'>est</span> 
     </span>
     <span class='ocr_line' id='line_1_85' title="bbox 977 1431 1765 1477; baseline -0.003 -9"><span class='ocrx_word' id='word_1_480' title='bbox 977 1437 1103 1468; x_wconf 89' lang='lat' dir='ltr'>autem</span> <span class='ocrx_word' id='word_1_481' title='bbox 1138 1436 1191 1475; x_wconf 91' lang='lat' dir='ltr'>ut,</span> <span class='ocrx_word' id='word_1_482' title='bbox 1220 1431 1295 1467; x_wconf 70' lang='lat' dir='ltr'>visa</span> <span class='ocrx_word' id='word_1_483' title='bbox 1331 1432 1452 1474; x_wconf 81' lang='lat' dir='ltr'>stella,</span> <span class='ocrx_word' id='word_1_484' title='bbox 1482 1431 1663 1477; x_wconf 82' lang='lat' dir='ltr'>quidquid</span> <span class='ocrx_word' id='word_1_485' title='bbox 1699 1442 1765 1477; x_wconf 88' lang='lat' dir='ltr'>per</span> 
     </span>
     <span class='ocr_line' id='line_1_86' title="bbox 977 1478 1765 1525; baseline -0.003 -9"><span class='ocrx_word' id='word_1_486' title='bbox 977 1490 1060 1516; x_wconf 89' lang='lat' dir='ltr'>eam</span> <span class='ocrx_word' id='word_1_487' title='bbox 1100 1479 1386 1524; x_wconf 75' lang='lat' dir='ltr'>significabatur</span> <span class='ocrx_word' id='word_1_488' title='bbox 1432 1478 1554 1515; x_wconf 84' lang='lat' dir='ltr'>Sancti</span> <span class='ocrx_word' id='word_1_489' title='bbox 1604 1479 1765 1525; x_wconf 74' lang='lat' dir='ltr'>Spiritus</span> 
     </span>
     <span class='ocr_line' id='line_1_87' title="bbox 975 1525 1766 1572; baseline -0.001 -10"><span class='ocrx_word' id='word_1_490' title='bbox 975 1526 1228 1562; x_wconf 88' lang='lat' dir='ltr'>illustratione</span> <span class='ocrx_word' id='word_1_491' title='bbox 1250 1537 1334 1561; x_wconf 84' lang='lat' dir='ltr'>mox</span> <span class='ocrx_word' id='word_1_492' title='bbox 1353 1525 1641 1572; x_wconf 86' lang='lat' dir='ltr'>intelligeretur.</span> <span class='ocrx_word' id='word_1_493' title='bbox 1662 1526 1766 1561; x_wconf 86' lang='lat' dir='ltr'>Chri-</span> 
     </span>
     <span class='ocr_line' id='line_1_88' title="bbox 976 1573 1764 1618; baseline -0.004 -8"><span class='ocrx_word' id='word_1_494' title='bbox 976 1578 1076 1610; x_wconf 85' lang='lat' dir='ltr'>stum</span> <span class='ocrx_word' id='word_1_495' title='bbox 1113 1573 1228 1618; x_wconf 86' lang='lat' dir='ltr'>igitur</span> <span class='ocrx_word' id='word_1_496' title='bbox 1266 1575 1383 1609; x_wconf 89' lang='lat' dir='ltr'>Deum</span> <span class='ocrx_word' id='word_1_497' title='bbox 1420 1576 1455 1608; x_wconf 90' lang='lat' dir='ltr'>et</span> <span class='ocrx_word' id='word_1_498' title='bbox 1494 1573 1686 1608; x_wconf 83' lang='lat' dir='ltr'>bominem</span> <span class='ocrx_word' id='word_1_499' title='bbox 1727 1573 1764 1608; x_wconf 90' lang='lat' dir='ltr'>in</span> 
     </span>
     <span class='ocr_line' id='line_1_89' title="bbox 975 1620 1764 1667; baseline -0.003 -10"><span class='ocrx_word' id='word_1_500' title='bbox 975 1621 1084 1658; x_wconf 88' lang='lat' dir='ltr'>stella</span> <span class='ocrx_word' id='word_1_501' title='bbox 1111 1620 1209 1667; x_wconf 82' lang='lat' dir='ltr'>Magi</span> <span class='ocrx_word' id='word_1_502' title='bbox 1238 1621 1472 1667; x_wconf 84' lang='lat' dir='ltr'>quaerebant,</span> <span class='ocrx_word' id='word_1_503' title='bbox 1499 1630 1611 1666; x_wconf 90' lang='lat' dir='ltr'>quem</span> <span class='ocrx_word' id='word_1_504' title='bbox 1637 1620 1764 1656; x_wconf 89' lang='lat' dir='ltr'>divina</span> 
     </span>
     <span class='ocr_line' id='line_1_90' title="bbox 974 1667 1762 1715; baseline -0.001 -11"><span class='ocrx_word' id='word_1_505' title='bbox 974 1668 1235 1715; x_wconf 84' lang='lat' dir='ltr'>inspiratione,</span> <span class='ocrx_word' id='word_1_506' title='bbox 1270 1679 1337 1715; x_wconf 88' lang='lat' dir='ltr'>per</span> <span class='ocrx_word' id='word_1_507' title='bbox 1369 1667 1517 1704; x_wconf 89' lang='lat' dir='ltr'>stellam</span> <span class='ocrx_word' id='word_1_508' title='bbox 1555 1667 1762 1714; x_wconf 86' lang='lat' dir='ltr'>significari</span> 
     </span>
     <span class='ocr_line' id='line_1_91' title="bbox 971 1715 1246 1762; baseline -0.004 -10"><span class='ocrx_word' id='word_1_509' title='bbox 971 1715 1246 1762; x_wconf 82' lang='lat' dir='ltr'>intelligebant.</span> 
     </span>
    </p>

    <p class='ocr_par' dir='ltr' id='par_1_6' title="bbox 973 1763 1801 2802">
     <span class='ocr_line' id='line_1_92' title="bbox 1021 1763 1763 1803; baseline -0.004 -3"><span class='ocrx_word' id='word_1_510' title='bbox 1021 1767 1042 1800; x_wconf 82' lang='lat'>5</span> <span class='ocrx_word' id='word_1_511' title='bbox 1061 1765 1198 1800; x_wconf 68' lang='lat' dir='ltr'>STELLA</span> <span class='ocrx_word' id='word_1_512' title='bbox 1214 1775 1236 1799; x_wconf 71' lang='lat' dir='ltr'>A</span> <span class='ocrx_word' id='word_1_513' title='bbox 1257 1763 1374 1798; x_wconf 50' lang='lat' dir='ltr'>Mnus</span> <span class='ocrx_word' id='word_1_514' title='bbox 1394 1774 1475 1798; x_wconf 64' lang='lat' dir='ltr'>wsA</span> <span class='ocrx_word' id='word_1_515' title='bbox 1492 1773 1763 1803; x_wconf 67' lang='lat' dir='ltr'>Qu-iTconnEciu</span> 
     </span>
     <span class='ocr_line' id='line_1_93' title="bbox 974 1812 1764 1848; baseline -0.003 -1"><span class='ocrx_word' id='word_1_516' title='bbox 974 1823 1080 1848; x_wconf 74' lang='lat' dir='ltr'>uoms</span> <span class='ocrx_word' id='word_1_517' title='bbox 1101 1823 1144 1846; x_wconf 78' lang='lat' dir='ltr'>AB</span> <span class='ocrx_word' id='word_1_518' title='bbox 1166 1822 1258 1846; x_wconf 74' lang='lat' dir='ltr'>ALus</span> <span class='ocrx_word' id='word_1_519' title='bbox 1282 1821 1443 1845; x_wconf 75' lang='lat' dir='ltr'>DlFFEnT.</span> <span class='ocrx_word' id='word_1_520' title='bbox 1477 1830 1520 1835; x_wconf 83' lang='lat'>—</span> <span class='ocrx_word' id='word_1_521' title='bbox 1544 1812 1616 1845; x_wconf 80' lang='lat' dir='ltr'>Ista</span> <span class='ocrx_word' id='word_1_522' title='bbox 1636 1813 1764 1845; x_wconf 85' lang='lat' dir='ltr'>autem</span> 
     </span>
     <span class='ocr_line' id='line_1_94' title="bbox 973 1856 1762 1903; baseline -0.004 -8"><span class='ocrx_word' id='word_1_523' title='bbox 973 1859 1079 1896; x_wconf 86' lang='lat' dir='ltr'>stella</span> <span class='ocrx_word' id='word_1_524' title='bbox 1101 1858 1300 1894; x_wconf 80' lang='lat' dir='ltr'>differebat</span> <span class='ocrx_word' id='word_1_525' title='bbox 1320 1858 1366 1894; x_wconf 90' lang='lat' dir='ltr'>ab</span> <span class='ocrx_word' id='word_1_526' title='bbox 1384 1857 1468 1893; x_wconf 88' lang='lat' dir='ltr'>aliis</span> <span class='ocrx_word' id='word_1_527' title='bbox 1492 1856 1762 1903; x_wconf 88' lang='lat' dir='ltr'>multipliciter.</span> 
     </span>
     <span class='ocr_line' id='line_1_95' title="bbox 976 1903 1763 1951; baseline -0.004 -9"><span class='ocrx_word' id='word_1_528' title='bbox 976 1906 1117 1950; x_wconf 89' lang='lat' dir='ltr'>Primo,</span> <span class='ocrx_word' id='word_1_529' title='bbox 1145 1905 1182 1941; x_wconf 90' lang='lat' dir='ltr'>in</span> <span class='ocrx_word' id='word_1_530' title='bbox 1217 1904 1427 1941; x_wconf 89' lang='lat' dir='ltr'>substantia</span> <span class='ocrx_word' id='word_1_531' title='bbox 1452 1916 1459 1940; x_wconf 90' lang='lat'>:</span> <span class='ocrx_word' id='word_1_532' title='bbox 1486 1904 1575 1951; x_wconf 89' lang='lat' dir='ltr'>quia</span> <span class='ocrx_word' id='word_1_533' title='bbox 1604 1903 1763 1940; x_wconf 88' lang='lat' dir='ltr'>aliarum</span> 
     </span>
     <span class='ocr_line' id='line_1_96' title="bbox 975 1951 1798 1993; baseline -0.005 -3"><span class='ocrx_word' id='word_1_534' title='bbox 975 1954 1171 1990; x_wconf 88' lang='lat' dir='ltr'>stellarum</span> <span class='ocrx_word' id='word_1_535' title='bbox 1194 1952 1353 1989; x_wconf 90' lang='lat' dir='ltr'>materia</span> <span class='ocrx_word' id='word_1_536' title='bbox 1374 1956 1431 1988; x_wconf 88' lang='lat' dir='ltr'>est</span> <span class='ocrx_word' id='word_1_537' title='bbox 1459 1951 1765 1993; x_wconf 69' lang='lat' dir='ltr'>inaterife-.coele-</span> <span class='ocrx_word' id='word_1_538' title='bbox 1795 1967 1798 1975; x_wconf 81' lang='lat'>=</span> 
     </span>
     <span class='ocr_line' id='line_1_97' title="bbox 977 2000 1764 2047; baseline -0.004 -10"><span class='ocrx_word' id='word_1_539' title='bbox 977 2003 1044 2037; x_wconf 89' lang='lat' dir='ltr'>stis</span> <span class='ocrx_word' id='word_1_540' title='bbox 1075 2004 1111 2036; x_wconf 90' lang='lat' dir='ltr'>et</span> <span class='ocrx_word' id='word_1_541' title='bbox 1145 2000 1513 2047; x_wconf 30' lang='lat' dir='ltr'>quinne-essenti&amp;</span> <span class='ocrx_word' id='word_1_542' title='bbox 1536 2000 1617 2035; x_wconf 81' lang='lat' dir='ltr'>haec</span> <span class='ocrx_word' id='word_1_543' title='bbox 1636 2001 1764 2035; x_wconf 90' lang='lat' dir='ltr'>autem</span> 
     </span>
     <span class='ocr_line' id='line_1_98' title="bbox 976 2045 1801 2092; baseline 0 -7"><span class='ocrx_word' id='word_1_544' title='bbox 976 2047 1022 2085; x_wconf 92' lang='lat' dir='ltr'>de</span> <span class='ocrx_word' id='word_1_545' title='bbox 1044 2047 1256 2084; x_wconf 84' lang='lat' dir='ltr'>substantia</span> <span class='ocrx_word' id='word_1_546' title='bbox 1275 2045 1508 2092; x_wconf 85' lang='lat' dir='ltr'>corruptibili</span> <span class='ocrx_word' id='word_1_547' title='bbox 1531 2046 1610 2082; x_wconf 80' lang='lat' dir='ltr'>tuit.</span> <span class='ocrx_word' id='word_1_548' title='bbox 1634 2066 1679 2072; x_wconf 94' lang='lat'>—</span> <span class='ocrx_word' id='word_1_549' title='bbox 1703 2047 1765 2082; x_wconf 86' lang='lat' dir='ltr'>Se-</span> <span class='ocrx_word' id='word_1_550' title='bbox 1800 2080 1801 2085; x_wconf 73' lang='grc'>,</span> 
     </span>
     <span class='ocr_line' id='line_1_99' title="bbox 977 2092 1762 2140; baseline -0.003 -9"><span class='ocrx_word' id='word_1_551' title='bbox 977 2097 1114 2139; x_wconf 88' lang='lat' dir='ltr'>cundo,</span> <span class='ocrx_word' id='word_1_552' title='bbox 1139 2095 1262 2140; x_wconf 89' lang='lat' dir='ltr'>quoad</span> <span class='ocrx_word' id='word_1_553' title='bbox 1279 2095 1359 2140; x_wconf 87' lang='lat' dir='ltr'>ejus</span> <span class='ocrx_word' id='word_1_554' title='bbox 1380 2093 1604 2140; x_wconf 78' lang='lat' dir='ltr'>principIum</span> <span class='ocrx_word' id='word_1_555' title='bbox 1620 2092 1762 2130; x_wconf 79' lang='lat' dir='ltr'>effecti-</span> 
     </span>
     <span class='ocr_line' id='line_1_100' title="bbox 977 2141 1765 2188; baseline -0.003 -10"><span class='ocrx_word' id='word_1_556' title='bbox 977 2153 1063 2178; x_wconf 83' lang='lat' dir='ltr'>vum</span> <span class='ocrx_word' id='word_1_557' title='bbox 1098 2154 1106 2178; x_wconf 72' lang='grc' dir='ltr'>ι</span> <span class='ocrx_word' id='word_1_558' title='bbox 1146 2141 1232 2188; x_wconf 82' lang='lat' dir='ltr'>quia</span> <span class='ocrx_word' id='word_1_559' title='bbox 1268 2142 1351 2177; x_wconf 70' lang='lat' dir='ltr'>alife</span> <span class='ocrx_word' id='word_1_560' title='bbox 1391 2141 1508 2177; x_wconf 79' lang='lat' dir='ltr'>stellae</span> <span class='ocrx_word' id='word_1_561' title='bbox 1536 2152 1557 2177; x_wconf 87' lang='lat' dir='ltr'>a</span> <span class='ocrx_word' id='word_1_562' title='bbox 1584 2142 1661 2177; x_wconf 91' lang='lat' dir='ltr'>Deo</span> <span class='ocrx_word' id='word_1_563' title='bbox 1693 2151 1765 2188; x_wconf 68' lang='lat' dir='ltr'>EQ*</span> 
     </span>
     <span class='ocr_line' id='line_1_101' title="bbox 977 2189 1762 2234; baseline -0.004 -7"><span class='ocrx_word' id='word_1_564' title='bbox 977 2191 1141 2227; x_wconf 89' lang='lat' dir='ltr'>Verbum</span> <span class='ocrx_word' id='word_1_565' title='bbox 1181 2193 1317 2226; x_wconf 61' lang='lat' dir='ltr'>creatae</span> <span class='ocrx_word' id='word_1_566' title='bbox 1356 2192 1457 2233; x_wconf 90' lang='lat' dir='ltr'>sunt,</span> <span class='ocrx_word' id='word_1_567' title='bbox 1495 2189 1762 2234; x_wconf 28' lang='lat' dir='ltr'>nullas-coope-</span> 
     </span>
     <span class='ocr_line' id='line_1_102' title="bbox 976 2235 1761 2282; baseline -0.005 -8"><span class='ocrx_word' id='word_1_568' title='bbox 976 2241 1084 2282; x_wconf 82' lang='lat' dir='ltr'>rante</span> <span class='ocrx_word' id='word_1_569' title='bbox 1122 2240 1281 2280; x_wconf 89' lang='lat' dir='ltr'>natura;</span> <span class='ocrx_word' id='word_1_570' title='bbox 1323 2236 1389 2272; x_wconf 92' lang='lat' dir='ltr'>sed</span> <span class='ocrx_word' id='word_1_571' title='bbox 1437 2237 1507 2272; x_wconf 89' lang='lat' dir='ltr'>ista</span> <span class='ocrx_word' id='word_1_572' title='bbox 1552 2235 1761 2271; x_wconf 90' lang='lat' dir='ltr'>ministerio</span> 
     </span>
     <span class='ocr_line' id='line_1_103' title="bbox 976 2282 1761 2332; baseline -0.004 -11"><span class='ocrx_word' id='word_1_573' title='bbox 976 2284 1108 2332; x_wconf 87' lang='lat' dir='ltr'>Angeli</span> <span class='ocrx_word' id='word_1_574' title='bbox 1136 2283 1303 2331; x_wconf 70' lang='lat' dir='ltr'>a&#39;Yerbo</span> <span class='ocrx_word' id='word_1_575' title='bbox 1330 2284 1428 2320; x_wconf 86' lang='lat' dir='ltr'>facta</span> <span class='ocrx_word' id='word_1_576' title='bbox 1454 2287 1523 2320; x_wconf 90' lang='lat' dir='ltr'>est.</span> <span class='ocrx_word' id='word_1_577' title='bbox 1549 2304 1595 2309; x_wconf 90' lang='lat'><em>-</em></span> <span class='ocrx_word' id='word_1_578' title='bbox 1621 2282 1761 2326; x_wconf 88' lang='lat' dir='ltr'>Tertio,</span> 
     </span>
     <span class='ocr_line' id='line_1_104' title="bbox 977 2325 1762 2378; baseline -0.005 -10"><span class='ocrx_word' id='word_1_579' title='bbox 977 2332 1015 2368; x_wconf 93' lang='lat' dir='ltr'>in</span> <span class='ocrx_word' id='word_1_580' title='bbox 1035 2325 1235 2368; x_wconf 63' lang='lat' dir='ltr'>auratlbne</span> <span class='ocrx_word' id='word_1_581' title='bbox 1269 2343 1277 2367; x_wconf 91' lang='lat'>:</span> <span class='ocrx_word' id='word_1_582' title='bbox 1311 2332 1400 2378; x_wconf 91' lang='lat' dir='ltr'>quia</span> <span class='ocrx_word' id='word_1_583' title='bbox 1425 2331 1508 2367; x_wconf 75' lang='lat' dir='ltr'>aliae</span> <span class='ocrx_word' id='word_1_584' title='bbox 1533 2342 1555 2367; x_wconf 92' lang='lat' dir='ltr'>a</span> <span class='ocrx_word' id='word_1_585' title='bbox 1577 2329 1762 2377; x_wconf 90' lang='lat' dir='ltr'>principio</span> 
     </span>
     <span class='ocr_line' id='line_1_105' title="bbox 979 2377 1761 2423; baseline -0.005 -7"><span class='ocrx_word' id='word_1_586' title='bbox 979 2379 1109 2416; x_wconf 92' lang='lat' dir='ltr'>mundi</span> <span class='ocrx_word' id='word_1_587' title='bbox 1136 2383 1222 2416; x_wconf 89' lang='lat' dir='ltr'>sunt</span> <span class='ocrx_word' id='word_1_588' title='bbox 1255 2379 1431 2423; x_wconf 80' lang='lat' dir='ltr'>conditae,</span> <span class='ocrx_word' id='word_1_589' title='bbox 1460 2382 1496 2415; x_wconf 86' lang='lat' dir='ltr'>et</span> <span class='ocrx_word' id='word_1_590' title='bbox 1517 2377 1554 2414; x_wconf 89' lang='lat' dir='ltr'>in</span> <span class='ocrx_word' id='word_1_591' title='bbox 1580 2383 1761 2415; x_wconf 80' lang='lat' dir='ltr'>aeternum</span> 
     </span>
     <span class='ocr_line' id='line_1_106' title="bbox 978 2425 1763 2473; baseline -0.005 -9"><span class='ocrx_word' id='word_1_592' title='bbox 978 2428 1204 2473; x_wconf 66' lang='lat' dir='ltr'>Qnebunt3</span> <span class='ocrx_word' id='word_1_593' title='bbox 1239 2425 1311 2463; x_wconf 86' lang='lat' dir='ltr'>ista</span> <span class='ocrx_word' id='word_1_594' title='bbox 1339 2427 1487 2463; x_wconf 85' lang='lat' dir='ltr'>Christo</span> <span class='ocrx_word' id='word_1_595' title='bbox 1522 2428 1611 2461; x_wconf 91' lang='lat' dir='ltr'>nato</span> <span class='ocrx_word' id='word_1_596' title='bbox 1637 2429 1763 2460; x_wconf 91' lang='lat' dir='ltr'>creata</span> 
     </span>
     <span class='ocr_line' id='line_1_107' title="bbox 978 2471 1761 2522; baseline -0.006 -11"><span class='ocrx_word' id='word_1_597' title='bbox 978 2479 1048 2519; x_wconf 85' lang='lat' dir='ltr'>est,</span> <span class='ocrx_word' id='word_1_598' title='bbox 1068 2476 1200 2522; x_wconf 88' lang='lat' dir='ltr'>postea</span> <span class='ocrx_word' id='word_1_599' title='bbox 1220 2485 1302 2510; x_wconf 87' lang='lat' dir='ltr'>esse</span> <span class='ocrx_word' id='word_1_600' title='bbox 1323 2473 1472 2510; x_wconf 87' lang='lat' dir='ltr'>desinit.</span> <span class='ocrx_word' id='word_1_601' title='bbox 1494 2494 1538 2500; x_wconf 88' lang='lat'>-</span> <span class='ocrx_word' id='word_1_602' title='bbox 1558 2474 1712 2516; x_wconf 86' lang='lat' dir='ltr'>Quarto,</span> <span class='ocrx_word' id='word_1_603' title='bbox 1727 2471 1761 2506; x_wconf 87' lang='lat' dir='ltr'>in</span> 
     </span>
     <span class='ocr_line' id='line_1_108' title="bbox 978 2518 1762 2569; baseline -0.008 -10"><span class='ocrx_word' id='word_1_604' title='bbox 978 2522 1051 2559; x_wconf 90' lang='lat' dir='ltr'>situ</span> <span class='ocrx_word' id='word_1_605' title='bbox 1088 2534 1096 2558; x_wconf 74' lang='grc' dir='ltr'>ε</span> <span class='ocrx_word' id='word_1_606' title='bbox 1132 2523 1221 2569; x_wconf 91' lang='lat' dir='ltr'>quia</span> <span class='ocrx_word' id='word_1_607' title='bbox 1251 2521 1335 2557; x_wconf 82' lang='lat' dir='ltr'>aliae</span> <span class='ocrx_word' id='word_1_608' title='bbox 1364 2524 1453 2557; x_wconf 90' lang='lat' dir='ltr'>sunt</span> <span class='ocrx_word' id='word_1_609' title='bbox 1478 2520 1514 2556; x_wconf 90' lang='lat' dir='ltr'>in</span> <span class='ocrx_word' id='word_1_610' title='bbox 1543 2520 1663 2562; x_wconf 71' lang='lat' dir='ltr'>eccle,</span> <span class='ocrx_word' id='word_1_611' title='bbox 1692 2518 1762 2554; x_wconf 89' lang='lat' dir='ltr'>ista</span> 
     </span>
     <span class='ocr_line' id='line_1_109' title="bbox 978 2568 1763 2609; baseline -0.009 -3"><span class='ocrx_word' id='word_1_612' title='bbox 978 2573 1104 2606; x_wconf 88' lang='lat' dir='ltr'>autem</span> <span class='ocrx_word' id='word_1_613' title='bbox 1135 2580 1211 2606; x_wconf 93' lang='lat' dir='ltr'>non</span> <span class='ocrx_word' id='word_1_614' title='bbox 1241 2569 1311 2605; x_wconf 85' lang='lat' dir='ltr'>suit</span> <span class='ocrx_word' id='word_1_615' title='bbox 1342 2569 1413 2605; x_wconf 90' lang='lat' dir='ltr'>sita</span> <span class='ocrx_word' id='word_1_616' title='bbox 1443 2568 1479 2603; x_wconf 92' lang='lat' dir='ltr'>in</span> <span class='ocrx_word' id='word_1_617' title='bbox 1508 2568 1763 2609; x_wconf 77' lang='lat' dir='ltr'>firmamento,</span> 
     </span>
     <span class='ocr_line' id='line_1_110' title="bbox 979 2616 1764 2661; baseline -0.009 -7"><span class='ocrx_word' id='word_1_618' title='bbox 979 2617 1045 2654; x_wconf 90' lang='lat' dir='ltr'>sed</span> <span class='ocrx_word' id='word_1_619' title='bbox 1083 2617 1123 2653; x_wconf 92' lang='lat' dir='ltr'>in</span> <span class='ocrx_word' id='word_1_620' title='bbox 1155 2627 1242 2654; x_wconf 88' lang='lat' dir='ltr'>aere</span> <span class='ocrx_word' id='word_1_621' title='bbox 1278 2627 1355 2653; x_wconf 87' lang='lat' dir='ltr'>nou</span> <span class='ocrx_word' id='word_1_622' title='bbox 1389 2616 1499 2661; x_wconf 80' lang='lat' dir='ltr'>longe</span> <span class='ocrx_word' id='word_1_623' title='bbox 1532 2625 1553 2649; x_wconf 85' lang='lat' dir='ltr'>a</span> <span class='ocrx_word' id='word_1_624' title='bbox 1580 2618 1693 2650; x_wconf 87' lang='lat' dir='ltr'>terra.</span> <span class='ocrx_word' id='word_1_625' title='bbox 1721 2634 1764 2639; x_wconf 85' lang='lat'>--</span> 
     </span>
     <span class='ocr_line' id='line_1_111' title="bbox 979 2659 1763 2710; baseline -0.008 -9"><span class='ocrx_word' id='word_1_626' title='bbox 979 2660 1132 2710; x_wconf 73' lang='lat' dir='ltr'>Q&#39;uinto,</span> <span class='ocrx_word' id='word_1_627' title='bbox 1154 2663 1192 2700; x_wconf 94' lang='lat' dir='ltr'>in</span> <span class='ocrx_word' id='word_1_628' title='bbox 1213 2663 1470 2710; x_wconf 88' lang='lat' dir='ltr'>magnitudine</span> <span class='ocrx_word' id='word_1_629' title='bbox 1491 2674 1498 2697; x_wconf 79' lang='lat'>2</span> <span class='ocrx_word' id='word_1_630' title='bbox 1524 2659 1612 2707; x_wconf 90' lang='lat' dir='ltr'>quia</span> <span class='ocrx_word' id='word_1_631' title='bbox 1632 2671 1763 2696; x_wconf 86' lang='lat' dir='ltr'>secun-</span> 
     </span>
     <span class='ocr_line' id='line_1_112' title="bbox 979 2707 1765 2756; baseline -0.008 -7"><span class='ocrx_word' id='word_1_632' title='bbox 979 2713 1068 2749; x_wconf 90' lang='lat' dir='ltr'>dum</span> <span class='ocrx_word' id='word_1_633' title='bbox 1092 2713 1338 2751; x_wconf 75' lang='lat' dir='ltr'>Ptolomaeum,</span> <span class='ocrx_word' id='word_1_634' title='bbox 1371 2709 1548 2756; x_wconf 78' lang='lat' dir='ltr'>quaelibct</span> <span class='ocrx_word' id='word_1_635' title='bbox 1569 2707 1765 2744; x_wconf 86' lang='lat' dir='ltr'>stellarum</span> 
     </span>
     <span class='ocr_line' id='line_1_113' title="bbox 980 2755 1767 2802; baseline -0.009 -5"><span class='ocrx_word' id='word_1_636' title='bbox 980 2759 1210 2796; x_wconf 88' lang='lat' dir='ltr'>firmamenti</span> <span class='ocrx_word' id='word_1_637' title='bbox 1233 2757 1390 2794; x_wconf 88' lang='lat' dir='ltr'>visibilis</span> <span class='ocrx_word' id='word_1_638' title='bbox 1415 2756 1537 2800; x_wconf 88' lang='lat' dir='ltr'>nobis,</span> <span class='ocrx_word' id='word_1_639' title='bbox 1564 2755 1686 2802; x_wconf 66' lang='lat' dir='ltr'>major</span> <span class='ocrx_word' id='word_1_640' title='bbox 1712 2759 1767 2791; x_wconf 74' lang='lat' dir='ltr'>est</span> 
     </span>
    </p>
   </div>
  </div>
 </body>
</html>
