1902 3126
669 114 722 147 DE
761 114 1002 148 ErerANIA
1039 113 1209 147 DOMINI.
1724 110 1762 142 {9

123 197 197 232 que
234 196 332 222 nunc
366 185 412 221 de
447 184 582 230 primo,
621 182 710 228 quia
742 183 788 218 de
820 182 903 218 aliis

125 233 326 269 dicendum
348 232 419 268 erit
438 231 534 266 infra
554 229 685 266 ordine
707 239 787 265 sno.

175 283 194 315 5
231 281 281 315 Dr:
319 290 458 314 irixsnn
501 278 696 312 Masonem.
737 297 782 302 —
817 277 904 313 Cum

126 337 223 371 erqo,
246 325 451 362 secundum
473 324 706 370 prophetiam
722 323 902 367 Michaese,

123 378 234 409 natus
252 376 344 408 esset
363 374 466 407 Jeszis
493 373 532 406 in
558 371 762 406 Bethlehem
784 371 901 410 Judoe,

125 430 211 467 quae
232 422 289 455 est
315 419 352 454 in
380 419 479 454 tribu
500 417 611 461 Juda,
640 417 739 463 quod
767 417 904 453 dii-itur

127 466 174 503 ad
191 466 471 502 distinctionem
492 464 646 500 alterius
668 464 901 508 Bethlehem,

127 523 211 560 quae
229 514 337 549 estin
359 512 528 555 Galilaea,
546 511 584 547 in
601 512 699 547 tribu
721 511 902 555 Zabulon,

123 562 162 596 in
182 560 309 595 diebus
327 560 482 596 Herodis
501 561 613 603 reqis,
630 558 774 595 scilicet
800 569 902 595 anno

126 608 232 653 regni
254 607 311 643 sui
332 606 541 652 trigesimo,
563 617 630 652 per
651 606 748 652 quod
773 610 901 642 osten-

123 653 226 690 ditur
251 658 401 700 tempns
427 655 658 700 praetinitum
681 653 818 690 Christi
841 664 905 689 na-

121 700 259 738 scentis
285 713 292 736 :
322 702 613 747 prophetaverat
649 700 749 737 euim
785 701 902 746 patri-

120 748 236 784 archa
255 749 370 784 Jacob
403 748 464 783 illo
498 752 669 793 tempore
710 747 900 783 Christum

123 795 201 832 sore
244 795 494 839 nasciturum,
533 795 683 840 quando
724 795 905 830 deiiceret

122 845 326 889 sceptrum,
350 841 428 878 sive
448 853 513 878 rex
541 846 577 877 et
595 842 666 877 dux
690 842 735 877 de
762 842 902 887 populo

120 890 357 933 Judaeorum3
387 893 422 925 et
452 889 523 924 1100
556 888 753 934 impletum
786 892 841 924 est
868 890 904 924 in

126 936 273 973 Herode
289 936 521 979 Ascalonita,
537 935 599 981 qui
617 936 683 971 suit
700 936 903 979 Iduniaffus,

121 986 158 1020 et
176 983 321 1030 primus
355 983 527 1029 regnavit
557 982 787 1027 alienigena.
814 985 904 1018 Ecce

123 1032 240 1075 Μαρί,
269 1034 305 1066 et
337 1030 496 1076 gentiles
532 1029 745 1066 universam
776 1030 902 1066 Eccle-

122 1076 217 1114 siam
239 1077 400 1114 suturam
428 1088 471 1113 ex
492 1077 676 1113 Gentibus
696 1087 904 1123 reprzrsen-

122 1127 258 1168 tames,
281 1135 303 1161 a
323 1124 497 1171 partibus
519 1124 779 1168 orientalibus,
799 1135 902 1160 vene-

120 1175 207 1207 runt
225 1173 506 1216 Jerosolynmm,
533 1171 722 1207 civitatem
744 1171 902 1217 regiam,

120 1217 260 1255 ibidem
290 1219 336 1255 de
371 1220 519 1255 Christo
555 1223 642 1254 nato
671 1218 904 1264 inquirentes

117 1269 155 1302 et
175 1266 357 1302 dicentes:
381 1267 450 1303 Ubi
469 1270 522 1301 est
549 1268 614 1311 qui
636 1270 746 1301 natus
765 1270 816 1301 est
838 1277 904 1301 rex

117 1313 350 1349 Judaeomm?
370 1314 462 1349 Ecce
482 1323 571 1358 ergo
593 1312 723 1349 titulus
744 1324 765 1349 a
784 1314 904 1357 Magis

122 1360 181 1396 hic
215 1361 423 1401 nuntiatus,
449 1371 471 1396 a
499 1360 640 1397 Judaeis
678 1357 903 1406 reprobatus

120 1406 169 1443 ibi
192 1409 205 1442 ε’
230 1409 316 1445 Noli
348 1408 504 1442 scribere
532 1419 599 1443 rece
622 1408 851 1449 Judaeorum,
881 1419 903 1444 a

118 1453 308 1500 Scriptura
324 1455 568 1490 confirmatus
584 1454 634 1490 ibi
656 1466 663 1489 :
686 1455 789 1498 Quod
809 1457 903 1490 scri-

119 1503 192 1547 psi,
219 1504 365 1547 scripsi.
395 1501 570 1547 Sequitur
606 1505 730 1537 autem
757 1513 764 1537 :
795 1502 902 1538 Vidi·-

119 1559 199 1584 mus
228 1551 323 1584 enz'm
350 1550 495 1584 stellam
527 1549 617 1593 ejus,
648 1548 791 1584 scilicet
812 1559 902 1595 pro-

119 1596 255 1641 priam,
295 1595 381 1641 quia
432 1596 527 1631 hanc
569 1595 709 1631 creavit
750 1596 798 1632 ad
847 1595 902 1632 sui

117 1643 386 1687 ostensionem,
408 1644 445 1678 in
472 1643 635 1685 01·2·ente‚·
663 1646 696 1678 ec
722 1645 900 1686 venimus,

116 1689 376 1736 personaliter,
391 1690 559 1731 adorare,
581 1689 786 1734 humiliter,
808 1702 900 1734 enm,

118 1737 373 1783 singulariter.
389 1738 554 1773 Veniunt
572 1742 743 1784 pastores
766 1742 803 1773 ut
827 1748 905 1774 cer-

118 1783 322 1829 tificentur,
344 1788 383 1821 ut
402 1795 535 1830 supra;
555 1784 712 1821 veniunt
733 1795 842 1831 reges
862 1790 901 1821 ut

118 1835 358 1878 venerentur,
382 1835 420 1868 ut
445 1831 523 1877 hic;
547 1831 700 1868 veniunt
728 1843 837 1868 senes
864 1836 903 1868 ut

117 1879 377 1925 gratulentur,
406 1882 447 1914 ut
478 1879 587 1915 infra.
628 1879 794 1915 Primum
822 1890 904 1926 per-

118 1925 213 1962 tinet
231 1925 279 1962 ad
299 1925 490 1972 praeiatos,
513 1926 717 1962 secundum
745 1927 792 1962 ad
815 1926 905 1963 acti-

120 1983 200 2017 vos,
225 1972 292 2009 sed
323 1974 472 2009 tertium
501 1973 547 2009 ad
575 1974 900 2020 contemplativos.

121 2019 235 2056 Primi
267 2020 391 2056 vident
426 2024 460 2056 et
486 2021 714 2067 praedicaiit3
747 2021 902 2057 secundi

119 2071 347 2104 venerantur
373 2071 409 2103 et
432 2067 616 2111 adorant;
642 2069 742 2104 tertii
764 2069 903 2114 ample-

116 2118 255 2152 xantur
270 2118 305 2151 et
319 2118 460 2151 tenent.
478 2115 687 2151 Secundum
703 2116 900 2161 quosdam,

120 2161 237 2208 Magis
282 2162 452 2199 Judzram
498 2162 728 2198 intrantibus
745 2190 753 2206 ,
793 2163 902 2198 stella

115 2208 318 2256 disparuit,
344 2214 385 2245 ut
415 2209 632 2246 amittentes
662 2208 809 2245 itineris
837 2210 902 2246 du-

118 2266 216 2300 cem,
237 2266 391 2293 necesse
419 2257 603 2293 haberent
632 2267 826 2293 recurrere
854 2257 900 2293 ad

115 2302 309 2339 civitatem
330 2303 490 2350 regiam,
515 2303 656 2339 scilicet
674 2304 898 2347 Jerusalem,

118 2353 156 2387 et
184 2349 326 2387 ibidem
358 2350 551 2397 inquirere
589 2351 635 2387 de
671 2362 761 2397 rege
796 2356 897 2388 nato.

116 2397 332 2434 Secundum
357 2408 444 2433 vero
472 2398 582 2441 alios,
605 2408 690 2434 cum
717 2398 815 2444 Magi
839 2400 898 2435 Je-

117 2444 280 2481 rusalem
321 2445 368 2481 ad
405 2445 651 2490 quaerendum
691 2445 737 2482 de
780 2447 899 2483 Puero

120 2492 279 2538 ingressi
296 2492 469 2536 fuissent,
486 2493 606 2529 stellae
618 2493 795 2529 ducatum
811 2493 902 2529 ami-

122 2543 265 2583 serunt,
289 2538 466 2585 quoniam
492 2539 669 2576 auxilium
692 2540 899 2577 humanum

122 2585 359 2632 requirentes
394 2587 497 2632 juste
533 2587 705 2634 perdere·
732 2587 900 2625 divinum

119 2638 351 2678 meruerunt,
378 2634 467 2679 quia
497 2638 597 2671 recte
633 2634 759 2671 divino
791 2635 898 2672 dese—

118 2684 252 2717 runtur
285 2681 441 2726 auxilio,
470 2681 531 2728 qui
560 2682 767 2719 humanum
807 2693 900 2730 prze-

116 2731 262 2774 ponunt
289 2728 431 2766 divino.
460 2730 503 2765 Et
531 2732 654 2776 potest
687 2729 796 2766 stella
827 2730 901 2766 ista

980 181 1206 226 illuminatio
1222 182 1351 227 gratia}
1375 181 1546 227 intelligi,
1565 180 1654 226 quia
1671 180 1759 215 ilum

980 228 1069 264 boni
1092 239 1113 264 a
1135 229 1241 263 malis
1269 228 1463 264 consilium
1488 231 1674 274 quaerunt,
1696 237 1760 263 ve-

981 285 1059 310 rani
1081 275 1391 310 illuminationem
1413 277 1604 312 amittunt.

1027 326 1047 357 6
1071 324 1276 358 Disi·.xiii†io
1309 334 1446 357 svekun
1481 335 1637 358 rnorrizn
1669 333 1758 362 001-

980 380 1073 405 10011
1101 380 1285 404 nATioxizs.
1311 388 1355 394 —
1383 370 1454 404 Sed
1486 369 1562 405 sive
1587 372 1673 405 ante
1702 368 1760 404 in-

981 426 1154 462 gressum
1181 415 1219 451 in
1246 415 1470 458 Jerusalem,
1494 416 1569 451 sive
1596 420 1680 462 post
1703 415 1760 451 in-

981 473 1150 509 gressum
1173 461 1358 508 disparuit
1378 463 1498 497 stella.
1529 465 1678 498 Factum
1702 466 1759 498 est

981 512 1051 546 hoc
1073 521 1094 546 a
1114 512 1188 546 Deo
1208 508 1378 555 pluribus
1396 509 1442 544 de
1463 510 1597 545 causis.
1621 510 1757 553 Prima,

980 561 1136 604 propter
1173 558 1273 603 ipsos
1313 557 1454 601 Magos,
1481 560 1519 591 ut
1559 556 1620 601 qui
1656 558 1759 602 prius

981 606 1132 641 fuerant
1143 602 1359 639 commoniti
1376 602 1518 638 coelesti
1538 603 1659 647 signo,
1675 614 1760 638 con-

981 652 1227 688 firmarentur
1252 650 1366 687 etiam
1406 650 1504 685 dicto
1538 649 1758 695 prophetico

980 711 1023 736 ex
1043 699 1240 736 doctorum
1264 697 1313 733 ibi
1337 696 1584 733 residentium
1603 706 1758 741 respon-

981 758 1035 783 so.
1067 767 1112 772 -
1140 746 1333 787 Secunda,
1362 749 1516 790 propter
1554 743 1757 787 Christum,

979 798 1021 830 ut
1040 794 1121 839 ejus
1145 792 1321 829 nativitas
1343 791 1380 827 in
1401 791 1550 826 01111310
1572 792 1675 837 rogia
1694 800 1760 836 pu-

980 841 1196 883 blicaretur,
1225 843 1261 875 et
1289 838 1487 885 prophetia
1510 839 1555 874 de
1583 838 1664 873 loco
1692 848 1758 873 na-

980 887 1136 923 tivitatis
1146 887 1282 923 Christi
1301 886 1454 931 impleta
1469 888 1757 921 monstraretur.

980 955 1026 961 —-
1047 934 1185 978 Tertia,
1215 937 1251 969 ut
1280 933 1402 969 studio
1430 935 1637 978 Magorum,
1657 932 1760 967 dam-

980 986 1135 1018 naretur
1155 980 1306 1027 pigritia
1325 980 1557 1023 ι1003301010,
1583 979 1645 1025 qui
1667 979 1761 1015 Gen-

981 1030 1081 1065 tibus
1105 1028 1262 1065 sollicite
1278 1027 1465 1065 Christum
1486 1027 1758 1072 quaerentibus,

981 1077 1053 1122 ipsi
1079 1077 1116 1112 in
1143 1076 1245 1111 110110
1271 1075 1361 1111 inoti
1399 1077 1486 1110 sunt
1513 1075 1559 1110 ad
1586 1084 1758 1119 00331·οΠ-

981 1124 1084 1160 00111.
1108 1145 1153 1149 -
1175 1124 1328 1167 Quarta,
1347 1125 1386 1157 ut
1420 1121 1541 1157 Judaaei
1570 1120 1758 1157 Christum

982 1181 1057 1206 non
1094 1170 1320 1216 recipientes
1341 1197 1350 1214 ,
1396 1167 1669 1204 inexcusabiles
1713 1167 1759 1203 de

981 1218 1162 1254 adventus
1196 1218 1276 1263 ejus
1317 1215 1450 1252 notitia
1486 1218 1757 1251 remanerent:

981 1276 1065 1301 cum
1099 1264 1194 1311 Magi
1217 1264 1358 1300 Judaeis
1385 1267 1547 1309 tempus,
1579 1266 1615 1298 et
1640 1261 1759 1298 Judaei

981 1312 1099 1358 Magis
1120 1313 1241 1347 locum
1272 1311 1476 1346 nativitatis
1500 1310 1758 1346 ostenderent.

984 1361 1054 1395 Per
1075 1360 1144 1395 1100
1166 1359 1279 1395 0113111
1303 1359 1536 1403 figurabatur
1550 1357 1650 1403 quod
1666 1356 1760 1392 fides

981 1407 1119 1443 Christi
1141 1410 1222 1442 erat
1242 1416 1263 1441 a
1285 1405 1468 1441 Gentibus
1501 1404 1634 1439 devote
1664 1403 1759 1439 reci-

980 1454 1133 1506 pienda,
1154 1457 1189 1488 et
1209 1463 1230 1488 a
1248 1452 1391 1489 Judaeis
1412 1462 1479 1497 pro
1499 1452 1632 1497 maj0ri
1653 1454 1761 1496 parte

979 1512 1017 1536 111
1039 1500 1261 1536 infidelitate
1280 1498 1577 1541 remanentibus,
1592 1498 1760 1534 refutan-

979 1548 1040 1583 da.
1065 1549 1127 1583 Isti
1160 1546 1257 1592 Magi
1284 1546 1346 1581 fixi
1379 1547 1528 1582 suerunt
1560 1547 1595 1580 in
1623 1545 1760 1581 timore

979 1594 1115 1632 Christi
1149 1598 1184 1630 et
1211 1595 1287 1630 fide
1309 1592 1462 1635 firmati,
1486 1592 1573 1638 quia
1594 1602 1669 1628 non
1691 1593 1762 1628 ob-

979 1646 1104 1678 stante
1140 1641 1240 1688 quod
1271 1640 1412 1677 scirent
1447 1641 1553 1686 juxta
1596 1639 1762 1676 edictum

978 1689 1187 1736 imperiale,
1210 1688 1359 1735 capitali
1392 1687 1579 1724 sententia
1603 1687 1761 1733 punien-

978 1737 1068 1773 dum
1106 1747 1188 1773 esse
1228 1735 1453 1782 quicumque
1487 1745 1615 1781 regem
1647 1734 1762 1771 alium

980 1795 1092 1831 quam
1133 1784 1342 1830 subjectum
1390 1785 1559 1818 Romano
1602 1781 1761 1828 imperio

979 1831 1208 1875 nominaret,
1227 1831 1416 1868 Christum
1436 1833 1563 1865 tamen
1584 1828 1761 1875 intrepidi

979 1883 1063 1915 sunt
1098 1878 1272 1915 confessi.
1310 1878 1415 1913 L'nde
1446 1879 1720 1921 chrysostomus
1749 1889 1759 1912 :

982 1940 1000 1960 «
1023 1926 1095 1962 Sed
1121 1925 1303 1971 numquid
1328 1924 1562 1969 nesciebant,
1591 1924 1692 1969 quod
1722 1923 1760 1960 in

977 1973 1186 2010 Jerusalem
1208 1972 1405 2018 regnabat,
1433 1971 1626 2008 Herodes?
1650 1972 1763 2007 Num-

979 2020 1069 2066 quid
1088 2031 1161 2056 non
1180 2019 1456 2065 intelligebant,
1477 2019 1576 2065 quod
1595 2018 1762 2065 quicum-

979 2077 1065 2113 que,
1102 2077 1191 2112 rege
1232 2067 1393 2110 vivente,
1434 2066 1595 2102 alterum
1632 2076 1761 2112 regem

978 2115 1200 2161 pronuntiat
1236 2117 1300 2150 aut
1334 2114 1489 2158 adorat,
1531 2113 1686 2160 punitur
1723 2114 1759 2149 in

977 2162 1190 2208 sanguine?
1228 2162 1300 2198 Sed
1339 2162 1427 2197 dum
1469 2161 1761 2197 considerabant

978 2220 1106 2255 regem
1131 2208 1311 2251 futurum,
1342 2219 1417 2244 non
1449 2208 1634 2244 timebant
1668 2218 1762 2254 prae-

978 2260 1148 2300 sentem,
1183 2256 1306 2292 adhuc
1339 2266 1414 2292 non
1449 2255 1621 2292 viderant
1653 2255 1760 2292 Chri-

978 2307 1091 2347 stum,
1113 2307 1150 2340 et
1171 2304 1251 2349 ι13111
1280 2303 1402 2350 parati
1431 2307 1539 2339 erant
1571 2304 1665 2339 niori
1692 2313 1759 2349 pro

977 2351 1138 2388 Christo.
1163 2351 1190 2388 Ο
1213 2351 1313 2387 beati
1339 2350 1451 2396 Magi,
1474 2350 1535 2396 qui
1557 2354 1641 2386 ante
1669 2360 1759 2386 cou-

977 2402 1147 2445 spectum
1164 2397 1414 2435 crudelissimi
1427 2398 1527 2444 regis
1539 2397 1759 2444 priusquam

976 2445 1164 2482 Christum
1186 2445 1376 2489 viderent,
1399 2445 1538 2481 Christi
1565 2445 1652 2480 sacti
1673 2447 1758 2480 sunt

975 2493 1241 2530 confessores!
1266 2507 1284 2525 »
1311 2494 1391 2529 haec
1419 2494 1706 2537 chrysostomus.

1025 2556 1044 2588 7
1067 2542 1228 2576 Heaoms
1249 2552 1370 2586 1111011,
1388 2552 1430 2576 ET
1451 2551 1624 2576 Tunes-rio
1644 2540 1760 2575 JERU-

977 2599 1103 2624 saum.
1118 2608 1165 2616 —-
1184 2589 1350 2624 Audiens
1368 2591 1487 2623 autem
1502 2586 1660 2622 Herodes
1676 2596 1756 2627 rex,

976 2635 1121 2672 taliade
1132 2636 1253 2672 Puero
1264 2634 1758 2678 nato‚tw·batusest,timeus

978 2693 1024 2719 ne
1046 2686 1274 2729 regnaturus
1298 2685 1395 2719 esset
1416 2692 1483 2728 pro
1506 2691 1570 2725 eo,
1596 2691 1635 2716 se
1662 2684 1757 2717 tam·

977 2740 1090 2776 quam
1120 2730 1334 2776 alienigena
1359 2728 1554 2766 destituto.
1587 2726 1655 2764 Ubi
1683 2729 1759 2764 Au-
