1876 3126
351 187 398 219 ni]
437 184 572 219 lNlTlD
612 182 806 215 l'tJsstlthl}
846 183 1201 219 rRxliDtCAi'toxls
1244 186 1401 220 DOMINI
1440 187 1560 220 JESU.
1721 187 1782 221 239

142 266 264 302 neque
284 255 430 299 signum
447 254 562 289 ullum
584 251 670 287 fecit
685 252 865 295 Joannes,
879 256 919 288 ut

141 314 185 341 ex
206 306 275 340 hoc
293 312 440 348 quoque
460 297 734 334 multitudinem
752 299 915 334 traderet

142 352 302 393 Christo,
316 359 398 394 quae
415 346 461 382 ad
477 355 562 382 eum
582 345 776 391 signorum
797 346 917 381 admi-

142 398 288 435 ratione
334 395 554 431 conssueret.
596 406 615 424 »
663 392 764 428 Unde
803 393 917 429 etiam

142 445 390 489 Auyustinus:
405 455 423 474 «
441 439 660 475 Praemissus
672 441 916 484 estJoannes,

141 492 241 528 velut
267 500 334 525 vox
358 491 444 523 ante
467 488 645 529 Verbum,
667 497 804 524 aurora
830 491 918 523 ante

140 539 272 580 solem,
299 546 423 582 praeco
458 538 545 570 ante
577 533 762 578 Judicem,
789 546 919 571 servus

140 589 226 622 ante
238 581 704 625 Dominum,amicusante
715 583 916 628 Sponsum.

139 633 182 669 Et
203 633 291 678 quia
312 630 526 666 uuiversum
549 629 728 665 mundum
750 631 917 666 tenebrae

137 681 175 716 et
204 689 275 715 nox
305 676 540 713 infidelitatis
573 681 850 723 oppresserant,
882 681 918 713 et

138 726 255 763 solem
269 724 426 771 Jusiitiae
447 724 616 770 aspicere
634 734 707 760 uon
726 725 916 769 valebant,

139 774 272 811 beatus
285 775 450 809 «Ioannes
465 771 570 817 quasi
587 772 740 808 lucerua
756 772 918 818 praemit-

138 821 242 865 titur,
260 824 300 857 ut
320 819 430 862 oculi,
453 819 514 864 qui
537 819 759 865 lippitudine
783 819 917 865 iniqui-

138 867 401 914 tatisoppressi
415 877 591 911 maguum
601 871 637 902 et
650 877 779 902 verum
792 867 918 903 lumen

138 915 266 952 videre
279 926 355 950 non
368 917 557 960 poterant,
570 913 777 950 admissum
791 915 917 950 lumen

139 963 315 1003 lucernae,
329 962 492 1008 primurn
508 961 613 1007 quasi
628 964 780 997 tenuem
799 962 920 1008 splen-

138 1010 270 1047 dorem
293 1010 422 1045 videre
442 1012 750 1052 cousuesoerent3
773 1013 812 1044 nt
832 1020 920 1055 pau-

138 1058 259 1101 latim,
282 1061 522 1104 peccatorum
550 1055 677 1092 nubilo
702 1057 918 1101 recedente,

138 1108 176 1142 et
192 1104 431 1140 infidelitatis
447 1103 594 1149 digesto
618 1104 790 1146 humore,
813 1103 918 1141 Chri-

138 1155 196 1189 sto
223 1151 461 1195 adveniente,
483 1152 530 1186 ab
557 1151 620 1186 illo
648 1151 789 1187 coelesti
813 1151 920 1187 lumi-

138 1209 186 1236 ne
206 1198 405 1241 laetificari,
427 1198 551 1244 potius
577 1208 690 1244 quam
712 1199 921 1245 retorqueri

137 1252 318 1294 possent:
335 1262 352 1278 »
372 1248 453 1282 haec
467 1247 712 1289 Azcffltstinzcs.
729 1248 772 1281 Et
792 1250 922 1282 notan-

137 1294 227 1331 dum
254 1294 353 1339 quod
381 1293 560 1339 perl'ectio
588 1293 814 1339 Evangelica
836 1304 918 1330 ver-

137 1345 242 1378 satur
263 1341 451 1388 praeripue
475 1340 574 1376 circa
600 1340 686 1384 tria,
711 1340 883 1377 videlicet
906 1353 915 1377 :

139 1389 239 1425 circa
277 1399 393 1434 opera
426 1387 595 1434 pietatis,
632 1389 732 1424 circa
765 1388 919 1424 consilia

138 1436 396 1478 humanitatis,
413 1440 449 1471 et
469 1435 568 1471 circa
585 1440 775 1482 praecepta
795 1435 918 1471 rliari-

137 1484 237 1520 tatis.
260 1485 345 1519 Haec
364 1483 478 1519 etiam
500 1482 571 1518 tria
589 1483 775 1529 praeeipue
799 1483 920 1519 Domi-

138 1542 207 1567 nus
229 1531 353 1567 docuit
382 1530 419 1565 in
444 1530 657 1576 Evangelio.
684 1530 827 1576 Incepit
850 1542 918 1566 au-

138 1582 214 1614 tem
245 1578 435 1619 Dominus,
461 1577 555 1613 sicut
581 1579 760 1622 Joannes,
785 1578 918 1613 eadem

137 1626 359 1672 prsedicans,
383 1636 466 1669 quie
488 1625 549 1660 ille
571 1630 658 1660 ante
681 1625 824 1660 dixerat
846 1637 854 1660 ;
879 1629 918 1660 ut

137 1673 355 1719 praedicatio
381 1671 551 1717 discipuli
579 1676 614 1708 et
636 1672 803 1718 Magistri
828 1683 916 1707 con-

137 1730 229 1756 sona
241 1723 352 1763 esset,
363 1723 399 1755 et
413 1719 593 1755 Dominus
604 1719 916 1765 prtedicationem

136 1777 180 1804 ac
200 1767 410 1804 doctrinam
436 1766 594 1803 Joannis
620 1767 849 1813 approbaret
882 1770 918 1802 et

137 1815 396 1859 confirmaret,
411 1824 454 1850 ac
472 1814 687 1860 superbiam
705 1825 836 1850 eorum
855 1814 917 1860 qui

137 1862 236 1899 dicta
262 1862 423 1898 aliorum
450 1861 705 1907 dedignantur
733 1862 916 1908 accipere,

137 1910 367 1952 confutaret3
392 1920 435 1945 ac
457 1913 495 1945 ut
515 1920 554 1945 se
576 1909 746 1955 ejusdem
768 1910 832 1945 Dei
856 1910 916 1945 Fi-

138 1957 244 2001 lium,
276 1957 381 2002 cujus
414 1956 476 1992 ille
511 1957 700 2003 Propheta
735 1956 803 2002 sit,
835 1968 917 1993 esse

139 2004 369 2042 ostenderet.
407 2004 572 2039 Verbum
611 2014 700 2049 ergo
743 2004 842 2049 quod
880 2004 918 2040 in

137 2053 283 2089 Joanne
301 2062 443 2097 organo
460 2050 547 2086 etin
564 2051 738 2087 omnibus
754 2052 917 2097 Prophe-

138 2097 826 2144 tisclamaverat,praedicansregnum
837 2098 915 2142 Dei,

138 2157 161 2183 a
185 2146 406 2193 poenileutia
432 2146 611 2182 inchoare
642 2146 805 2189 volebat,
829 2145 918 2191 quia

138 2194 210 2230 nisi
232 2194 390 2230 remisso
413 2198 579 2240 peccato,
599 2204 666 2239 per
688 2193 919 2239 Baptismum

139 2245 175 2278 et
193 2241 457 2288 poenitentiam
481 2241 720 2288 condignam,
742 2252 816 2276 non
837 2245 918 2286 pot-

139 2289 211 2325 erit
234 2289 316 2335 quis
333 2289 472 2325 intrare
490 2289 526 2324 in
542 2299 698 2335 reguum
713 2288 915 2332 coelorum;

139 2336 241 2372 unde
257 2347 330 2372 nou
349 2338 473 2372 statim
486 2336 667 2382 Justitiam
688 2335 917 2382 praedicavit,

139 2383 206 2419 sed
223 2383 497 2429 poenitentiam.
518 2383 605 2427 Quis
624 2394 713 2429 ergo
729 2394 841 2419 ausus
863 2387 919 2419 est

140 2430 266 2467 dicere
287 2442 295 2466 :
321 2431 409 2466 Volo
433 2433 553 2467 bonus
574 2442 670 2475 esse,
687 2434 723 2467 et
742 2442 815 2466 non
836 2442 919 2477 pos-

139 2479 251 2515 sum?
271 2478 497 2514 Poenitentia
523 2480 624 2515 enim
652 2477 833 2514 correctio
862 2482 919 2514 est

141 2525 347 2562 voluntatis
359 2537 367 2569 ;
381 2529 419 2561 et
434 2525 461 2561 si
478 2536 544 2562 vos
559 2526 658 2561 mala
672 2536 746 2561 non
761 2529 916 2569 terrent,

140 2575 183 2608 ut
215 2571 357 2609 scilicet
394 2572 655 2619 poeniteutiam
689 2573 824 2618 agatis,
861 2573 918 2609 vel

140 2619 241 2657 bona
260 2620 462 2664 delectent,
483 2620 798 2667 appropinquavit
817 2620 918 2656 enim

140 2678 299 2713 regnum
333 2668 534 2712 coelorum,
566 2668 602 2703 id
637 2672 693 2704 est
724 2667 918 2704 beatitudo

140 2715 249 2762 regni
277 2714 451 2751 coelestis.
476 2718 526 2751 Ac
551 2715 584 2751 si
610 2715 710 2752 dicat
741 2727 749 2751 :
784 2716 918 2752 Parate

141 2772 209 2799 vos
241 2762 314 2806 ad,
348 2762 386 2798 id
424 2766 480 2799 est
513 2773 604 2810 per,
634 2762 916 2810 poenitentiam,

141 2809 230 2856 quia
243 2809 561 2857 appropinquabit
573 2814 722 2858 tempus
734 2810 918 2848 mercedis

991 258 1154 306 aeternze.
1187 256 1405 292 Piwdicavit
1433 261 1559 293 autem
1590 259 1771 294 Dominus

990 302 1263 346 ptnnitentiam,
1294 305 1620 351 appropinquante
1654 316 1770 351 regno

991 348 1172 384 coelorum
1187 354 1223 384 et
1240 351 1312 385 line
1334 352 1476 395 mundi,
1493 357 1530 387 ut
1550 351 1658 388 l'ormi
1677 355 1771 389 taret.

991 394 1086 429 sorte
1097 395 1272 447 juvenilis
1287 402 1378 433 zetas·
1392 400 1532 434 mundi.
1550 401 1652 435 Nune
1668 411 1770 446 vero,

990 448 1318 488 appropinquante
1351 456 1464 490 regno
1488 448 1684 490 coetormn,
1708 458 1768 483 os-

992 488 1158 524 tenditur
1176 500 1331 533 reguum
1345 494 1469 528 mundi
1484 505 1596 539 agere
1609 495 1769 530 inextre·

991 535 1162 578 nii-,ideo
1173 538 1305 571 merito
1316 539 1615 576 ‹lcbeti'Otivel'lL
1630 542 1688 577 Sic,
1700 542 1765 577 ita-

990 594 1062 628 que
1075 583 1287 619 Dominusa
1299 586 1486 630 Baptisino
1499 600 1579 630 suo,
1593 600 1708 634 usque
1721 588 1768 625 ad

988 631 1145 666 Joannis
1173 631 1509 669 incarcerationem
1537 636 1767 680 praeli-tavit,

989 681 1025 713 et
1048 678 1175 713 docuit
1195 680 1356 721 occulte,
1371 683 1407 714 ct
1424 680 1462 715 in
1482 681 1570 716 locis
1593 683 1767 727 privatis;

989 725 1054 761 sed
1069 730 1150 771 post
1163 726 1242 771 ejus
1258 726 1610 769 incarcerationem,
1624 730 1769 773 publice

989 776 1026 809 et
1050 772 1088 808 in
1116 773 1331 819 synagogis.
1357 774 1460 811 Sicut
1481 777 1583 811 enim
1604 777 1769 812 ,loannes

990 825 1071 856 erat
1091 830 1302 866 praecursor
1316 821 1469 865 Christi,
1482 822 1533 858 ita
1552 823 1769 868 praedicatio

988 867 1148 904 Joannis
1167 871 1248 904 erat
1267 868 1407 915 praevia
1429 869 1565 906 Christi
1590 870 1769 915 praedica-

991 914 1096 951 tioni.
1115 917 1154 950 Et
1172 915 1255 951 ideo
1271 916 1441 953 Christus
1461 928 1534 953 non
1554 917 1770 963 praelicavit

991 964 1240 999 communiter
1267 969 1305 999 et
1325 964 1473 1010 publice
1499 969 1586 1000 ante
1612 964 1770 1001 Joaiinis

992 1009 1346 1054 incarcerationem,
1365 1012 1431 1047 sed
1452 1011 1559 1048 finita
1580 1014 1659 1058 ejus
1681 1023 1773 1058 prae-

992 1057 1179 1093 dicatione
1196 1085 1204 1101 ‚
1251 1069 1295 1094 ex
1337 1059 1409 1094 hoe
1455 1059 1564 1095 nobis
1605 1059 1773 1095 tribuens

994 1105 1205 1151 exemplum
1223 1105 1444 1142 humilitatis
1459 1106 1669 1152 stupendae,
1685 1107 1774 1142 dum

994 1163 1101 1188 servo
1124 1163 1190 1188 suo
1216 1153 1366 1198 Joanni,
1391 1154 1502 1199 longe
1523 1164 1562 1190 se
1590 1153 1773 1199 inferiori,

994 1199 1031 1234 iu
1062 1200 1342 1245 praedicationis
1374 1205 1410 1237 et
1438 1201 1618 1237 doctrinae
1648 1200 1773 1237 ot'licio

994 1247 1186 1283 humiliter
1199 1247 1374 1293 dignatus
1390 1252 1447 1284 est
1461 1249 1621 1284 deterre.
1639 1249 1665 1284 O
1685 1252 1776 1294 quot

995 1300 1094 1336 sunt,
1112 1296 1205 1340 proh
1223 1295 1347 1331 dolor!
1367 1296 1476 1332 hodie
1495 1295 1675 1341 religiosi,
1695 1295 1773 1341 qui,

995 1353 1070 1377 non
1091 1342 1175 1378 dico
1200 1342 1384 1387 inferiori,
1408 1343 1474 1380 sed
1497 1355 1563 1379 uec
1586 1343 1678 1389 pari,
1699 1343 1773 1379 iino

996 1400 1061 1424 uec
1084 1389 1267 1435 superiori
1287 1390 1474 1435 deserunt,
1495 1390 1533 1426 in
1555 1401 1627 1436 qno
1649 1402 1687 1426 se
1708 1389 1772 1426 Dei

994 1435 1073 1481 ipso
1103 1437 1192 1472 Filio
1226 1438 1417 1483 praeferre,
1464 1442 1500 1474 et
1527 1449 1612 1474 euin
1643 1437 1778 1484 przeire

994 1485 1242 1520 contendunt.

1041 1535 1059 1566 s)
1090 1533 1197 1567 AETAS
1226 1533 1369 1568 CHnisTi
1397 1544 1540 1572 ommno
1568 1544 1772 1567 pannulum

992 1590 1114 1613 COEiJiT.
1139 1600 1184 1604 —
1207 1579 1261 1614 Ad
1287 1579 1595 1624 proedicationem
1622 1590 1772 1625 quoque

992 1630 1027 1661 et
1041 1625 1253 1661 doctrinam
1266 1626 1470 1671 requiritur
1483 1631 1574 1661 aetas
1591 1627 1674 1671 pert*
1687 1632 1768 1661 ·cta.

994 1674 1175 1708 l'erl'ertio
1204 1676 1329 1709 autem
1351 1673 1472 1709 aetatis
1500 1676 1556 1709 est
1583 1683 1772 1710 annorum

992 1719 1157 1765 tringita.
1189 1722 1233 1756 Et
1266 1720 1352 1756 ideo
1379 1720 1611 1756 conveniens
1639 1721 1706 1755 l'uit
1735 1723 1773 1756 ut

991 1768 1160 1804 Christus
1195 1778 1270 1803 non
1306 1767 1377 1803 nisi
1415 1772 1499 1813 post
1536 1767 1775 1813 trigesimum

991 1825 1130 1851 annum
1150 1815 1296 1861 publice
1311 1816 1536 1861 praedicaret
1552 1820 1590 1851 et
1606 1816 1771 1851 doceret.

992 1864 1068 1898 Hoc
1093 1867 1240 1909 tempus
1261 1866 1317 1899 est
1337 1867 1465 1909 aptum
1493 1862 1772 1910 praedicationi,

991 1914 1031 1946 ut
1059 1910 1117 1945 hic
1144 1914 1271 1956 patet;
1301 1914 1430 1957 aptum
1464 1910 1701 1956 praelationi,
1734 1913 1774 1945 ut

992 1961 1094 2003 patet
1111 1957 1156 1993 de
1173 1958 1327 2003 Joseph,
1346 1958 1407 2003 qui
1426 1959 1494 1993 hac
1525 1963 1635 1993 aetate
1655 1958 1772 1994 factus

991 2009 1048 2040 est
1075 2007 1297 2050 praepositus
1323 2005 1491 2050 i-Egyptii3
1521 2009 1649 2050 aptum
1681 2003 1775 2050 regi-

994 2054 1098 2095 mini,
1122 2056 1160 2087 ut
1186 2055 1288 2098 patet
1315 2052 1360 2087 de
1383 2051 1514 2094 David,
1534 2051 1596 2097 qui
1620 2051 1774 2097 triginta

992 2109 1177 2135 annorum
1211 2102 1305 2143 erat,
1334 2109 1418 2135 cum
1452 2110 1613 2143 regnare
1646 2098 1771 2145 erepit.

994 2148 1068 2182 llac
1106 2146 1220 2182 etiam
1261 2150 1372 2182 {etate
1413 2146 1643 2192 praeficiendi
1687 2148 1776 2182 sunt

992 2193 1177 2239 episroph,
1195 2193 1260 2229 sed
1275 2194 1364 2229 heu!
1389 2194 1499 2229 hodie
1517 2193 1775 2240 praeficiuntur

992 2240 1114 2287 pueri,
1131 2252 1175 2277 ac
1193 2241 1463 2277 insufficientes
1482 2252 1548 2287 pro
1571 2243 1638 2277 lioc
1660 2245 1772 2285 statu,

992 2292 1028 2324 et
1048 2288 1170 2324 minus
1191 2288 1328 2324 idonei.
1348 2290 1509 2325 Fuerunt
1527 2293 1653 2324 autem
1667 2300 1688 2324 a
1711 2291 1775 2324 lia-

992 2335 1128 2382 ptismo
1144 2335 1294 2379 Christi,
1307 2346 1423 2382 usque
1436 2336 1484 2371 ad
1501 2340 1657 2371 mortem
1677 2337 1771 2380 ejus,

991 2388 1068 2419 tres
1092 2383 1193 2427 anni,
1214 2387 1250 2420 et
1276 2386 1379 2419 tanto
1406 2383 1489 2429 plus
1516 2386 1698 2429 quantum
1725 2384 1773 2419 ab

992 2431 1212 2477 Epiphania,
1239 2442 1356 2477 usque
1382 2431 1430 2466 ad
1460 2432 1621 2473 l‘asrlia;
1652 2437 1688 2465 et
1718 2429 1771 2465 sic

992 2478 1138 2514 modico
1172 2481 1341 2525 tempore
1372 2477 1602 2524 przedicavit.
1632 2477 1773 2513 Eadem

991 2526 1093 2562 enim
1112 2525 1172 2562 die
1191 2537 1264 2572 qua
1284 2525 1493 2572 baptizatus
1511 2528 1580 2567 est,
1602 2525 1772 2559 revoluto

991 2584 1107 2617 anuo,
1134 2573 1318 2610 convertit
1345 2583 1479 2617 aquam
1508 2572 1545 2606 in
1574 2571 1715 2613 vinnm,
1738 2574 1774 2606 et

992 2621 1027 2656 in
1054 2622 1196 2657 Pascha
1219 2620 1407 2667 sequenti,
1427 2618 1568 2655 scilicet
1591 2617 1772 2663 trigesimi

991 2668 1100 2715 primi
1125 2668 1229 2712 anni,
1241 2669 1495 2704 incarceratus
1512 2671 1567 2701 est
1583 2667 1772 2709 Joannes;

991 2720 1029 2752 et
1046 2716 1082 2752 in
1097 2716 1170 2752 alio
1188 2716 1331 2752 Pascha
1345 2713 1537 2760 sequenti,
1553 2712 1693 2749 srilicet
1713 2712 1775 2748 tri-

991 2763 1120 2810 gesimi
1150 2762 1302 2799 secundi
1335 2761 1447 2804 anni,
1477 2760 1708 2803 decollatus;
1739 2763 1776 2796 et

991 2811 1032 2847 in
1041 2811 1152 2848 tertio
1162 2811 1319 2854 Pascha,
1330 2808 1472 2846 seilicet
1481 2807 1663 2854 trIgesimi
1674 2806 1775 2844 tertii
