<?xml version="1.0" encoding="UTF-8"?>
<!DOCTYPE html PUBLIC "-//W3C//DTD XHTML 1.0 Transitional//EN"
    "http://www.w3.org/TR/xhtml1/DTD/xhtml1-transitional.dtd">
<html xmlns="http://www.w3.org/1999/xhtml" xml:lang="en" lang="en">
 <head>
  <title>
</title>
<meta http-equiv="Content-Type" content="text/html;charset=utf-8" />
  <meta name='ocr-system' content='tesseract 3.04.00' />
  <meta name='ocr-capabilities' content='ocr_page ocr_carea ocr_par ocr_line ocrx_word'/>
</head>
<body>
  <div class='ocr_page' id='page_1' title='image "./vitajesuchristie01ludouoft_0155.png"; bbox 0 0 1902 3126; ppageno 0'>
   <div class='ocr_carea' id='block_1_1' title="bbox 285 157 1592 197">
    <p class='ocr_par' dir='ltr' id='par_1_1' title="bbox 285 157 1592 197">
     <span class='ocr_line' id='line_1_1' title="bbox 285 157 1592 197; baseline 0.002 -3"><span class='ocrx_word' id='word_1_1' title='bbox 285 161 417 194; x_wconf 64' lang='lat' dir='ltr'>FACTA</span> <span class='ocrx_word' id='word_1_2' title='bbox 455 159 630 193; x_wconf 85' lang='lat' dir='ltr'>CHRISTI</span> <span class='ocrx_word' id='word_1_3' title='bbox 668 157 720 190; x_wconf 70' lang='lat' dir='ltr'><strong>AB</strong></span> <span class='ocrx_word' id='word_1_4' title='bbox 755 157 868 190; x_wconf 65' lang='lat' dir='ltr'>ANNO</span> <span class='ocrx_word' id='word_1_5' title='bbox 909 158 978 191; x_wconf 78' lang='grc' dir='ltr'><strong>ΧΠ</strong></span> <span class='ocrx_word' id='word_1_6' title='bbox 1017 159 1156 197; x_wconf 70' lang='lat' dir='ltr'><strong>USQUli</strong></span> <span class='ocrx_word' id='word_1_7' title='bbox 1194 161 1246 193; x_wconf 75' lang='lat' dir='ltr'><strong>Al)</strong></span> <span class='ocrx_word' id='word_1_8' title='bbox 1285 161 1436 194; x_wconf 72' lang='lat' dir='ltr'><strong>ANNtJM</strong></span> <span class='ocrx_word' id='word_1_9' title='bbox 1475 162 1592 196; x_wconf 76' lang='lat' dir='ltr'><strong>XXX.</strong></span> 
     </span>
    </p>
   </div>
   <div class='ocr_carea' id='block_1_2' title="bbox 114 227 907 2836">
    <p class='ocr_par' dir='ltr' id='par_1_2' title="bbox 124 227 907 415">
     <span class='ocr_line' id='line_1_2' title="bbox 124 227 907 286; baseline -0.008 -17"><span class='ocrx_word' id='word_1_10' title='bbox 124 231 372 286; x_wconf 87' lang='lat' dir='ltr'><strong>pauperculus</strong></span> <span class='ocrx_word' id='word_1_11' title='bbox 393 230 438 265; x_wconf 91' lang='lat' dir='ltr'><strong>de</strong></span> <span class='ocrx_word' id='word_1_12' title='bbox 456 228 604 274; x_wconf 91' lang='lat' dir='ltr'><strong>populo.</strong></span> <span class='ocrx_word' id='word_1_13' title='bbox 628 227 799 270; x_wconf 86' lang='lat' dir='ltr'><strong>Quolibet</strong></span> <span class='ocrx_word' id='word_1_14' title='bbox 823 238 907 264; x_wconf 90' lang='lat' dir='ltr'><strong>sero</strong></span> 
     </span>
     <span class='ocr_line' id='line_1_3' title="bbox 126 274 905 321; baseline -0.008 -5"><span class='ocrx_word' id='word_1_15' title='bbox 126 291 162 316; x_wconf 88' lang='lat' dir='ltr'><strong>m</strong></span> <span class='ocrx_word' id='word_1_16' title='bbox 183 280 252 315; x_wconf 88' lang='lat' dir='ltr'><strong>hoc</strong></span> <span class='ocrx_word' id='word_1_17' title='bbox 282 281 398 314; x_wconf 89' lang='lat' dir='ltr'><strong>strato</strong></span> <span class='ocrx_word' id='word_1_18' title='bbox 425 276 582 312; x_wconf 84' lang='lat' dir='ltr'><strong>deberes</strong></span> <span class='ocrx_word' id='word_1_19' title='bbox 616 274 687 310; x_wconf 83' lang='lat' dir='ltr'><strong>sibi</strong></span> <span class='ocrx_word' id='word_1_20' title='bbox 723 275 905 321; x_wconf 87' lang='lat' dir='ltr'><strong>compati-</strong></span> 
     </span>
     <span class='ocr_line' id='line_1_4' title="bbox 125 321 905 369; baseline -0.006 -6"><span class='ocrx_word' id='word_1_21' title='bbox 125 327 222 363; x_wconf 91' lang='lat' dir='ltr'><strong>endo</strong></span> <span class='ocrx_word' id='word_1_22' title='bbox 250 335 335 361; x_wconf 89' lang='lat' dir='ltr'><strong>eum</strong></span> <span class='ocrx_word' id='word_1_23' title='bbox 358 321 539 369; x_wconf 87' lang='lat' dir='ltr'><strong>aspicere,</strong></span> <span class='ocrx_word' id='word_1_24' title='bbox 568 325 604 357; x_wconf 89' lang='lat' dir='ltr'><strong>et</strong></span> <span class='ocrx_word' id='word_1_25' title='bbox 626 324 660 357; x_wconf 89' lang='lat' dir='ltr'><strong>te</strong></span> <span class='ocrx_word' id='word_1_26' title='bbox 682 321 805 358; x_wconf 89' lang='lat' dir='ltr'><strong>eidem</strong></span> <span class='ocrx_word' id='word_1_27' title='bbox 836 323 905 358; x_wconf 91' lang='lat' dir='ltr'><strong>hu-</strong></span> 
     </span>
     <span class='ocr_line' id='line_1_5' title="bbox 126 369 831 415; baseline -0.01 -4"><span class='ocrx_word' id='word_1_28' title='bbox 126 373 277 415; x_wconf 90' lang='lat' dir='ltr'><strong>militer,</strong></span> <span class='ocrx_word' id='word_1_29' title='bbox 300 374 337 407; x_wconf 89' lang='lat' dir='ltr'><strong>et</strong></span> <span class='ocrx_word' id='word_1_30' title='bbox 357 371 489 405; x_wconf 80' lang='lat' dir='ltr'><strong>devote</strong></span> <span class='ocrx_word' id='word_1_31' title='bbox 508 369 831 406; x_wconf 78' lang='lat' dir='ltr'>recommendare.</span> 
     </span>
    </p>

    <p class='ocr_par' dir='ltr' id='par_1_3' title="bbox 114 417 906 1922">
     <span class='ocr_line' id='line_1_6' title="bbox 172 417 906 469; baseline -0.004 -14"><span class='ocrx_word' id='word_1_32' title='bbox 172 436 192 469; x_wconf 81' lang='lat'><strong>9</strong></span> <span class='ocrx_word' id='word_1_33' title='bbox 233 421 383 455; x_wconf 57' lang='lat' dir='ltr'><strong>emm</strong></span> <span class='ocrx_word' id='word_1_34' title='bbox 421 417 548 452; x_wconf 50' lang='lat' dir='ltr'><strong>lilium</strong></span> <span class='ocrx_word' id='word_1_35' title='bbox 593 428 636 452; x_wconf 80' lang='lat' dir='ltr'><strong>DE</strong></span> <span class='ocrx_word' id='word_1_36' title='bbox 676 428 778 452; x_wconf 70' lang='lat' dir='ltr'>TANTI</span> <span class='ocrx_word' id='word_1_37' title='bbox 817 418 906 453; x_wconf 60' lang='lat' dir='ltr'>1⁴¹1L11</span> 
     </span>
     <span class='ocr_line' id='line_1_7' title="bbox 125 466 905 504; baseline -0.005 0"><span class='ocrx_word' id='word_1_38' title='bbox 125 477 404 504; x_wconf 69' lang='lat' dir='ltr'>PRAESENT1.=..—-</span> <span class='ocrx_word' id='word_1_39' title='bbox 440 466 479 499; x_wconf 95' lang='lat' dir='ltr'><strong>ln</strong></span> <span class='ocrx_word' id='word_1_40' title='bbox 522 467 625 499; x_wconf 84' lang='lat' dir='ltr'><strong>tanta</strong></span> <span class='ocrx_word' id='word_1_41' title='bbox 666 467 793 500; x_wconf 91' lang='lat' dir='ltr'><strong>tamen</strong></span> <span class='ocrx_word' id='word_1_42' title='bbox 826 476 905 500; x_wconf 86' lang='lat' dir='ltr'><strong>cor-</strong></span> 
     </span>
     <span class='ocr_line' id='line_1_8' title="bbox 121 511 906 562; baseline -0.004 -11"><span class='ocrx_word' id='word_1_43' title='bbox 121 514 223 562; x_wconf 90' lang='lat' dir='ltr'><strong>poris</strong></span> <span class='ocrx_word' id='word_1_44' title='bbox 243 511 445 549; x_wconf 83' lang='lat' dir='ltr'><strong>afflictione</strong></span> <span class='ocrx_word' id='word_1_45' title='bbox 464 514 500 546; x_wconf 88' lang='lat' dir='ltr'><strong>et</strong></span> <span class='ocrx_word' id='word_1_46' title='bbox 521 511 693 557; x_wconf 88' lang='lat' dir='ltr'><strong>penuria,</strong></span> <span class='ocrx_word' id='word_1_47' title='bbox 707 511 768 558; x_wconf 86' lang='lat' dir='ltr'><strong>pia</strong></span> <span class='ocrx_word' id='word_1_48' title='bbox 787 513 906 548; x_wconf 86' lang='lat' dir='ltr'><strong>Mater</strong></span> 
     </span>
     <span class='ocr_line' id='line_1_9' title="bbox 120 558 903 608; baseline -0.004 -10"><span class='ocrx_word' id='word_1_49' title='bbox 120 561 337 608; x_wconf 75' lang='lat' dir='ltr'>replebatur</span> <span class='ocrx_word' id='word_1_50' title='bbox 382 558 517 595; x_wconf 88' lang='lat' dir='ltr'><strong>mentis</strong></span> <span class='ocrx_word' id='word_1_51' title='bbox 554 558 684 595; x_wconf 73' lang='lat' dir='ltr'><strong>laetitia</strong></span> <span class='ocrx_word' id='word_1_52' title='bbox 722 559 768 595; x_wconf 87' lang='lat' dir='ltr'><strong>de</strong></span> <span class='ocrx_word' id='word_1_53' title='bbox 809 559 903 595; x_wconf 92' lang='lat' dir='ltr'><strong>tanti</strong></span> 
     </span>
     <span class='ocr_line' id='line_1_10' title="bbox 120 606 901 654; baseline -0.003 -10"><span class='ocrx_word' id='word_1_54' title='bbox 120 608 201 644; x_wconf 88' lang='lat' dir='ltr'><strong>Filii</strong></span> <span class='ocrx_word' id='word_1_55' title='bbox 232 607 446 654; x_wconf 75' lang='lat' dir='ltr'><strong>proeseutia.</strong></span> <span class='ocrx_word' id='word_1_56' title='bbox 476 606 582 642; x_wconf 84' lang='lat' dir='ltr'><strong>Unde</strong></span> <span class='ocrx_word' id='word_1_57' title='bbox 604 606 656 642; x_wconf 91' lang='lat' dir='ltr'><strong>ait</strong></span> <span class='ocrx_word' id='word_1_58' title='bbox 685 607 901 643; x_wconf 79' lang='lat' dir='ltr'><strong>Ansclmus:</strong></span> 
     </span>
     <span class='ocr_line' id='line_1_11' title="bbox 122 653 904 699; baseline 0.001 -10"><span class='ocrx_word' id='word_1_59' title='bbox 122 670 140 689; x_wconf 85' lang='lat'>«</span> <span class='ocrx_word' id='word_1_60' title='bbox 169 656 262 699; x_wconf 90' lang='lat' dir='ltr'><strong>Quo,</strong></span> <span class='ocrx_word' id='word_1_61' title='bbox 285 655 341 690; x_wconf 82' lang='lat' dir='ltr'><strong>vel</strong></span> <span class='ocrx_word' id='word_1_62' title='bbox 378 653 480 699; x_wconf 85' lang='lat' dir='ltr'><strong>quali</strong></span> <span class='ocrx_word' id='word_1_63' title='bbox 508 653 646 699; x_wconf 86' lang='lat' dir='ltr'><strong>gaudio</strong></span> <span class='ocrx_word' id='word_1_64' title='bbox 685 655 904 699; x_wconf 77' lang='lat' dir='ltr'>replebatur</span> 
     </span>
     <span class='ocr_line' id='line_1_12' title="bbox 119 701 902 747; baseline -0.001 -8"><span class='ocrx_word' id='word_1_65' title='bbox 119 706 198 739; x_wconf 87' lang='lat' dir='ltr'><strong>tota</strong></span> <span class='ocrx_word' id='word_1_66' title='bbox 235 701 446 738; x_wconf 85' lang='lat' dir='ltr'><strong>substantia</strong></span> <span class='ocrx_word' id='word_1_67' title='bbox 481 701 576 746; x_wconf 83' lang='lat' dir='ltr'><strong>ejus,</strong></span> <span class='ocrx_word' id='word_1_68' title='bbox 624 702 773 747; x_wconf 84' lang='lat' dir='ltr'><strong>quando</strong></span> <span class='ocrx_word' id='word_1_69' title='bbox 815 712 902 738; x_wconf 91' lang='lat' dir='ltr'><strong>eum</strong></span> 
     </span>
     <span class='ocr_line' id='line_1_13' title="bbox 119 748 904 796; baseline 0 -10"><span class='ocrx_word' id='word_1_70' title='bbox 119 760 231 796; x_wconf 90' lang='lat' dir='ltr'><strong>quem</strong></span> <span class='ocrx_word' id='word_1_71' title='bbox 252 752 449 795; x_wconf 86' lang='lat' dir='ltr'><strong>tantopere</strong></span> <span class='ocrx_word' id='word_1_72' title='bbox 471 748 664 793; x_wconf 82' lang='lat' dir='ltr'><strong>diligebat,</strong></span> <span class='ocrx_word' id='word_1_73' title='bbox 685 759 797 795; x_wconf 89' lang='lat' dir='ltr'><strong>quem</strong></span> <span class='ocrx_word' id='word_1_74' title='bbox 819 750 904 786; x_wconf 90' lang='lat' dir='ltr'><strong>Cre-</strong></span> 
     </span>
     <span class='ocr_line' id='line_1_14' title="bbox 119 795 903 842; baseline -0.001 -9"><span class='ocrx_word' id='word_1_75' title='bbox 119 800 264 834; x_wconf 85' lang='lat' dir='ltr'><strong>atorem</strong></span> <span class='ocrx_word' id='word_1_76' title='bbox 285 800 397 842; x_wconf 85' lang='lat' dir='ltr'><strong>atque</strong></span> <span class='ocrx_word' id='word_1_77' title='bbox 422 795 705 832; x_wconf 87' lang='lat' dir='ltr'><strong>Dominatorem</strong></span> <span class='ocrx_word' id='word_1_78' title='bbox 736 797 903 833; x_wconf 87' lang='lat' dir='ltr'><strong>omnium</strong></span> 
     </span>
     <span class='ocr_line' id='line_1_15' title="bbox 118 842 901 889; baseline -0.003 -8"><span class='ocrx_word' id='word_1_79' title='bbox 118 854 244 881; x_wconf 89' lang='lat' dir='ltr'><strong>rerum</strong></span> <span class='ocrx_word' id='word_1_80' title='bbox 265 855 348 880; x_wconf 85' lang='lat' dir='ltr'><strong>esse</strong></span> <span class='ocrx_word' id='word_1_81' title='bbox 367 842 522 887; x_wconf 85' lang='lat' dir='ltr'><strong>sciebat,</strong></span> <span class='ocrx_word' id='word_1_82' title='bbox 539 854 666 879; x_wconf 86' lang='lat' dir='ltr'><strong>secum</strong></span> <span class='ocrx_word' id='word_1_83' title='bbox 687 844 901 889; x_wconf 79' lang='lat' dir='ltr'><strong>degentem,</strong></span> 
     </span>
     <span class='ocr_line' id='line_1_16' title="bbox 118 892 900 937; baseline -0.001 -9"><span class='ocrx_word' id='word_1_84' title='bbox 118 902 243 928; x_wconf 90' lang='lat' dir='ltr'><strong>secum</strong></span> <span class='ocrx_word' id='word_1_85' title='bbox 281 892 469 935; x_wconf 80' lang='lat' dir='ltr'><strong>edentem,</strong></span> <span class='ocrx_word' id='word_1_86' title='bbox 502 901 616 936; x_wconf 89' lang='lat' dir='ltr'><strong>seque</strong></span> <span class='ocrx_word' id='word_1_87' title='bbox 653 902 900 937; x_wconf 65' lang='lat' dir='ltr'><strong>quaecumque</strong></span> 
     </span>
     <span class='ocr_line' id='line_1_17' title="bbox 119 938 902 975; baseline 0 0"><span class='ocrx_word' id='word_1_88' title='bbox 119 950 231 975; x_wconf 89' lang='lat' dir='ltr'><strong>nosse</strong></span> <span class='ocrx_word' id='word_1_89' title='bbox 253 938 401 975; x_wconf 87' lang='lat' dir='ltr'><strong>volebat</strong></span> <span class='ocrx_word' id='word_1_90' title='bbox 425 938 523 974; x_wconf 92' lang='lat' dir='ltr'><strong>dulci</strong></span> <span class='ocrx_word' id='word_1_91' title='bbox 556 938 671 974; x_wconf 84' lang='lat' dir='ltr'><strong>affatu</strong></span> <span class='ocrx_word' id='word_1_92' title='bbox 701 939 902 975; x_wconf 88' lang='lat' dir='ltr'><strong>docentem</strong></span> 
     </span>
     <span class='ocr_line' id='line_1_18' title="bbox 118 985 903 1032; baseline -0.001 -9"><span class='ocrx_word' id='word_1_93' title='bbox 118 987 294 1030; x_wconf 89' lang='lat' dir='ltr'><strong>haberet,</strong></span> <span class='ocrx_word' id='word_1_94' title='bbox 345 985 428 1031; x_wconf 90' lang='lat' dir='ltr'><strong>quis</strong></span> <span class='ocrx_word' id='word_1_95' title='bbox 467 985 614 1032; x_wconf 79' lang='lat' dir='ltr'><strong>capiet?</strong></span> <span class='ocrx_word' id='word_1_96' title='bbox 657 986 903 1029; x_wconf 87' lang='lat' dir='ltr'><strong>Quantumvis</strong></span> 
     </span>
     <span class='ocr_line' id='line_1_19' title="bbox 118 1032 904 1079; baseline -0.001 -9"><span class='ocrx_word' id='word_1_97' title='bbox 118 1033 301 1070; x_wconf 86' lang='lat' dir='ltr'><strong>mirabilis</strong></span> <span class='ocrx_word' id='word_1_98' title='bbox 327 1033 451 1079; x_wconf 88' lang='lat' dir='ltr'><strong>itaque</strong></span> <span class='ocrx_word' id='word_1_99' title='bbox 479 1036 515 1068; x_wconf 91' lang='lat' dir='ltr'><strong>et</strong></span> <span class='ocrx_word' id='word_1_100' title='bbox 534 1032 737 1069; x_wconf 77' lang='lat' dir='ltr'><strong>ineffabiliS</strong></span> <span class='ocrx_word' id='word_1_101' title='bbox 764 1033 904 1070; x_wconf 89' lang='lat' dir='ltr'><strong>amoris</strong></span> 
     </span>
     <span class='ocr_line' id='line_1_20' title="bbox 118 1080 903 1126; baseline 0 -9"><span class='ocrx_word' id='word_1_102' title='bbox 118 1081 276 1118; x_wconf 76' lang='lat' dir='ltr'><strong>affectus</strong></span> <span class='ocrx_word' id='word_1_103' title='bbox 291 1080 521 1116; x_wconf 88' lang='lat' dir='ltr'><strong>considerari</strong></span> <span class='ocrx_word' id='word_1_104' title='bbox 542 1085 670 1126; x_wconf 81' lang='lat' dir='ltr'><strong>queat,</strong></span> <span class='ocrx_word' id='word_1_105' title='bbox 687 1080 784 1116; x_wconf 90' lang='lat' dir='ltr'><strong>inter</strong></span> <span class='ocrx_word' id='word_1_106' title='bbox 803 1082 903 1117; x_wconf 87' lang='lat' dir='ltr'><strong>hunc</strong></span> 
     </span>
     <span class='ocr_line' id='line_1_21' title="bbox 118 1127 903 1172; baseline 0 -8"><span class='ocrx_word' id='word_1_107' title='bbox 118 1128 233 1165; x_wconf 82' lang='lat' dir='ltr'><strong>talem</strong></span> <span class='ocrx_word' id='word_1_108' title='bbox 264 1131 376 1164; x_wconf 67' lang='lat' dir='ltr'><strong>tantce</strong></span> <span class='ocrx_word' id='word_1_109' title='bbox 414 1127 542 1164; x_wconf 79' lang='lat' dir='ltr'><strong>Matris</strong></span> <span class='ocrx_word' id='word_1_110' title='bbox 577 1127 723 1172; x_wconf 89' lang='lat' dir='ltr'><strong>Filium,</strong></span> <span class='ocrx_word' id='word_1_111' title='bbox 745 1132 779 1164; x_wconf 90' lang='lat' dir='ltr'><strong>et</strong></span> <span class='ocrx_word' id='word_1_112' title='bbox 808 1129 903 1164; x_wconf 81' lang='lat' dir='ltr'><strong>lianc</strong></span> 
     </span>
     <span class='ocr_line' id='line_1_22' title="bbox 118 1175 904 1222; baseline -0.001 -10"><span class='ocrx_word' id='word_1_113' title='bbox 118 1175 231 1212; x_wconf 90' lang='lat' dir='ltr'><strong>talem</strong></span> <span class='ocrx_word' id='word_1_114' title='bbox 253 1175 345 1211; x_wconf 88' lang='lat' dir='ltr'><strong>tanti</strong></span> <span class='ocrx_word' id='word_1_115' title='bbox 375 1175 453 1211; x_wconf 85' lang='lat' dir='ltr'><strong>Filii</strong></span> <span class='ocrx_word' id='word_1_116' title='bbox 485 1177 642 1212; x_wconf 83' lang='lat' dir='ltr'><strong>Matrem</strong></span> <span class='ocrx_word' id='word_1_117' title='bbox 670 1176 904 1222; x_wconf 74' lang='lat' dir='ltr'><strong>perpendant</strong></span> 
     </span>
     <span class='ocr_line' id='line_1_23' title="bbox 118 1222 902 1269; baseline 0.001 -11"><span class='ocrx_word' id='word_1_118' title='bbox 118 1222 157 1259; x_wconf 91' lang='lat' dir='ltr'><strong>hi</strong></span> <span class='ocrx_word' id='word_1_119' title='bbox 191 1222 324 1258; x_wconf 90' lang='lat' dir='ltr'><strong>saltem</strong></span> <span class='ocrx_word' id='word_1_120' title='bbox 359 1233 510 1269; x_wconf 90' lang='lat' dir='ltr'><strong>quoquo</strong></span> <span class='ocrx_word' id='word_1_121' title='bbox 546 1223 673 1267; x_wconf 90' lang='lat' dir='ltr'><strong>modo,</strong></span> <span class='ocrx_word' id='word_1_122' title='bbox 700 1223 761 1269; x_wconf 90' lang='lat' dir='ltr'><strong>qui</strong></span> <span class='ocrx_word' id='word_1_123' title='bbox 794 1223 902 1259; x_wconf 89' lang='lat' dir='ltr'><strong>unico</strong></span> 
     </span>
     <span class='ocr_line' id='line_1_24' title="bbox 117 1269 903 1316; baseline -0.001 -10"><span class='ocrx_word' id='word_1_124' title='bbox 117 1269 329 1306; x_wconf 80' lang='lat' dir='ltr'><strong>dilectionis</strong></span> <span class='ocrx_word' id='word_1_125' title='bbox 368 1271 514 1306; x_wconf 73' lang='lat' dir='ltr'><strong>fervere</strong></span> <span class='ocrx_word' id='word_1_126' title='bbox 550 1281 649 1316; x_wconf 78' lang='lat' dir='ltr'><strong>saepe</strong></span> <span class='ocrx_word' id='word_1_127' title='bbox 681 1270 903 1306; x_wconf 86' lang='lat' dir='ltr'><strong>altrinsecus</strong></span> 
     </span>
     <span class='ocr_line' id='line_1_25' title="bbox 117 1317 901 1362; baseline -0.001 -8"><span class='ocrx_word' id='word_1_128' title='bbox 117 1321 260 1360; x_wconf 81' lang='lat' dir='ltr'><strong>amant,</strong></span> <span class='ocrx_word' id='word_1_129' title='bbox 280 1319 398 1353; x_wconf 79' lang='lat' dir='ltr'><strong>Mater</strong></span> <span class='ocrx_word' id='word_1_130' title='bbox 433 1317 575 1354; x_wconf 82' lang='lat' dir='ltr'><strong>scilicet</strong></span> <span class='ocrx_word' id='word_1_131' title='bbox 610 1318 758 1362; x_wconf 91' lang='lat' dir='ltr'><strong>Filium,</strong></span> <span class='ocrx_word' id='word_1_132' title='bbox 781 1322 814 1353; x_wconf 91' lang='lat' dir='ltr'><strong>et</strong></span> <span class='ocrx_word' id='word_1_133' title='bbox 844 1318 901 1353; x_wconf 90' lang='lat' dir='ltr'><strong>Fi-</strong></span> 
     </span>
     <span class='ocr_line' id='line_1_26' title="bbox 119 1364 901 1411; baseline 0.001 -11"><span class='ocrx_word' id='word_1_134' title='bbox 119 1364 190 1401; x_wconf 90' lang='lat' dir='ltr'><strong>lius</strong></span> <span class='ocrx_word' id='word_1_135' title='bbox 211 1366 381 1400; x_wconf 84' lang='lat' dir='ltr'><strong>Matrem.</strong></span> <span class='ocrx_word' id='word_1_136' title='bbox 403 1366 477 1401; x_wconf 78' lang='lat' dir='ltr'><strong>Nec</strong></span> <span class='ocrx_word' id='word_1_137' title='bbox 509 1369 661 1411; x_wconf 90' lang='lat' dir='ltr'><strong>putetur</strong></span> <span class='ocrx_word' id='word_1_138' title='bbox 688 1366 735 1401; x_wconf 77' lang='lat' dir='ltr'><strong>al)</strong></span> <span class='ocrx_word' id='word_1_139' title='bbox 759 1364 901 1411; x_wconf 87' lang='lat' dir='ltr'><strong>aliquo,</strong></span> 
     </span>
     <span class='ocr_line' id='line_1_27' title="bbox 119 1412 901 1458; baseline 0.001 -11"><span class='ocrx_word' id='word_1_140' title='bbox 119 1412 176 1448; x_wconf 85' lang='lat' dir='ltr'><strong>vel</strong></span> <span class='ocrx_word' id='word_1_141' title='bbox 197 1423 330 1458; x_wconf 89' lang='lat' dir='ltr'><strong>parum</strong></span> <span class='ocrx_word' id='word_1_142' title='bbox 362 1412 450 1458; x_wconf 89' lang='lat' dir='ltr'><strong>quid</strong></span> <span class='ocrx_word' id='word_1_143' title='bbox 482 1412 621 1449; x_wconf 88' lang='lat' dir='ltr'><strong>sentire</strong></span> <span class='ocrx_word' id='word_1_144' title='bbox 648 1412 685 1448; x_wconf 89' lang='lat' dir='ltr'><strong>in</strong></span> <span class='ocrx_word' id='word_1_145' title='bbox 708 1424 747 1448; x_wconf 89' lang='lat' dir='ltr'><strong>se</strong></span> <span class='ocrx_word' id='word_1_146' title='bbox 769 1423 901 1458; x_wconf 90' lang='lat' dir='ltr'><strong>quem-</strong></span> 
     </span>
     <span class='ocr_line' id='line_1_28' title="bbox 117 1459 904 1496; baseline 0 -1"><span class='ocrx_word' id='word_1_147' title='bbox 117 1459 208 1496; x_wconf 88' lang='lat' dir='ltr'><strong>libet</strong></span> <span class='ocrx_word' id='word_1_148' title='bbox 235 1459 280 1495; x_wconf 92' lang='lat' dir='ltr'><strong>de</strong></span> <span class='ocrx_word' id='word_1_149' title='bbox 307 1460 444 1495; x_wconf 79' lang='lat' dir='ltr'><strong>affectu</strong></span> <span class='ocrx_word' id='word_1_150' title='bbox 479 1459 587 1496; x_wconf 87' lang='lat' dir='ltr'><strong>istius</strong></span> <span class='ocrx_word' id='word_1_151' title='bbox 622 1459 749 1495; x_wconf 85' lang='lat' dir='ltr'><strong>Matris</strong></span> <span class='ocrx_word' id='word_1_152' title='bbox 779 1461 814 1495; x_wconf 89' lang='lat' dir='ltr'><strong>in</strong></span> <span class='ocrx_word' id='word_1_153' title='bbox 848 1459 904 1495; x_wconf 88' lang='lat' dir='ltr'><strong>Fi-</strong></span> 
     </span>
     <span class='ocr_line' id='line_1_29' title="bbox 117 1506 902 1552; baseline 0 -10"><span class='ocrx_word' id='word_1_154' title='bbox 117 1506 209 1543; x_wconf 90' lang='lat' dir='ltr'><strong>lium</strong></span> <span class='ocrx_word' id='word_1_155' title='bbox 251 1517 374 1542; x_wconf 90' lang='lat' dir='ltr'><strong>suum.</strong></span> <span class='ocrx_word' id='word_1_156' title='bbox 417 1507 524 1543; x_wconf 83' lang='lat' dir='ltr'><strong>Nullo</strong></span> <span class='ocrx_word' id='word_1_157' title='bbox 564 1506 750 1552; x_wconf 80' lang='lat' dir='ltr'><strong>siquidem</strong></span> <span class='ocrx_word' id='word_1_158' title='bbox 790 1508 902 1543; x_wconf 90' lang='lat' dir='ltr'><strong>modo</strong></span> 
     </span>
     <span class='ocr_line' id='line_1_30' title="bbox 117 1553 903 1600; baseline -0.001 -10"><span class='ocrx_word' id='word_1_159' title='bbox 117 1553 344 1590; x_wconf 73' lang='lat' dir='ltr'><strong>crediderim</strong></span> <span class='ocrx_word' id='word_1_160' title='bbox 365 1554 465 1600; x_wconf 80' lang='lat' dir='ltr'><strong>quod</strong></span> <span class='ocrx_word' id='word_1_161' title='bbox 486 1554 517 1589; x_wconf 87' lang='lat' dir='ltr'><strong>is</strong></span> <span class='ocrx_word' id='word_1_162' title='bbox 538 1554 599 1600; x_wconf 89' lang='lat' dir='ltr'><strong>qui</strong></span> <span class='ocrx_word' id='word_1_163' title='bbox 619 1554 666 1589; x_wconf 91' lang='lat' dir='ltr'><strong>ad</strong></span> <span class='ocrx_word' id='word_1_164' title='bbox 688 1564 773 1589; x_wconf 91' lang='lat' dir='ltr'><strong>eum</strong></span> <span class='ocrx_word' id='word_1_165' title='bbox 795 1553 903 1590; x_wconf 91' lang='lat' dir='ltr'><strong>intel-</strong></span> 
     </span>
     <span class='ocr_line' id='line_1_31' title="bbox 116 1601 901 1648; baseline 0 -11"><span class='ocrx_word' id='word_1_166' title='bbox 116 1601 310 1648; x_wconf 88' lang='lat' dir='ltr'><strong>ligendum</strong></span> <span class='ocrx_word' id='word_1_167' title='bbox 325 1601 481 1647; x_wconf 89' lang='lat' dir='ltr'><strong>provehi</strong></span> <span class='ocrx_word' id='word_1_168' title='bbox 497 1601 688 1645; x_wconf 89' lang='lat' dir='ltr'><strong>meruerit,</strong></span> <span class='ocrx_word' id='word_1_169' title='bbox 699 1602 746 1637; x_wconf 90' lang='lat' dir='ltr'><strong>ab</strong></span> <span class='ocrx_word' id='word_1_170' title='bbox 761 1601 901 1637; x_wconf 88' lang='lat' dir='ltr'><strong>amoris</strong></span> 
     </span>
     <span class='ocr_line' id='line_1_32' title="bbox 114 1648 900 1695; baseline 0.001 -11"><span class='ocrx_word' id='word_1_171' title='bbox 114 1648 234 1695; x_wconf 88' lang='lat' dir='ltr'><strong>ipsius</strong></span> <span class='ocrx_word' id='word_1_172' title='bbox 279 1648 476 1685; x_wconf 87' lang='lat' dir='ltr'><strong>dulcedine</strong></span> <span class='ocrx_word' id='word_1_173' title='bbox 524 1652 723 1685; x_wconf 82' lang='lat' dir='ltr'><strong>extraneus</strong></span> <span class='ocrx_word' id='word_1_174' title='bbox 761 1660 900 1695; x_wconf 86' lang='lat' dir='ltr'><strong>usque-</strong></span> 
     </span>
     <span class='ocr_line' id='line_1_33' title="bbox 116 1695 901 1743; baseline -0.003 -10"><span class='ocrx_word' id='word_1_175' title='bbox 116 1706 264 1743; x_wconf 84' lang='lat' dir='ltr'><strong>quaque</strong></span> <span class='ocrx_word' id='word_1_176' title='bbox 305 1695 386 1732; x_wconf 85' lang='lat' dir='ltr'><strong>fieri</strong></span> <span class='ocrx_word' id='word_1_177' title='bbox 423 1696 554 1742; x_wconf 87' lang='lat' dir='ltr'><strong>possit.</strong></span> <span class='ocrx_word' id='word_1_178' title='bbox 591 1696 659 1740; x_wconf 88' lang='lat' dir='ltr'><strong>Qui</strong></span> <span class='ocrx_word' id='word_1_179' title='bbox 699 1699 825 1732; x_wconf 86' lang='lat' dir='ltr'><strong>autem</strong></span> <span class='ocrx_word' id='word_1_180' title='bbox 861 1696 901 1732; x_wconf 91' lang='lat' dir='ltr'><strong>in</strong></span> 
     </span>
     <span class='ocr_line' id='line_1_34' title="bbox 116 1743 900 1788; baseline -0.001 -8"><span class='ocrx_word' id='word_1_181' title='bbox 116 1743 227 1780; x_wconf 83' lang='lat' dir='ltr'><strong>hu&#39;us</strong></span> <span class='ocrx_word' id='word_1_182' title='bbox 257 1743 468 1780; x_wconf 81' lang='lat' dir='ltr'><strong>dilectionis</strong></span> <span class='ocrx_word' id='word_1_183' title='bbox 499 1743 723 1780; x_wconf 85' lang='lat' dir='ltr'><strong>suavitatem</strong></span> <span class='ocrx_word' id='word_1_184' title='bbox 749 1743 900 1788; x_wconf 77' lang='lat' dir='ltr'><strong>transit,</strong></span> 
     </span>
     <span class='ocr_line' id='line_1_35' title="bbox 116 1755 901 1837; baseline -0.001 -10"><span class='ocrx_word' id='word_1_185' title='bbox 116 1755 221 1827; x_wconf 76' lang='lat' dir='ltr'><strong>nullo</strong></span> <span class='ocrx_word' id='word_1_186' title='bbox 243 1795 352 1837; x_wconf 89' lang='lat' dir='ltr'><strong>pacto</strong></span> <span class='ocrx_word' id='word_1_187' title='bbox 374 1791 670 1835; x_wconf 84' lang='lat' dir='ltr'><strong>defendendum,</strong></span> <span class='ocrx_word' id='word_1_188' title='bbox 692 1791 783 1837; x_wconf 92' lang='lat' dir='ltr'><strong>quin</strong></span> <span class='ocrx_word' id='word_1_189' title='bbox 804 1794 840 1827; x_wconf 92' lang='lat' dir='ltr'><strong>et</strong></span> <span class='ocrx_word' id='word_1_190' title='bbox 862 1791 901 1827; x_wconf 89' lang='lat' dir='ltr'><strong>in</strong></span> 
     </span>
     <span class='ocr_line' id='line_1_36' title="bbox 115 1838 902 1885; baseline 0 -11"><span class='ocrx_word' id='word_1_191' title='bbox 115 1838 375 1875; x_wconf 78' lang='lat' dir='ltr'><strong>retributionis</strong></span> <span class='ocrx_word' id='word_1_192' title='bbox 396 1839 476 1885; x_wconf 89' lang='lat' dir='ltr'><strong>ejus</strong></span> <span class='ocrx_word' id='word_1_193' title='bbox 507 1838 746 1885; x_wconf 77' lang='lat' dir='ltr'><strong>participium</strong></span> <span class='ocrx_word' id='word_1_194' title='bbox 780 1841 902 1875; x_wconf 86' lang='lat' dir='ltr'><strong>trans-</strong></span> 
     </span>
     <span class='ocr_line' id='line_1_37' title="bbox 115 1885 709 1922; baseline 0 -1"><span class='ocrx_word' id='word_1_195' title='bbox 115 1885 236 1922; x_wconf 88' lang='lat' dir='ltr'><strong>iturus</strong></span> <span class='ocrx_word' id='word_1_196' title='bbox 257 1886 303 1921; x_wconf 89' lang='lat' dir='ltr'><strong>sit</strong></span> <span class='ocrx_word' id='word_1_197' title='bbox 331 1897 338 1921; x_wconf 81' lang='lat' dir='ltr'>z</span> <span class='ocrx_word' id='word_1_198' title='bbox 359 1900 376 1917; x_wconf 87' lang='lat'>»</span> <span class='ocrx_word' id='word_1_199' title='bbox 402 1887 482 1922; x_wconf 81' lang='lat' dir='ltr'><strong>haee</strong></span> <span class='ocrx_word' id='word_1_200' title='bbox 502 1887 709 1922; x_wconf 73' lang='lat' dir='ltr'><strong>Anselmzcs.</strong></span> 
     </span>
    </p>

    <p class='ocr_par' dir='ltr' id='par_1_4' title="bbox 114 1934 902 2836">
     <span class='ocr_line' id='line_1_38' title="bbox 169 1934 900 1974; baseline 0 -5"><span class='ocrx_word' id='word_1_201' title='bbox 169 1948 208 1969; x_wconf 88' lang='grc' dir='ltr'><strong>ιο</strong></span> <span class='ocrx_word' id='word_1_202' title='bbox 230 1934 448 1974; x_wconf 69' lang='lat' dir='ltr'><strong>Seorexncii</strong></span> <span class='ocrx_word' id='word_1_203' title='bbox 474 1945 536 1968; x_wconf 69' lang='lat' dir='ltr'><strong>fisT</strong></span> <span class='ocrx_word' id='word_1_204' title='bbox 566 1934 709 1969; x_wconf 70' lang='lat' dir='ltr'><strong>Cmusn</strong></span> <span class='ocrx_word' id='word_1_205' title='bbox 734 1946 774 1969; x_wconf 72' lang='lat' dir='ltr'><strong>se</strong></span> <span class='ocrx_word' id='word_1_206' title='bbox 796 1945 900 1970; x_wconf 70' lang='lat' dir='ltr'><strong>nuin-</strong></span> 
     </span>
     <span class='ocr_line' id='line_1_39' title="bbox 116 1980 901 2026; baseline 0 -10"><span class='ocrx_word' id='word_1_207' title='bbox 116 1991 253 2016; x_wconf 68' lang='lat' dir='ltr'><strong>mens</strong></span> <span class='ocrx_word' id='word_1_208' title='bbox 274 1992 474 2017; x_wconf 62' lang='lat' dir='ltr'><strong>mammen.</strong></span> <span class='ocrx_word' id='word_1_209' title='bbox 496 2001 539 2006; x_wconf 97' lang='lat'><strong>—</strong></span> <span class='ocrx_word' id='word_1_210' title='bbox 567 1980 698 2016; x_wconf 86' lang='lat' dir='ltr'><strong>Vidisti</strong></span> <span class='ocrx_word' id='word_1_211' title='bbox 722 1985 901 2026; x_wconf 85' lang='lat' dir='ltr'><strong>quantam</strong></span> 
     </span>
     <span class='ocr_line' id='line_1_40' title="bbox 115 2028 899 2074; baseline 0 -10"><span class='ocrx_word' id='word_1_212' title='bbox 115 2032 392 2074; x_wconf 82' lang='lat' dir='ltr'><strong>paupertatem,</strong></span> <span class='ocrx_word' id='word_1_213' title='bbox 403 2028 584 2064; x_wconf 89' lang='lat' dir='ltr'><strong>vilitatem</strong></span> <span class='ocrx_word' id='word_1_214' title='bbox 595 2031 630 2064; x_wconf 91' lang='lat' dir='ltr'><strong>et</strong></span> <span class='ocrx_word' id='word_1_215' title='bbox 644 2028 899 2073; x_wconf 81' lang='lat' dir='ltr'><strong>asperitatem,</strong></span> 
     </span>
     <span class='ocr_line' id='line_1_41' title="bbox 115 2075 902 2121; baseline 0.001 -11"><span class='ocrx_word' id='word_1_216' title='bbox 115 2075 319 2121; x_wconf 79' lang='lat' dir='ltr'><strong>vigilando,</strong></span> <span class='ocrx_word' id='word_1_217' title='bbox 338 2076 575 2118; x_wconf 83' lang='lat' dir='ltr'><strong>dormiendo,</strong></span> <span class='ocrx_word' id='word_1_218' title='bbox 602 2076 841 2120; x_wconf 85' lang='lat' dir='ltr'><strong>abstinendo,</strong></span> <span class='ocrx_word' id='word_1_219' title='bbox 865 2080 902 2112; x_wconf 90' lang='lat' dir='ltr'><strong>et</strong></span> 
     </span>
     <span class='ocr_line' id='line_1_42' title="bbox 115 2121 898 2168; baseline 0 -10"><span class='ocrx_word' id='word_1_220' title='bbox 115 2121 155 2159; x_wconf 89' lang='lat' dir='ltr'><strong>in</strong></span> <span class='ocrx_word' id='word_1_221' title='bbox 181 2123 356 2159; x_wconf 85' lang='lat' dir='ltr'><strong>omnibus</strong></span> <span class='ocrx_word' id='word_1_222' title='bbox 383 2123 459 2159; x_wconf 87' lang='lat' dir='ltr'><strong>suis</strong></span> <span class='ocrx_word' id='word_1_223' title='bbox 485 2123 630 2160; x_wconf 85' lang='lat' dir='ltr'><strong>actibus</strong></span> <span class='ocrx_word' id='word_1_224' title='bbox 652 2124 726 2159; x_wconf 78' lang='lat' dir='ltr'><strong>Rex</strong></span> <span class='ocrx_word' id='word_1_225' title='bbox 752 2133 898 2168; x_wconf 89' lang='lat' dir='ltr'><strong>regum,</strong></span> 
     </span>
     <span class='ocr_line' id='line_1_43' title="bbox 116 2170 899 2207; baseline -0.001 -1"><span class='ocrx_word' id='word_1_226' title='bbox 116 2173 152 2207; x_wconf 85' lang='lat' dir='ltr'><strong>et</strong></span> <span class='ocrx_word' id='word_1_227' title='bbox 190 2170 371 2207; x_wconf 86' lang='lat' dir='ltr'><strong>Dominus</strong></span> <span class='ocrx_word' id='word_1_228' title='bbox 415 2174 580 2207; x_wconf 83' lang='lat' dir='ltr'><strong>aeternus</strong></span> <span class='ocrx_word' id='word_1_229' title='bbox 625 2170 899 2206; x_wconf 80' lang='lat' dir='ltr'><strong>dominantium</strong></span> 
     </span>
     <span class='ocr_line' id='line_1_44' title="bbox 114 2217 896 2264; baseline 0.001 -11"><span class='ocrx_word' id='word_1_230' title='bbox 114 2227 183 2264; x_wconf 91' lang='lat' dir='ltr'><strong>per</strong></span> <span class='ocrx_word' id='word_1_231' title='bbox 205 2221 282 2254; x_wconf 90' lang='lat' dir='ltr'><strong>tam</strong></span> <span class='ocrx_word' id='word_1_232' title='bbox 316 2218 525 2264; x_wconf 83' lang='lat' dir='ltr'><strong>longissimi</strong></span> <span class='ocrx_word' id='word_1_233' title='bbox 547 2217 726 2264; x_wconf 90' lang='lat' dir='ltr'><strong>temporis</strong></span> <span class='ocrx_word' id='word_1_234' title='bbox 762 2217 896 2264; x_wconf 87' lang='lat' dir='ltr'><strong>spatia,</strong></span> 
     </span>
     <span class='ocr_line' id='line_1_45' title="bbox 115 2265 897 2311; baseline 0.001 -11"><span class='ocrx_word' id='word_1_235' title='bbox 115 2275 184 2311; x_wconf 92' lang='lat' dir='ltr'><strong>pro</strong></span> <span class='ocrx_word' id='word_1_236' title='bbox 217 2265 339 2309; x_wconf 84' lang='lat' dir='ltr'><strong>nobis,</strong></span> <span class='ocrx_word' id='word_1_237' title='bbox 363 2266 551 2302; x_wconf 84' lang='lat' dir='ltr'><strong>sustinuit.</strong></span> <span class='ocrx_word' id='word_1_238' title='bbox 588 2266 653 2302; x_wconf 81' lang='lat' dir='ltr'><strong>Ubi</strong></span> <span class='ocrx_word' id='word_1_239' title='bbox 693 2269 779 2301; x_wconf 89' lang='lat' dir='ltr'><strong>sunt</strong></span> <span class='ocrx_word' id='word_1_240' title='bbox 807 2276 897 2311; x_wconf 89' lang='lat' dir='ltr'><strong>ergo</strong></span> 
     </span>
     <span class='ocr_line' id='line_1_46' title="bbox 117 2313 896 2358; baseline 0.001 -11"><span class='ocrx_word' id='word_1_241' title='bbox 117 2316 331 2358; x_wconf 81' lang='lat' dir='ltr'><strong>quaerentes</strong></span> <span class='ocrx_word' id='word_1_242' title='bbox 367 2313 443 2349; x_wconf 81' lang='lat' dir='ltr'><strong>otIa</strong></span> <span class='ocrx_word' id='word_1_243' title='bbox 482 2317 518 2349; x_wconf 89' lang='lat' dir='ltr'><strong>et</strong></span> <span class='ocrx_word' id='word_1_244' title='bbox 552 2313 765 2357; x_wconf 89' lang='lat' dir='ltr'><strong>commoda,</strong></span> <span class='ocrx_word' id='word_1_245' title='bbox 795 2322 896 2358; x_wconf 78' lang='lat' dir='ltr'><strong>quae-</strong></span> 
     </span>
     <span class='ocr_line' id='line_1_47' title="bbox 116 2362 899 2405; baseline 0.001 -11"><span class='ocrx_word' id='word_1_246' title='bbox 116 2362 242 2395; x_wconf 87' lang='lat' dir='ltr'><strong>rentes</strong></span> <span class='ocrx_word' id='word_1_247' title='bbox 261 2362 450 2405; x_wconf 79' lang='lat' dir='ltr'><strong>superflua</strong></span> <span class='ocrx_word' id='word_1_248' title='bbox 470 2364 507 2396; x_wconf 91' lang='lat' dir='ltr'><strong>et</strong></span> <span class='ocrx_word' id='word_1_249' title='bbox 522 2366 669 2401; x_wconf 85' lang='lat' dir='ltr'><strong>ornata,</strong></span> <span class='ocrx_word' id='word_1_250' title='bbox 686 2364 899 2405; x_wconf 67' lang='lat' dir='ltr'><strong>quaerentes</strong></span> 
     </span>
     <span class='ocr_line' id='line_1_48' title="bbox 117 2406 898 2443; baseline 0.001 -2"><span class='ocrx_word' id='word_1_251' title='bbox 117 2406 266 2442; x_wconf 76' lang='lat' dir='ltr'><strong>curiosa</strong></span> <span class='ocrx_word' id='word_1_252' title='bbox 298 2411 331 2442; x_wconf 84' lang='lat' dir='ltr'><strong>ct</strong></span> <span class='ocrx_word' id='word_1_253' title='bbox 361 2408 479 2443; x_wconf 82' lang='lat' dir='ltr'><strong>vana‘?</strong></span> <span class='ocrx_word' id='word_1_254' title='bbox 509 2409 587 2443; x_wconf 78' lang='lat' dir='ltr'><strong>Non</strong></span> <span class='ocrx_word' id='word_1_255' title='bbox 627 2407 826 2443; x_wconf 82' lang='lat' dir='ltr'><strong>didicimus</strong></span> <span class='ocrx_word' id='word_1_256' title='bbox 859 2407 898 2443; x_wconf 95' lang='lat' dir='ltr'><strong>in</strong></span> 
     </span>
     <span class='ocr_line' id='line_1_49' title="bbox 118 2454 897 2502; baseline 0.001 -12"><span class='ocrx_word' id='word_1_257' title='bbox 118 2454 255 2490; x_wconf 79' lang='lat' dir='ltr'><strong>scholis</strong></span> <span class='ocrx_word' id='word_1_258' title='bbox 283 2454 448 2501; x_wconf 78' lang='lat' dir='ltr'><strong>Magistri</strong></span> <span class='ocrx_word' id='word_1_259' title='bbox 475 2455 599 2502; x_wconf 88' lang='lat' dir='ltr'><strong>hujus,</strong></span> <span class='ocrx_word' id='word_1_260' title='bbox 628 2454 689 2500; x_wconf 92' lang='lat' dir='ltr'><strong>qui</strong></span> <span class='ocrx_word' id='word_1_261' title='bbox 718 2454 807 2491; x_wconf 88' lang='lat' dir='ltr'><strong>talia</strong></span> <span class='ocrx_word' id='word_1_262' title='bbox 834 2465 897 2491; x_wconf 87' lang='lat' dir='ltr'><strong>vo-</strong></span> 
     </span>
     <span class='ocr_line' id='line_1_50' title="bbox 118 2501 897 2549; baseline 0.001 -12"><span class='ocrx_word' id='word_1_263' title='bbox 118 2501 254 2537; x_wconf 87' lang='lat' dir='ltr'><strong>lumus.</strong></span> <span class='ocrx_word' id='word_1_264' title='bbox 285 2503 355 2538; x_wconf 76' lang='lat' dir='ltr'><strong>Sed</strong></span> <span class='ocrx_word' id='word_1_265' title='bbox 384 2503 565 2549; x_wconf 89' lang='lat' dir='ltr'><strong>numquid</strong></span> <span class='ocrx_word' id='word_1_266' title='bbox 587 2502 832 2548; x_wconf 85' lang='lat' dir='ltr'><strong>sapientiores</strong></span> <span class='ocrx_word' id='word_1_267' title='bbox 854 2513 897 2539; x_wconf 94' lang='lat' dir='ltr'><strong>eo</strong></span> 
     </span>
     <span class='ocr_line' id='line_1_51' title="bbox 119 2549 899 2595; baseline 0.001 -10"><span class='ocrx_word' id='word_1_268' title='bbox 119 2549 276 2585; x_wconf 78' lang='lat' dir='ltr'><strong>sumus?</strong></span> <span class='ocrx_word' id='word_1_269' title='bbox 316 2551 396 2595; x_wconf 86' lang='lat' dir='ltr'><strong>lpse</strong></span> <span class='ocrx_word' id='word_1_270' title='bbox 436 2561 503 2586; x_wconf 88' lang='lat' dir='ltr'><strong>nos</strong></span> <span class='ocrx_word' id='word_1_271' title='bbox 541 2549 666 2586; x_wconf 90' lang='lat' dir='ltr'><strong>docuit</strong></span> <span class='ocrx_word' id='word_1_272' title='bbox 708 2550 822 2586; x_wconf 84' lang='lat' dir='ltr'><strong>verbo</strong></span> <span class='ocrx_word' id='word_1_273' title='bbox 862 2553 899 2586; x_wconf 90' lang='lat' dir='ltr'><strong>et</strong></span> 
     </span>
     <span class='ocr_line' id='line_1_52' title="bbox 118 2596 897 2644; baseline 0 -11"><span class='ocrx_word' id='word_1_274' title='bbox 118 2596 287 2643; x_wconf 85' lang='lat' dir='ltr'><strong>exemplo</strong></span> <span class='ocrx_word' id='word_1_275' title='bbox 320 2597 583 2639; x_wconf 79' lang='lat' dir='ltr'><strong>humilitatem,</strong></span> <span class='ocrx_word' id='word_1_276' title='bbox 615 2601 897 2644; x_wconf 89' lang='lat' dir='ltr'><strong>paupertatem,</strong></span> 
     </span>
     <span class='ocr_line' id='line_1_53' title="bbox 118 2644 896 2690; baseline 0.001 -10"><span class='ocrx_word' id='word_1_277' title='bbox 118 2653 161 2680; x_wconf 90' lang='lat' dir='ltr'><strong>ac</strong></span> <span class='ocrx_word' id='word_1_278' title='bbox 193 2645 360 2690; x_wconf 80' lang='lat' dir='ltr'><strong>corporis</strong></span> <span class='ocrx_word' id='word_1_279' title='bbox 396 2649 431 2681; x_wconf 90' lang='lat' dir='ltr'><strong>et</strong></span> <span class='ocrx_word' id='word_1_280' title='bbox 466 2645 605 2682; x_wconf 78' lang='lat' dir='ltr'><strong>laboris</strong></span> <span class='ocrx_word' id='word_1_281' title='bbox 641 2644 896 2681; x_wconf 78' lang='lat' dir='ltr'><strong>afflictionem.</strong></span> 
     </span>
     <span class='ocr_line' id='line_1_54' title="bbox 119 2692 896 2739; baseline 0.001 -11"><span class='ocrx_word' id='word_1_282' title='bbox 119 2692 328 2737; x_wconf 86' lang='lat' dir='ltr'><strong>Sequamur</strong></span> <span class='ocrx_word' id='word_1_283' title='bbox 348 2704 437 2738; x_wconf 88' lang='lat' dir='ltr'><strong>ergo</strong></span> <span class='ocrx_word' id='word_1_284' title='bbox 457 2703 643 2729; x_wconf 88' lang='lat' dir='ltr'><strong>summum</strong></span> <span class='ocrx_word' id='word_1_285' title='bbox 662 2692 896 2739; x_wconf 81' lang='lat' dir='ltr'><strong>Magistrum,</strong></span> 
     </span>
     <span class='ocr_line' id='line_1_55' title="bbox 118 2739 896 2788; baseline 0.003 -13"><span class='ocrx_word' id='word_1_286' title='bbox 118 2739 179 2785; x_wconf 87' lang='lat' dir='ltr'><strong>qui</strong></span> <span class='ocrx_word' id='word_1_287' title='bbox 202 2750 269 2776; x_wconf 86' lang='lat' dir='ltr'><strong>nee</strong></span> <span class='ocrx_word' id='word_1_288' title='bbox 292 2740 419 2777; x_wconf 74' lang='lat' dir='ltr'><strong>fallere</strong></span> <span class='ocrx_word' id='word_1_289' title='bbox 448 2741 536 2785; x_wconf 83' lang='lat' dir='ltr'><strong>vult,</strong></span> <span class='ocrx_word' id='word_1_290' title='bbox 562 2751 629 2777; x_wconf 87' lang='lat' dir='ltr'><strong>nec</strong></span> <span class='ocrx_word' id='word_1_291' title='bbox 656 2740 732 2776; x_wconf 85' lang='lat' dir='ltr'><strong>salli</strong></span> <span class='ocrx_word' id='word_1_292' title='bbox 759 2744 896 2788; x_wconf 87' lang='lat' dir='ltr'><strong>potest,</strong></span> 
     </span>
     <span class='ocr_line' id='line_1_56' title="bbox 117 2787 897 2836; baseline 0.004 -13"><span class='ocrx_word' id='word_1_293' title='bbox 117 2789 154 2822; x_wconf 86' lang='lat' dir='ltr'><strong>et</strong></span> <span class='ocrx_word' id='word_1_294' title='bbox 187 2787 382 2833; x_wconf 85' lang='lat' dir='ltr'><strong>habentes,</strong></span> <span class='ocrx_word' id='word_1_295' title='bbox 417 2789 523 2835; x_wconf 76' lang='lat' dir='ltr'><strong>juxta</strong></span> <span class='ocrx_word' id='word_1_296' title='bbox 551 2788 763 2826; x_wconf 86' lang='lat' dir='ltr'><strong>doctrinam</strong></span> <span class='ocrx_word' id='word_1_297' title='bbox 800 2790 897 2836; x_wconf 84' lang='lat' dir='ltr'><strong>Apo-</strong></span> 
     </span>
    </p>
   </div>
   <div class='ocr_carea' id='block_1_3' title="bbox 1707 164 1759 197">
    <p class='ocr_par' dir='ltr' id='par_1_5' title="bbox 1707 164 1759 197">
     <span class='ocr_line' id='line_1_57' title="bbox 1707 164 1759 197; baseline -0.019 0"><span class='ocrx_word' id='word_1_298' title='bbox 1707 164 1759 197; x_wconf 82' lang='lat'><strong>141</strong></span> 
     </span>
    </p>
   </div>
   <div class='ocr_carea' id='block_1_4' title="bbox 948 228 1766 2835">
    <p class='ocr_par' dir='ltr' id='par_1_6' title="bbox 948 228 1766 2835">
     <span class='ocr_line' id='line_1_58' title="bbox 982 228 1762 280; baseline 0.013 -17"><span class='ocrx_word' id='word_1_299' title='bbox 982 228 1080 272; x_wconf 90' lang='lat' dir='ltr'><strong>stoli,</strong></span> <span class='ocrx_word' id='word_1_300' title='bbox 1104 229 1240 266; x_wconf 89' lang='lat' dir='ltr'><strong>victum</strong></span> <span class='ocrx_word' id='word_1_301' title='bbox 1272 235 1309 267; x_wconf 90' lang='lat' dir='ltr'><strong>et</strong></span> <span class='ocrx_word' id='word_1_302' title='bbox 1344 232 1478 277; x_wconf 83' lang='lat' dir='ltr'><strong>quibus</strong></span> <span class='ocrx_word' id='word_1_303' title='bbox 1514 238 1698 280; x_wconf 86' lang='lat' dir='ltr'><strong>tegamur,</strong></span> <span class='ocrx_word' id='word_1_304' title='bbox 1715 236 1762 272; x_wconf 89' lang='lat' dir='ltr'><strong>ad</strong></span> 
     </span>
     <span class='ocr_line' id='line_1_59' title="bbox 981 279 1761 327; baseline 0.012 -17"><span class='ocrx_word' id='word_1_305' title='bbox 981 280 1251 321; x_wconf 82' lang='lat' dir='ltr'><strong>congruentem</strong></span> <span class='ocrx_word' id='word_1_306' title='bbox 1290 279 1430 315; x_wconf 77' lang='lat' dir='ltr'><strong>scilicet</strong></span> <span class='ocrx_word' id='word_1_307' title='bbox 1474 281 1761 327; x_wconf 85' lang='lat' dir='ltr'><strong>necessitatem,</strong></span> 
     </span>
     <span class='ocr_line' id='line_1_60' title="bbox 981 324 1764 373; baseline 0.013 -16"><span class='ocrx_word' id='word_1_308' title='bbox 981 333 1055 358; x_wconf 90' lang='lat' dir='ltr'><strong>non</strong></span> <span class='ocrx_word' id='word_1_309' title='bbox 1088 324 1134 359; x_wconf 90' lang='lat' dir='ltr'><strong>ad</strong></span> <span class='ocrx_word' id='word_1_310' title='bbox 1165 326 1377 369; x_wconf 74' lang='lat' dir='ltr'><strong>superabun</strong></span> <span class='ocrx_word' id='word_1_311' title='bbox 1399 328 1580 373; x_wconf 69' lang='lat' dir='ltr'><strong>(lantiam,</strong></span> <span class='ocrx_word' id='word_1_312' title='bbox 1611 330 1764 366; x_wconf 85' lang='lat' dir='ltr'><strong>liiscon-</strong></span> 
     </span>
     <span class='ocr_line' id='line_1_61' title="bbox 981 370 1762 414; baseline 0.013 -10"><span class='ocrx_word' id='word_1_313' title='bbox 981 370 1072 406; x_wconf 91' lang='lat' dir='ltr'><strong>tenti</strong></span> <span class='ocrx_word' id='word_1_314' title='bbox 1089 370 1218 406; x_wconf 91' lang='lat' dir='ltr'><strong>simus.</strong></span> <span class='ocrx_word' id='word_1_315' title='bbox 1236 372 1327 407; x_wconf 75' lang='lat' dir='ltr'><strong>Aliis</strong></span> <span class='ocrx_word' id='word_1_316' title='bbox 1339 374 1450 409; x_wconf 86' lang='lat' dir='ltr'><strong>etiam</strong></span> <span class='ocrx_word' id='word_1_317' title='bbox 1465 376 1639 412; x_wconf 85' lang='lat' dir='ltr'><strong>vii-tutum</strong></span> <span class='ocrx_word' id='word_1_318' title='bbox 1658 389 1762 414; x_wconf 82' lang='lat' dir='ltr'><strong>exer-</strong></span> 
     </span>
     <span class='ocr_line' id='line_1_62' title="bbox 981 417 1762 469; baseline 0.013 -17"><span class='ocrx_word' id='word_1_319' title='bbox 981 417 1078 453; x_wconf 87' lang='lat' dir='ltr'><strong>citiis</strong></span> <span class='ocrx_word' id='word_1_320' title='bbox 1095 421 1130 453; x_wconf 90' lang='lat' dir='ltr'><strong>et</strong></span> <span class='ocrx_word' id='word_1_321' title='bbox 1142 418 1276 454; x_wconf 85' lang='lat' dir='ltr'><strong>studiis</strong></span> <span class='ocrx_word' id='word_1_322' title='bbox 1290 419 1762 469; x_wconf 80' lang='lat' dir='ltr'><strong>spiritualibus,continue,</strong></span> 
     </span>
     <span class='ocr_line' id='line_1_63' title="bbox 979 464 1761 517; baseline 0.006 -17"><span class='ocrx_word' id='word_1_323' title='bbox 979 464 1238 501; x_wconf 88' lang='lat' dir='ltr'><strong>indesinenter</strong></span> <span class='ocrx_word' id='word_1_324' title='bbox 1259 469 1296 501; x_wconf 89' lang='lat' dir='ltr'><strong>et</strong></span> <span class='ocrx_word' id='word_1_325' title='bbox 1314 466 1523 512; x_wconf 80' lang='lat' dir='ltr'><strong>vigilanter,</strong></span> <span class='ocrx_word' id='word_1_326' title='bbox 1548 482 1612 515; x_wconf 61' lang='lat' dir='ltr'><strong>pr«,</strong></span> <span class='ocrx_word' id='word_1_327' title='bbox 1638 483 1761 517; x_wconf 62' lang='lat' dir='ltr'><strong>posse,</strong></span> 
     </span>
     <span class='ocr_line' id='line_1_64' title="bbox 980 511 1765 560; baseline 0.01 -13"><span class='ocrx_word' id='word_1_328' title='bbox 980 511 1210 548; x_wconf 85' lang='lat' dir='ltr'><strong>insistamus.</strong></span> <span class='ocrx_word' id='word_1_329' title='bbox 1232 515 1282 548; x_wconf 82' lang='lat' dir='ltr'><strong>Ex</strong></span> <span class='ocrx_word' id='word_1_330' title='bbox 1310 513 1380 548; x_wconf 84' lang='lat' dir='ltr'><strong>hoe</strong></span> <span class='ocrx_word' id='word_1_331' title='bbox 1404 526 1493 560; x_wconf 75' lang='lat' dir='ltr'><strong>ergo</strong></span> <span class='ocrx_word' id='word_1_332' title='bbox 1517 518 1612 552; x_wconf 65' lang='lat' dir='ltr'><strong>sacto</strong></span> <span class='ocrx_word' id='word_1_333' title='bbox 1643 519 1765 555; x_wconf 63' lang='lat' dir='ltr'><strong>immi—</strong></span> 
     </span>
     <span class='ocr_line' id='line_1_65' title="bbox 960 559 1762 611; baseline 0.009 -17"><span class='ocrx_word' id='word_1_334' title='bbox 960 559 1030 604; x_wconf 63' lang='lat' dir='ltr'><strong>&gt;ni,</strong></span> <span class='ocrx_word' id='word_1_335' title='bbox 1058 559 1186 606; x_wconf 85' lang='lat' dir='ltr'><strong>accipe</strong></span> <span class='ocrx_word' id='word_1_336' title='bbox 1212 560 1422 596; x_wconf 90' lang='lat' dir='ltr'><strong>doctrinam</strong></span> <span class='ocrx_word' id='word_1_337' title='bbox 1450 562 1485 597; x_wconf 90' lang='lat' dir='ltr'><strong>in</strong></span> <span class='ocrx_word' id='word_1_338' title='bbox 1509 567 1610 599; x_wconf 86' lang='lat' dir='ltr'><strong>tuam</strong></span> <span class='ocrx_word' id='word_1_339' title='bbox 1640 567 1762 611; x_wconf 82' lang='lat' dir='ltr'><strong>parvi-</strong></span> 
     </span>
     <span class='ocr_line' id='line_1_66' title="bbox 979 607 1763 655; baseline 0.009 -13"><span class='ocrx_word' id='word_1_340' title='bbox 979 609 1094 643; x_wconf 88' lang='lat' dir='ltr'><strong>tatem</strong></span> <span class='ocrx_word' id='word_1_341' title='bbox 1136 607 1365 651; x_wconf 79' lang='lat' dir='ltr'><strong>resiIIend03</strong></span> <span class='ocrx_word' id='word_1_342' title='bbox 1404 619 1446 644; x_wconf 91' lang='lat' dir='ltr'><strong>ac</strong></span> <span class='ocrx_word' id='word_1_343' title='bbox 1487 609 1645 655; x_wconf 87' lang='lat' dir='ltr'><strong>teipsum</strong></span> <span class='ocrx_word' id='word_1_344' title='bbox 1689 624 1763 649; x_wconf 89' lang='lat' dir='ltr'><strong>uon</strong></span> 
     </span>
     <span class='ocr_line' id='line_1_67' title="bbox 977 654 1763 698; baseline 0.005 -7"><span class='ocrx_word' id='word_1_345' title='bbox 977 655 1099 691; x_wconf 84' lang='lat' dir='ltr'><strong>Solum</strong></span> <span class='ocrx_word' id='word_1_346' title='bbox 1134 654 1173 690; x_wconf 91' lang='lat' dir='ltr'><strong>in</strong></span> <span class='ocrx_word' id='word_1_347' title='bbox 1204 659 1282 698; x_wconf 92' lang='lat' dir='ltr'><strong>tuo,</strong></span> <span class='ocrx_word' id='word_1_348' title='bbox 1301 655 1504 692; x_wconf 87' lang='lat' dir='ltr'><strong>sedetiam</strong></span> <span class='ocrx_word' id='word_1_349' title='bbox 1538 657 1576 692; x_wconf 91' lang='lat' dir='ltr'><strong>in</strong></span> <span class='ocrx_word' id='word_1_350' title='bbox 1604 659 1763 695; x_wconf 82' lang='lat' dir='ltr'><strong>aliorum</strong></span> 
     </span>
     <span class='ocr_line' id='line_1_68' title="bbox 977 702 1763 750; baseline 0.005 -12"><span class='ocrx_word' id='word_1_351' title='bbox 977 706 1181 748; x_wconf 88' lang='lat' dir='ltr'><strong>conspectu</strong></span> <span class='ocrx_word' id='word_1_352' title='bbox 1214 702 1431 738; x_wconf 81' lang='lat' dir='ltr'><strong>vilificando</strong></span> <span class='ocrx_word' id='word_1_353' title='bbox 1467 706 1505 739; x_wconf 88' lang='lat' dir='ltr'><strong>et</strong></span> <span class='ocrx_word' id='word_1_354' title='bbox 1533 715 1599 750; x_wconf 90' lang='lat' dir='ltr'><strong>per</strong></span> <span class='ocrx_word' id='word_1_355' title='bbox 1623 707 1763 742; x_wconf 77' lang='lat' dir='ltr'><strong>exerci-</strong></span> 
     </span>
     <span class='ocr_line' id='line_1_69' title="bbox 977 749 1764 797; baseline 0.005 -12"><span class='ocrx_word' id='word_1_356' title='bbox 977 749 1069 785; x_wconf 88' lang='lat' dir='ltr'><strong>tium</strong></span> <span class='ocrx_word' id='word_1_357' title='bbox 1089 749 1217 786; x_wconf 89' lang='lat' dir='ltr'><strong>vilium</strong></span> <span class='ocrx_word' id='word_1_358' title='bbox 1245 753 1282 785; x_wconf 88' lang='lat' dir='ltr'><strong>et</strong></span> <span class='ocrx_word' id='word_1_359' title='bbox 1302 750 1502 786; x_wconf 87' lang='lat' dir='ltr'><strong>humilium</strong></span> <span class='ocrx_word' id='word_1_360' title='bbox 1525 762 1680 797; x_wconf 89' lang='lat' dir='ltr'><strong>operum</strong></span> <span class='ocrx_word' id='word_1_361' title='bbox 1703 755 1764 790; x_wconf 79' lang='lat' dir='ltr'><strong>al)-</strong></span> 
     </span>
     <span class='ocr_line' id='line_1_70' title="bbox 948 796 1764 843; baseline 0.005 -11"><span class='ocrx_word' id='word_1_362' title='bbox 948 800 950 803; x_wconf 83' lang='lat'>&#39;</span> <span class='ocrx_word' id='word_1_363' title='bbox 972 796 1150 843; x_wconf 87' lang='lat' dir='ltr'><strong>jicieudo.</strong></span> <span class='ocrx_word' id='word_1_364' title='bbox 1201 796 1335 833; x_wconf 86' lang='lat' dir='ltr'><strong>Videas</strong></span> <span class='ocrx_word' id='word_1_365' title='bbox 1381 798 1557 835; x_wconf 88' lang='lat' dir='ltr'><strong>continue</strong></span> <span class='ocrx_word' id='word_1_366' title='bbox 1597 800 1764 836; x_wconf 87' lang='lat' dir='ltr'><strong>desectus</strong></span> 
     </span>
     <span class='ocr_line' id='line_1_71' title="bbox 977 847 1763 894; baseline 0.004 -14"><span class='ocrx_word' id='word_1_367' title='bbox 977 848 1075 889; x_wconf 87' lang='lat' dir='ltr'><strong>tuos,</strong></span> <span class='ocrx_word' id='word_1_368' title='bbox 1099 847 1136 880; x_wconf 89' lang='lat' dir='ltr'><strong>et</strong></span> <span class='ocrx_word' id='word_1_369' title='bbox 1170 848 1325 891; x_wconf 89' lang='lat' dir='ltr'><strong>peccata</strong></span> <span class='ocrx_word' id='word_1_370' title='bbox 1356 848 1433 888; x_wconf 89' lang='lat' dir='ltr'><strong>tua,</strong></span> <span class='ocrx_word' id='word_1_371' title='bbox 1458 849 1493 881; x_wconf 91' lang='lat' dir='ltr'><strong>et</strong></span> <span class='ocrx_word' id='word_1_372' title='bbox 1521 857 1565 882; x_wconf 89' lang='lat' dir='ltr'><strong>ea</strong></span> <span class='ocrx_word' id='word_1_373' title='bbox 1599 858 1763 894; x_wconf 84' lang='lat' dir='ltr'><strong>aggrava</strong></span> 
     </span>
     <span class='ocr_line' id='line_1_72' title="bbox 979 892 1763 938; baseline 0.005 -11"><span class='ocrx_word' id='word_1_374' title='bbox 979 895 1162 938; x_wconf 87' lang='lat' dir='ltr'><strong>quantum</strong></span> <span class='ocrx_word' id='word_1_375' title='bbox 1197 895 1315 938; x_wconf 88' lang='lat' dir='ltr'><strong>potes.</strong></span> <span class='ocrx_word' id='word_1_376' title='bbox 1339 892 1507 929; x_wconf 91' lang='lat' dir='ltr'><strong>Aliorum</strong></span> <span class='ocrx_word' id='word_1_377' title='bbox 1539 905 1627 930; x_wconf 86' lang='lat' dir='ltr'><strong>vero</strong></span> <span class='ocrx_word' id='word_1_378' title='bbox 1664 895 1763 932; x_wconf 83' lang='lat' dir='ltr'><strong>defe-</strong></span> 
     </span>
     <span class='ocr_line' id='line_1_73' title="bbox 978 940 1763 986; baseline 0.004 -11"><span class='ocrx_word' id='word_1_379' title='bbox 978 943 1058 975; x_wconf 87' lang='lat' dir='ltr'><strong>ctus</strong></span> <span class='ocrx_word' id='word_1_380' title='bbox 1095 943 1180 986; x_wconf 86' lang='lat' dir='ltr'><strong>post</strong></span> <span class='ocrx_word' id='word_1_381' title='bbox 1212 943 1358 986; x_wconf 86' lang='lat' dir='ltr'><strong>tergum</strong></span> <span class='ocrx_word' id='word_1_382' title='bbox 1392 940 1583 986; x_wconf 79' lang='lat' dir='ltr'><strong>projicias,</strong></span> <span class='ocrx_word' id='word_1_383' title='bbox 1613 946 1650 978; x_wconf 89' lang='lat' dir='ltr'><strong>et</strong></span> <span class='ocrx_word' id='word_1_384' title='bbox 1686 954 1763 978; x_wconf 88' lang='lat' dir='ltr'><strong>non</strong></span> 
     </span>
     <span class='ocr_line' id='line_1_74' title="bbox 979 986 1765 1033; baseline 0.006 -12"><span class='ocrx_word' id='word_1_385' title='bbox 979 986 1124 1030; x_wconf 85' lang='lat' dir='ltr'><strong>videas;</strong></span> <span class='ocrx_word' id='word_1_386' title='bbox 1161 987 1260 1033; x_wconf 89' lang='lat' dir='ltr'><strong>quod</strong></span> <span class='ocrx_word' id='word_1_387' title='bbox 1296 987 1326 1023; x_wconf 90' lang='lat' dir='ltr'><strong>si</strong></span> <span class='ocrx_word' id='word_1_388' title='bbox 1364 987 1514 1032; x_wconf 89' lang='lat' dir='ltr'><strong>videris,</strong></span> <span class='ocrx_word' id='word_1_389' title='bbox 1537 989 1690 1026; x_wconf 87' lang='lat' dir='ltr'><strong>allevies</strong></span> <span class='ocrx_word' id='word_1_390' title='bbox 1729 994 1765 1026; x_wconf 88' lang='lat' dir='ltr'><strong>et</strong></span> 
     </span>
     <span class='ocr_line' id='line_1_75' title="bbox 979 1034 1766 1081; baseline 0.006 -12"><span class='ocrx_word' id='word_1_391' title='bbox 979 1044 1144 1077; x_wconf 81' lang='lat' dir='ltr'><strong>excuses,</strong></span> <span class='ocrx_word' id='word_1_392' title='bbox 1177 1038 1214 1070; x_wconf 91' lang='lat' dir='ltr'><strong>et</strong></span> <span class='ocrx_word' id='word_1_393' title='bbox 1243 1034 1333 1080; x_wconf 89' lang='lat' dir='ltr'><strong>ipsis</strong></span> <span class='ocrx_word' id='word_1_394' title='bbox 1359 1035 1602 1081; x_wconf 85' lang='lat' dir='ltr'><strong>compatiaris</strong></span> <span class='ocrx_word' id='word_1_395' title='bbox 1622 1041 1658 1073; x_wconf 85' lang='lat' dir='ltr'><strong>et</strong></span> <span class='ocrx_word' id='word_1_396' title='bbox 1690 1048 1766 1074; x_wconf 81' lang='lat' dir='ltr'><strong>suc·</strong></span> 
     </span>
     <span class='ocr_line' id='line_1_76' title="bbox 979 1081 1766 1131; baseline 0.006 -15"><span class='ocrx_word' id='word_1_397' title='bbox 979 1092 1108 1117; x_wconf 90' lang='lat' dir='ltr'><strong>curras</strong></span> <span class='ocrx_word' id='word_1_398' title='bbox 1138 1092 1204 1127; x_wconf 89' lang='lat' dir='ltr'><strong>pro</strong></span> <span class='ocrx_word' id='word_1_399' title='bbox 1238 1081 1395 1126; x_wconf 79' lang='lat' dir='ltr'><strong>viribus,</strong></span> <span class='ocrx_word' id='word_1_400' title='bbox 1420 1083 1589 1129; x_wconf 83' lang='lat' dir='ltr'><strong>cogitans</strong></span> <span class='ocrx_word' id='word_1_401' title='bbox 1616 1095 1766 1131; x_wconf 86' lang='lat' dir='ltr'><strong>semper</strong></span> 
     </span>
     <span class='ocr_line' id='line_1_77' title="bbox 979 1127 1766 1176; baseline 0.008 -13"><span class='ocrx_word' id='word_1_402' title='bbox 979 1129 1078 1175; x_wconf 85' lang='lat' dir='ltr'><strong>quod</strong></span> <span class='ocrx_word' id='word_1_403' title='bbox 1106 1132 1146 1164; x_wconf 92' lang='lat' dir='ltr'><strong>tu</strong></span> <span class='ocrx_word' id='word_1_404' title='bbox 1173 1130 1316 1165; x_wconf 83' lang='lat' dir='ltr'><strong>faceres</strong></span> <span class='ocrx_word' id='word_1_405' title='bbox 1349 1130 1470 1176; x_wconf 66' lang='lat' dir='ltr'><strong>pejus,</strong></span> <span class='ocrx_word' id='word_1_406' title='bbox 1493 1131 1563 1166; x_wconf 91' lang='lat' dir='ltr'><strong>nisi</strong></span> <span class='ocrx_word' id='word_1_407' title='bbox 1591 1132 1672 1168; x_wconf 86' lang='lat' dir='ltr'><strong>sola</strong></span> <span class='ocrx_word' id='word_1_408' title='bbox 1698 1127 1766 1169; x_wconf 66' lang='lat' dir='ltr'><strong>sua</strong></span> 
     </span>
     <span class='ocr_line' id='line_1_78' title="bbox 977 1176 1763 1221; baseline 0.006 -10"><span class='ocrx_word' id='word_1_409' title='bbox 977 1176 1098 1221; x_wconf 87' lang='lat' dir='ltr'><strong>gratia</strong></span> <span class='ocrx_word' id='word_1_410' title='bbox 1127 1180 1161 1212; x_wconf 90' lang='lat' dir='ltr'><strong>te</strong></span> <span class='ocrx_word' id='word_1_411' title='bbox 1190 1181 1431 1213; x_wconf 87' lang='lat' dir='ltr'><strong>conservaret</strong></span> <span class='ocrx_word' id='word_1_412' title='bbox 1449 1179 1558 1214; x_wconf 86' lang='lat' dir='ltr'><strong>Jesus</strong></span> <span class='ocrx_word' id='word_1_413' title='bbox 1581 1179 1763 1216; x_wconf 86' lang='lat' dir='ltr'><strong>Christus.</strong></span> 
     </span>
     <span class='ocr_line' id='line_1_79' title="bbox 976 1224 1766 1263; baseline 0.006 -4"><span class='ocrx_word' id='word_1_414' title='bbox 976 1225 1112 1259; x_wconf 80' lang='lat' dir='ltr'><strong>Averte</strong></span> <span class='ocrx_word' id='word_1_415' title='bbox 1144 1224 1271 1260; x_wconf 91' lang='lat' dir='ltr'><strong>oculos</strong></span> <span class='ocrx_word' id='word_1_416' title='bbox 1297 1227 1382 1260; x_wconf 85' lang='lat' dir='ltr'><strong>tuos</strong></span> <span class='ocrx_word' id='word_1_417' title='bbox 1408 1228 1444 1260; x_wconf 91' lang='lat' dir='ltr'><strong>et</strong></span> <span class='ocrx_word' id='word_1_418' title='bbox 1475 1226 1609 1262; x_wconf 91' lang='lat' dir='ltr'><strong>mentis</strong></span> <span class='ocrx_word' id='word_1_419' title='bbox 1631 1231 1667 1263; x_wconf 87' lang='lat' dir='ltr'><strong>et</strong></span> <span class='ocrx_word' id='word_1_420' title='bbox 1687 1238 1766 1263; x_wconf 87' lang='lat' dir='ltr'><strong>cor-</strong></span> 
     </span>
     <span class='ocr_line' id='line_1_80' title="bbox 977 1270 1763 1317; baseline 0.006 -11"><span class='ocrx_word' id='word_1_421' title='bbox 977 1270 1080 1317; x_wconf 87' lang='lat' dir='ltr'><strong>poris</strong></span> <span class='ocrx_word' id='word_1_422' title='bbox 1116 1272 1162 1307; x_wconf 91' lang='lat' dir='ltr'><strong>ab</strong></span> <span class='ocrx_word' id='word_1_423' title='bbox 1193 1275 1347 1317; x_wconf 89' lang='lat' dir='ltr'><strong>aspectu</strong></span> <span class='ocrx_word' id='word_1_424' title='bbox 1373 1271 1550 1317; x_wconf 88' lang='lat' dir='ltr'><strong>aliorum,</strong></span> <span class='ocrx_word' id='word_1_425' title='bbox 1573 1278 1612 1310; x_wconf 92' lang='lat' dir='ltr'><strong>ut</strong></span> <span class='ocrx_word' id='word_1_426' title='bbox 1640 1274 1680 1310; x_wconf 92' lang='lat' dir='ltr'><strong>in</strong></span> <span class='ocrx_word' id='word_1_427' title='bbox 1710 1275 1763 1311; x_wconf 92' lang='lat' dir='ltr'><strong>lu-</strong></span> 
     </span>
     <span class='ocr_line' id='line_1_81' title="bbox 978 1318 1762 1367; baseline 0.006 -14"><span class='ocrx_word' id='word_1_428' title='bbox 978 1318 1078 1354; x_wconf 87' lang='lat' dir='ltr'><strong>mine</strong></span> <span class='ocrx_word' id='word_1_429' title='bbox 1117 1318 1239 1354; x_wconf 89' lang='lat' dir='ltr'><strong>vultus</strong></span> <span class='ocrx_word' id='word_1_430' title='bbox 1280 1318 1346 1355; x_wconf 91' lang='lat' dir='ltr'><strong>Dei</strong></span> <span class='ocrx_word' id='word_1_431' title='bbox 1383 1320 1600 1366; x_wconf 89' lang='lat' dir='ltr'><strong>conspicere</strong></span> <span class='ocrx_word' id='word_1_432' title='bbox 1640 1321 1762 1367; x_wconf 84' lang='lat' dir='ltr'><strong>possis</strong></span> 
     </span>
     <span class='ocr_line' id='line_1_82' title="bbox 978 1365 1761 1411; baseline 0.005 -11"><span class='ocrx_word' id='word_1_433' title='bbox 978 1365 1151 1411; x_wconf 82' lang='lat' dir='ltr'><strong>teipsum.</strong></span> <span class='ocrx_word' id='word_1_434' title='bbox 1176 1365 1270 1401; x_wconf 81' lang='lat' dir='ltr'><strong>Nihil</strong></span> <span class='ocrx_word' id='word_1_435' title='bbox 1301 1365 1401 1401; x_wconf 87' lang='lat' dir='ltr'><strong>enim</strong></span> <span class='ocrx_word' id='word_1_436' title='bbox 1429 1367 1477 1402; x_wconf 89' lang='lat' dir='ltr'><strong>ad</strong></span> <span class='ocrx_word' id='word_1_437' title='bbox 1498 1371 1533 1403; x_wconf 87' lang='lat' dir='ltr'><strong>te</strong></span> <span class='ocrx_word' id='word_1_438' title='bbox 1555 1368 1761 1405; x_wconf 89' lang='lat' dir='ltr'><strong>humilian-</strong></span> 
     </span>
     <span class='ocr_line' id='line_1_83' title="bbox 977 1412 1761 1461; baseline 0.006 -14"><span class='ocrx_word' id='word_1_439' title='bbox 977 1413 1066 1448; x_wconf 91' lang='lat' dir='ltr'><strong>dum</strong></span> <span class='ocrx_word' id='word_1_440' title='bbox 1091 1412 1216 1448; x_wconf 92' lang='lat' dir='ltr'><strong>utilius</strong></span> <span class='ocrx_word' id='word_1_441' title='bbox 1238 1413 1402 1459; x_wconf 84' lang='lat' dir='ltr'><strong>reperire</strong></span> <span class='ocrx_word' id='word_1_442' title='bbox 1423 1415 1578 1460; x_wconf 88' lang='lat' dir='ltr'><strong>poteris,</strong></span> <span class='ocrx_word' id='word_1_443' title='bbox 1596 1426 1708 1461; x_wconf 90' lang='lat' dir='ltr'><strong>quam</strong></span> <span class='ocrx_word' id='word_1_444' title='bbox 1731 1416 1761 1452; x_wconf 90' lang='lat' dir='ltr'><strong>si</strong></span> 
     </span>
     <span class='ocr_line' id='line_1_84' title="bbox 977 1460 1763 1506; baseline 0.005 -11"><span class='ocrx_word' id='word_1_445' title='bbox 977 1460 1137 1505; x_wconf 85' lang='lat' dir='ltr'><strong>teipsum</strong></span> <span class='ocrx_word' id='word_1_446' title='bbox 1170 1461 1264 1496; x_wconf 84' lang='lat' dir='ltr'><strong>bene</strong></span> <span class='ocrx_word' id='word_1_447' title='bbox 1302 1460 1521 1506; x_wconf 80' lang='lat' dir='ltr'><strong>inspexeris.</strong></span> <span class='ocrx_word' id='word_1_448' title='bbox 1563 1463 1669 1498; x_wconf 84' lang='lat' dir='ltr'><strong>Unde</strong></span> <span class='ocrx_word' id='word_1_449' title='bbox 1711 1464 1763 1499; x_wconf 91' lang='lat' dir='ltr'><strong>ait</strong></span> 
     </span>
     <span class='ocr_line' id='line_1_85' title="bbox 975 1508 1762 1560; baseline 0.004 -17"><span class='ocrx_word' id='word_1_450' title='bbox 975 1508 1207 1560; x_wconf 46' lang='lat' dir='ltr'><strong>Bernartius.-</strong></span> <span class='ocrx_word' id='word_1_451' title='bbox 1227 1520 1257 1559; x_wconf 77' lang='lat'><strong>.“</strong></span> <span class='ocrx_word' id='word_1_452' title='bbox 1280 1508 1383 1560; x_wconf 41' lang='lat' dir='ltr'><strong>Volo·</strong></span> <span class='ocrx_word' id='word_1_453' title='bbox 1404 1509 1562 1554; x_wconf 82' lang='lat' dir='ltr'><strong>proinde</strong></span> <span class='ocrx_word' id='word_1_454' title='bbox 1595 1510 1762 1546; x_wconf 87' lang='lat' dir='ltr'><strong>animam</strong></span> 
     </span>
     <span class='ocr_line' id='line_1_86' title="bbox 976 1558 1762 1603; baseline 0.005 -14"><span class='ocrx_word' id='word_1_455' title='bbox 976 1565 1098 1601; x_wconf 83' lang='lat' dir='ltr'><strong>primo</strong></span> <span class='ocrx_word' id='word_1_456' title='bbox 1132 1564 1304 1590; x_wconf 81' lang='lat' dir='ltr'><strong>omnium</strong></span> <span class='ocrx_word' id='word_1_457' title='bbox 1334 1566 1429 1590; x_wconf 78' lang='lat' dir='ltr'><strong>scire</strong></span> <span class='ocrx_word' id='word_1_458' title='bbox 1466 1567 1643 1602; x_wconf 83' lang='lat' dir='ltr'><strong>seipsam,</strong></span> <span class='ocrx_word' id='word_1_459' title='bbox 1673 1558 1762 1603; x_wconf 88' lang='lat' dir='ltr'><strong>quia</strong></span> 
     </span>
     <span class='ocr_line' id='line_1_87' title="bbox 976 1601 1762 1647; baseline 0.005 -11"><span class='ocrx_word' id='word_1_460' title='bbox 976 1601 1063 1637; x_wconf 89' lang='lat' dir='ltr'><strong>talis</strong></span> <span class='ocrx_word' id='word_1_461' title='bbox 1096 1601 1251 1637; x_wconf 87' lang='lat' dir='ltr'><strong>scientia</strong></span> <span class='ocrx_word' id='word_1_462' title='bbox 1284 1612 1361 1637; x_wconf 89' lang='lat' dir='ltr'><strong>non</strong></span> <span class='ocrx_word' id='word_1_463' title='bbox 1392 1602 1512 1647; x_wconf 81' lang='lat' dir='ltr'><strong>inflat,</strong></span> <span class='ocrx_word' id='word_1_464' title='bbox 1542 1604 1607 1639; x_wconf 91' lang='lat' dir='ltr'><strong>sed</strong></span> <span class='ocrx_word' id='word_1_465' title='bbox 1638 1605 1762 1640; x_wconf 90' lang='lat' dir='ltr'><strong>humi-</strong></span> 
     </span>
     <span class='ocr_line' id='line_1_88' title="bbox 977 1649 1764 1697; baseline 0.005 -13"><span class='ocrx_word' id='word_1_466' title='bbox 977 1649 1056 1692; x_wconf 90' lang='lat' dir='ltr'><strong>liat,</strong></span> <span class='ocrx_word' id='word_1_467' title='bbox 1080 1652 1117 1685; x_wconf 84' lang='lat' dir='ltr'><strong>et</strong></span> <span class='ocrx_word' id='word_1_468' title='bbox 1156 1652 1213 1684; x_wconf 87' lang='lat' dir='ltr'><strong>est</strong></span> <span class='ocrx_word' id='word_1_469' title='bbox 1249 1649 1422 1695; x_wconf 81' lang='lat' dir='ltr'><strong>quaedam</strong></span> <span class='ocrx_word' id='word_1_470' title='bbox 1454 1651 1682 1697; x_wconf 70' lang='lat' dir='ltr'><strong>praeparatio</strong></span> <span class='ocrx_word' id='word_1_471' title='bbox 1715 1653 1764 1688; x_wconf 92' lang='lat' dir='ltr'><strong>ad</strong></span> 
     </span>
     <span class='ocr_line' id='line_1_89' title="bbox 979 1696 1766 1745; baseline 0.006 -14"><span class='ocrx_word' id='word_1_472' title='bbox 979 1696 1257 1732; x_wconf 68' lang='lat' dir='ltr'><strong>redificandum.</strong></span> <span class='ocrx_word' id='word_1_473' title='bbox 1281 1696 1358 1732; x_wconf 84' lang='lat' dir='ltr'><strong>Nisi</strong></span> <span class='ocrx_word' id='word_1_474' title='bbox 1383 1697 1485 1733; x_wconf 90' lang='lat' dir='ltr'><strong>enim</strong></span> <span class='ocrx_word' id='word_1_475' title='bbox 1513 1709 1625 1745; x_wconf 86' lang='lat' dir='ltr'><strong>super</strong></span> <span class='ocrx_word' id='word_1_476' title='bbox 1646 1700 1766 1735; x_wconf 89' lang='lat' dir='ltr'><strong>humi-</strong></span> 
     </span>
     <span class='ocr_line' id='line_1_90' title="bbox 978 1743 1765 1792; baseline 0.005 -13"><span class='ocrx_word' id='word_1_477' title='bbox 978 1743 1095 1779; x_wconf 86' lang='lat' dir='ltr'><strong>litatis</strong></span> <span class='ocrx_word' id='word_1_478' title='bbox 1114 1743 1247 1780; x_wconf 84' lang='lat' dir='ltr'><strong>stabile</strong></span> <span class='ocrx_word' id='word_1_479' title='bbox 1264 1743 1549 1782; x_wconf 87' lang='lat' dir='ltr'><strong>fundamentum</strong></span> <span class='ocrx_word' id='word_1_480' title='bbox 1568 1746 1765 1792; x_wconf 88' lang='lat' dir='ltr'><strong>spirituale</strong></span> 
     </span>
     <span class='ocr_line' id='line_1_91' title="bbox 977 1791 1761 1839; baseline 0.005 -13"><span class='ocrx_word' id='word_1_481' title='bbox 977 1791 1178 1827; x_wconf 63' lang='lat' dir='ltr'><strong>{edificium</strong></span> <span class='ocrx_word' id='word_1_482' title='bbox 1200 1795 1302 1827; x_wconf 87' lang='lat' dir='ltr'><strong>stare</strong></span> <span class='ocrx_word' id='word_1_483' title='bbox 1324 1792 1478 1828; x_wconf 88' lang='lat' dir='ltr'><strong>minime</strong></span> <span class='ocrx_word' id='word_1_484' title='bbox 1492 1797 1626 1839; x_wconf 87' lang='lat' dir='ltr'><strong>potest.</strong></span> <span class='ocrx_word' id='word_1_485' title='bbox 1644 1795 1761 1830; x_wconf 86' lang='lat' dir='ltr'><strong>Porro</strong></span> 
     </span>
     <span class='ocr_line' id='line_1_92' title="bbox 977 1838 1762 1877; baseline 0.003 -2"><span class='ocrx_word' id='word_1_486' title='bbox 977 1839 1025 1875; x_wconf 85' lang='lat' dir='ltr'><strong>ad</strong></span> <span class='ocrx_word' id='word_1_487' title='bbox 1043 1850 1082 1875; x_wconf 88' lang='lat' dir='ltr'><strong>se</strong></span> <span class='ocrx_word' id='word_1_488' title='bbox 1104 1838 1380 1875; x_wconf 87' lang='lat' dir='ltr'><strong>humiliandam</strong></span> <span class='ocrx_word' id='word_1_489' title='bbox 1397 1840 1489 1875; x_wconf 87' lang='lat' dir='ltr'><strong>nihil</strong></span> <span class='ocrx_word' id='word_1_490' title='bbox 1509 1841 1638 1877; x_wconf 86' lang='lat' dir='ltr'><strong>anima</strong></span> <span class='ocrx_word' id='word_1_491' title='bbox 1658 1842 1762 1877; x_wconf 86' lang='lat' dir='ltr'><strong>inve-</strong></span> 
     </span>
     <span class='ocr_line' id='line_1_93' title="bbox 977 1886 1761 1935; baseline 0.006 -14"><span class='ocrx_word' id='word_1_492' title='bbox 977 1886 1058 1922; x_wconf 87' lang='lat' dir='ltr'><strong>nire</strong></span> <span class='ocrx_word' id='word_1_493' title='bbox 1074 1886 1237 1922; x_wconf 81' lang='lat' dir='ltr'><strong>vivacius</strong></span> <span class='ocrx_word' id='word_1_494' title='bbox 1259 1897 1325 1922; x_wconf 89' lang='lat' dir='ltr'><strong>seu</strong></span> <span class='ocrx_word' id='word_1_495' title='bbox 1345 1889 1665 1925; x_wconf 87' lang='lat' dir='ltr'><strong>accommodatius</strong></span> <span class='ocrx_word' id='word_1_496' title='bbox 1683 1893 1761 1935; x_wconf 90' lang='lat' dir='ltr'><strong>pot-</strong></span> 
     </span>
     <span class='ocr_line' id='line_1_94' title="bbox 977 1933 1762 1982; baseline 0.005 -13"><span class='ocrx_word' id='word_1_497' title='bbox 977 1937 1047 1975; x_wconf 77' lang='lat' dir='ltr'><strong>est,</strong></span> <span class='ocrx_word' id='word_1_498' title='bbox 1071 1944 1184 1980; x_wconf 90' lang='lat' dir='ltr'><strong>quam</strong></span> <span class='ocrx_word' id='word_1_499' title='bbox 1212 1933 1241 1969; x_wconf 88' lang='lat' dir='ltr'><strong>si</strong></span> <span class='ocrx_word' id='word_1_500' title='bbox 1273 1945 1312 1969; x_wconf 88' lang='lat' dir='ltr'><strong>se</strong></span> <span class='ocrx_word' id='word_1_501' title='bbox 1346 1934 1386 1970; x_wconf 90' lang='lat' dir='ltr'><strong>in</strong></span> <span class='ocrx_word' id='word_1_502' title='bbox 1420 1934 1578 1972; x_wconf 88' lang='lat' dir='ltr'><strong>veritate</strong></span> <span class='ocrx_word' id='word_1_503' title='bbox 1611 1947 1762 1982; x_wconf 89' lang='lat' dir='ltr'><strong>perspe-</strong></span> 
     </span>
     <span class='ocr_line' id='line_1_95' title="bbox 976 1980 1757 2028; baseline 0.005 -13"><span class='ocrx_word' id='word_1_504' title='bbox 976 1980 1089 2024; x_wconf 78' lang='lat' dir='ltr'><strong>xerit;</strong></span> <span class='ocrx_word' id='word_1_505' title='bbox 1127 1984 1274 2016; x_wconf 89' lang='lat' dir='ltr'><strong>tantum</strong></span> <span class='ocrx_word' id='word_1_506' title='bbox 1311 1991 1386 2017; x_wconf 89' lang='lat' dir='ltr'><strong>non</strong></span> <span class='ocrx_word' id='word_1_507' title='bbox 1421 1982 1645 2028; x_wconf 88' lang='lat' dir='ltr'><strong>dissimulet,</strong></span> <span class='ocrx_word' id='word_1_508' title='bbox 1682 1994 1757 2020; x_wconf 89' lang='lat' dir='ltr'><strong>non</strong></span> 
     </span>
     <span class='ocr_line' id='line_1_96' title="bbox 977 2028 1760 2074; baseline 0.006 -12"><span class='ocrx_word' id='word_1_509' title='bbox 977 2028 1024 2063; x_wconf 88' lang='lat' dir='ltr'><strong>sit</strong></span> <span class='ocrx_word' id='word_1_510' title='bbox 1059 2028 1096 2063; x_wconf 89' lang='lat' dir='ltr'><strong>in</strong></span> <span class='ocrx_word' id='word_1_511' title='bbox 1129 2028 1262 2073; x_wconf 89' lang='lat' dir='ltr'><strong>spiritu</strong></span> <span class='ocrx_word' id='word_1_512' title='bbox 1297 2028 1376 2073; x_wconf 86' lang='lat' dir='ltr'><strong>ejus</strong></span> <span class='ocrx_word' id='word_1_513' title='bbox 1404 2029 1525 2074; x_wconf 86' lang='lat' dir='ltr'><strong>dolus,</strong></span> <span class='ocrx_word' id='word_1_514' title='bbox 1554 2034 1694 2067; x_wconf 86' lang='lat' dir='ltr'><strong>statuat</strong></span> <span class='ocrx_word' id='word_1_515' title='bbox 1720 2042 1760 2067; x_wconf 87' lang='lat' dir='ltr'><strong>se</strong></span> 
     </span>
     <span class='ocr_line' id='line_1_97' title="bbox 975 2075 1762 2121; baseline 0.005 -10"><span class='ocrx_word' id='word_1_516' title='bbox 975 2078 1063 2111; x_wconf 87' lang='lat' dir='ltr'><strong>ante</strong></span> <span class='ocrx_word' id='word_1_517' title='bbox 1087 2075 1220 2110; x_wconf 82' lang='lat' dir='ltr'><strong>faciem</strong></span> <span class='ocrx_word' id='word_1_518' title='bbox 1248 2086 1370 2121; x_wconf 88' lang='lat' dir='ltr'><strong>suam,</strong></span> <span class='ocrx_word' id='word_1_519' title='bbox 1396 2087 1503 2112; x_wconf 81' lang='lat' dir='ltr'><strong>neca</strong></span> <span class='ocrx_word' id='word_1_520' title='bbox 1524 2088 1563 2113; x_wconf 87' lang='lat' dir='ltr'><strong>se</strong></span> <span class='ocrx_word' id='word_1_521' title='bbox 1590 2082 1762 2115; x_wconf 86' lang='lat' dir='ltr'><strong>avertere</strong></span> 
     </span>
     <span class='ocr_line' id='line_1_98' title="bbox 974 2123 1762 2162; baseline 0.005 -4"><span class='ocrx_word' id='word_1_522' title='bbox 974 2123 1182 2158; x_wconf 86' lang='lat' dir='ltr'><strong>abducatur</strong></span> <span class='ocrx_word' id='word_1_523' title='bbox 1208 2134 1216 2158; x_wconf 79' lang='lat'>2</span> <span class='ocrx_word' id='word_1_524' title='bbox 1249 2136 1265 2155; x_wconf 92' lang='lat'>»</span> <span class='ocrx_word' id='word_1_525' title='bbox 1293 2124 1374 2159; x_wconf 61' lang='lat' dir='ltr'><strong>haee</strong></span> <span class='ocrx_word' id='word_1_526' title='bbox 1406 2125 1628 2160; x_wconf 65' lang='lat' dir='ltr'><strong>Bet-nardus.</strong></span> <span class='ocrx_word' id='word_1_527' title='bbox 1659 2126 1762 2162; x_wconf 91' lang='lat' dir='ltr'><strong>Unde</strong></span> 
     </span>
     <span class='ocr_line' id='line_1_99' title="bbox 975 2170 1763 2217; baseline 0.004 -11"><span class='ocrx_word' id='word_1_528' title='bbox 975 2173 1011 2206; x_wconf 86' lang='lat' dir='ltr'><strong>et</strong></span> <span class='ocrx_word' id='word_1_529' title='bbox 1045 2170 1278 2214; x_wconf 66' lang='lat' dir='ltr'><strong>Auqustinus</strong></span> <span class='ocrx_word' id='word_1_530' title='bbox 1316 2170 1419 2215; x_wconf 89' lang='lat' dir='ltr'><strong>dicit,</strong></span> <span class='ocrx_word' id='word_1_531' title='bbox 1455 2172 1555 2217; x_wconf 87' lang='lat' dir='ltr'><strong>quod</strong></span> <span class='ocrx_word' id='word_1_532' title='bbox 1592 2183 1667 2209; x_wconf 88' lang='lat' dir='ltr'><strong>non</strong></span> <span class='ocrx_word' id='word_1_533' title='bbox 1707 2177 1763 2209; x_wconf 90' lang='lat' dir='ltr'><strong>est</strong></span> 
     </span>
     <span class='ocr_line' id='line_1_100' title="bbox 973 2217 1763 2267; baseline 0.005 -14"><span class='ocrx_word' id='word_1_534' title='bbox 973 2228 1111 2264; x_wconf 86' lang='lat' dir='ltr'><strong>parvus</strong></span> <span class='ocrx_word' id='word_1_535' title='bbox 1125 2218 1172 2253; x_wconf 87' lang='lat' dir='ltr'><strong>ad</strong></span> <span class='ocrx_word' id='word_1_536' title='bbox 1189 2217 1459 2254; x_wconf 87' lang='lat' dir='ltr'><strong>beatitudinem</strong></span> <span class='ocrx_word' id='word_1_537' title='bbox 1478 2230 1763 2267; x_wconf 87' lang='lat' dir='ltr'><strong>accessus‚cog-</strong></span> 
     </span>
     <span class='ocr_line' id='line_1_101' title="bbox 973 2264 1761 2313; baseline 0.005 -13"><span class='ocrx_word' id='word_1_538' title='bbox 973 2264 1066 2301; x_wconf 91' lang='lat' dir='ltr'><strong>nitio</strong></span> <span class='ocrx_word' id='word_1_539' title='bbox 1086 2264 1318 2301; x_wconf 84' lang='lat' dir='ltr'><strong>infelicitatis</strong></span> <span class='ocrx_word' id='word_1_540' title='bbox 1345 2277 1434 2302; x_wconf 64' lang='lat' dir='ltr'><strong>sure.</strong></span> <span class='ocrx_word' id='word_1_541' title='bbox 1461 2266 1636 2313; x_wconf 89' lang='lat' dir='ltr'><strong>Teipsum</strong></span> <span class='ocrx_word' id='word_1_542' title='bbox 1671 2278 1761 2313; x_wconf 82' lang='lat' dir='ltr'><strong>crgo</strong></span> 
     </span>
     <span class='ocr_line' id='line_1_102' title="bbox 973 2312 1762 2361; baseline 0.004 -14"><span class='ocrx_word' id='word_1_543' title='bbox 973 2312 1055 2348; x_wconf 87' lang='lat' dir='ltr'><strong>sine</strong></span> <span class='ocrx_word' id='word_1_544' title='bbox 1082 2312 1290 2349; x_wconf 85' lang='lat' dir='ltr'><strong>cessatione</strong></span> <span class='ocrx_word' id='word_1_545' title='bbox 1325 2313 1533 2360; x_wconf 82' lang='lat' dir='ltr'><strong>considera,</strong></span> <span class='ocrx_word' id='word_1_546' title='bbox 1553 2318 1590 2350; x_wconf 87' lang='lat' dir='ltr'><strong>et</strong></span> <span class='ocrx_word' id='word_1_547' title='bbox 1613 2325 1762 2361; x_wconf 87' lang='lat' dir='ltr'><strong>semper</strong></span> 
     </span>
     <span class='ocr_line' id='line_1_103' title="bbox 973 2359 1759 2407; baseline 0.003 -12"><span class='ocrx_word' id='word_1_548' title='bbox 973 2359 1055 2396; x_wconf 88' lang='lat' dir='ltr'><strong>sine</strong></span> <span class='ocrx_word' id='word_1_549' title='bbox 1090 2359 1331 2397; x_wconf 86' lang='lat' dir='ltr'><strong>simulatione</strong></span> <span class='ocrx_word' id='word_1_550' title='bbox 1367 2361 1546 2407; x_wconf 77' lang='lat' dir='ltr'><strong>diJudica.</strong></span> <span class='ocrx_word' id='word_1_551' title='bbox 1584 2364 1623 2398; x_wconf 91' lang='lat' dir='ltr'><strong>In</strong></span> <span class='ocrx_word' id='word_1_552' title='bbox 1658 2362 1759 2397; x_wconf 91' lang='lat' dir='ltr'><strong>omni</strong></span> 
     </span>
     <span class='ocr_line' id='line_1_104' title="bbox 972 2407 1760 2453; baseline 0.003 -10"><span class='ocrx_word' id='word_1_553' title='bbox 972 2411 1057 2443; x_wconf 85' lang='lat' dir='ltr'><strong>actu</strong></span> <span class='ocrx_word' id='word_1_554' title='bbox 1094 2411 1172 2452; x_wconf 90' lang='lat' dir='ltr'><strong>tuo,</strong></span> <span class='ocrx_word' id='word_1_555' title='bbox 1196 2407 1234 2444; x_wconf 88' lang='lat' dir='ltr'><strong>in</strong></span> <span class='ocrx_word' id='word_1_556' title='bbox 1264 2408 1367 2444; x_wconf 92' lang='lat' dir='ltr'><strong>omni</strong></span> <span class='ocrx_word' id='word_1_557' title='bbox 1402 2409 1589 2445; x_wconf 89' lang='lat' dir='ltr'><strong>locutione</strong></span> <span class='ocrx_word' id='word_1_558' title='bbox 1624 2413 1699 2453; x_wconf 88' lang='lat' dir='ltr'><strong>tua,</strong></span> <span class='ocrx_word' id='word_1_559' title='bbox 1723 2413 1760 2445; x_wconf 85' lang='lat' dir='ltr'><strong>et</strong></span> 
     </span>
     <span class='ocr_line' id='line_1_105' title="bbox 972 2455 1759 2502; baseline 0.001 -12"><span class='ocrx_word' id='word_1_560' title='bbox 972 2455 1010 2491; x_wconf 88' lang='lat' dir='ltr'><strong>in</strong></span> <span class='ocrx_word' id='word_1_561' title='bbox 1036 2455 1139 2491; x_wconf 88' lang='lat' dir='ltr'><strong>omni</strong></span> <span class='ocrx_word' id='word_1_562' title='bbox 1173 2456 1402 2501; x_wconf 88' lang='lat' dir='ltr'><strong>cogitatione</strong></span> <span class='ocrx_word' id='word_1_563' title='bbox 1428 2460 1493 2492; x_wconf 90' lang='lat' dir='ltr'><strong>tua</strong></span> <span class='ocrx_word' id='word_1_564' title='bbox 1520 2456 1679 2502; x_wconf 87' lang='lat' dir='ltr'><strong>teipsum</strong></span> <span class='ocrx_word' id='word_1_565' title='bbox 1705 2467 1759 2491; x_wconf 87' lang='lat' dir='ltr'><strong>re-</strong></span> 
     </span>
     <span class='ocr_line' id='line_1_106' title="bbox 971 2503 1759 2550; baseline 0.001 -12"><span class='ocrx_word' id='word_1_566' title='bbox 971 2503 1178 2549; x_wconf 86' lang='lat' dir='ltr'><strong>prehende,</strong></span> <span class='ocrx_word' id='word_1_567' title='bbox 1202 2507 1238 2539; x_wconf 89' lang='lat' dir='ltr'><strong>et</strong></span> <span class='ocrx_word' id='word_1_568' title='bbox 1264 2503 1301 2538; x_wconf 91' lang='lat' dir='ltr'><strong>in</strong></span> <span class='ocrx_word' id='word_1_569' title='bbox 1340 2507 1375 2539; x_wconf 89' lang='lat' dir='ltr'><strong>te</strong></span> <span class='ocrx_word' id='word_1_570' title='bbox 1403 2514 1552 2550; x_wconf 88' lang='lat' dir='ltr'><strong>semper</strong></span> <span class='ocrx_word' id='word_1_571' title='bbox 1578 2513 1759 2549; x_wconf 83' lang='lat' dir='ltr'><strong>compun-</strong></span> 
     </span>
     <span class='ocr_line' id='line_1_107' title="bbox 972 2549 1754 2594; baseline 0 -8"><span class='ocrx_word' id='word_1_572' title='bbox 972 2549 1108 2586; x_wconf 88' lang='lat' dir='ltr'><strong>ctionis</strong></span> <span class='ocrx_word' id='word_1_573' title='bbox 1149 2551 1328 2587; x_wconf 86' lang='lat' dir='ltr'><strong>materias</strong></span> <span class='ocrx_word' id='word_1_574' title='bbox 1373 2551 1524 2587; x_wconf 88' lang='lat' dir='ltr'><strong>studeas</strong></span> <span class='ocrx_word' id='word_1_575' title='bbox 1565 2550 1754 2594; x_wconf 82' lang='lat' dir='ltr'><strong>invenire,</strong></span> 
     </span>
     <span class='ocr_line' id='line_1_108' title="bbox 972 2598 1755 2645; baseline -0.003 -11"><span class='ocrx_word' id='word_1_576' title='bbox 972 2598 1172 2644; x_wconf 86' lang='lat' dir='ltr'><strong>cogitando</strong></span> <span class='ocrx_word' id='word_1_577' title='bbox 1215 2598 1319 2645; x_wconf 92' lang='lat' dir='ltr'><strong>quod</strong></span> <span class='ocrx_word' id='word_1_578' title='bbox 1371 2599 1483 2634; x_wconf 89' lang='lat' dir='ltr'><strong>etiam</strong></span> <span class='ocrx_word' id='word_1_579' title='bbox 1531 2599 1643 2640; x_wconf 89' lang='lat' dir='ltr'><strong>bona,</strong></span> <span class='ocrx_word' id='word_1_580' title='bbox 1672 2608 1755 2643; x_wconf 71' lang='lat' dir='ltr'><strong>qum</strong></span> 
     </span>
     <span class='ocr_line' id='line_1_109' title="bbox 972 2645 1754 2692; baseline -0.001 -11"><span class='ocrx_word' id='word_1_581' title='bbox 972 2645 1078 2689; x_wconf 84' lang='lat' dir='ltr'><strong>sacis,</strong></span> <span class='ocrx_word' id='word_1_582' title='bbox 1099 2656 1174 2682; x_wconf 90' lang='lat' dir='ltr'><strong>non</strong></span> <span class='ocrx_word' id='word_1_583' title='bbox 1208 2649 1293 2682; x_wconf 90' lang='lat' dir='ltr'><strong>sunt</strong></span> <span class='ocrx_word' id='word_1_584' title='bbox 1331 2646 1378 2681; x_wconf 93' lang='lat' dir='ltr'><strong>ad</strong></span> <span class='ocrx_word' id='word_1_585' title='bbox 1410 2646 1560 2692; x_wconf 87' lang='lat' dir='ltr'><strong>plenum</strong></span> <span class='ocrx_word' id='word_1_586' title='bbox 1589 2649 1754 2689; x_wconf 73' lang='lat' dir='ltr'><strong>excocta,</strong></span> 
     </span>
     <span class='ocr_line' id='line_1_110' title="bbox 972 2691 1754 2738; baseline -0.001 -9"><span class='ocrx_word' id='word_1_587' title='bbox 972 2704 1040 2729; x_wconf 86' lang='lat' dir='ltr'><strong>nec</strong></span> <span class='ocrx_word' id='word_1_588' title='bbox 1061 2693 1124 2729; x_wconf 93' lang='lat' dir='ltr'><strong>illo</strong></span> <span class='ocrx_word' id='word_1_589' title='bbox 1153 2694 1298 2730; x_wconf 87' lang='lat' dir='ltr'><strong>fervore</strong></span> <span class='ocrx_word' id='word_1_590' title='bbox 1326 2703 1398 2738; x_wconf 91' lang='lat' dir='ltr'><strong>quo</strong></span> <span class='ocrx_word' id='word_1_591' title='bbox 1428 2693 1608 2728; x_wconf 81' lang='lat' dir='ltr'><strong>deberent</strong></span> <span class='ocrx_word' id='word_1_592' title='bbox 1642 2691 1754 2735; x_wconf 78' lang='lat' dir='ltr'><strong>sacta,</strong></span> 
     </span>
     <span class='ocr_line' id='line_1_111' title="bbox 972 2738 1753 2786; baseline -0.003 -9"><span class='ocrx_word' id='word_1_593' title='bbox 972 2741 1038 2777; x_wconf 89' lang='lat' dir='ltr'><strong>sed</strong></span> <span class='ocrx_word' id='word_1_594' title='bbox 1071 2741 1197 2777; x_wconf 90' lang='lat' dir='ltr'><strong>multis</strong></span> <span class='ocrx_word' id='word_1_595' title='bbox 1224 2740 1417 2786; x_wconf 87' lang='lat' dir='ltr'><strong>inquinata</strong></span> <span class='ocrx_word' id='word_1_596' title='bbox 1439 2738 1693 2785; x_wconf 82' lang='lat' dir='ltr'><strong>negligentiis,</strong></span> <span class='ocrx_word' id='word_1_597' title='bbox 1714 2744 1753 2775; x_wconf 91' lang='lat' dir='ltr'><strong>ut</strong></span> 
     </span>
     <span class='ocr_line' id='line_1_112' title="bbox 972 2787 1756 2835; baseline -0.004 -10"><span class='ocrx_word' id='word_1_598' title='bbox 972 2788 1106 2825; x_wconf 90' lang='lat' dir='ltr'><strong>merito</strong></span> <span class='ocrx_word' id='word_1_599' title='bbox 1125 2787 1249 2825; x_wconf 90' lang='lat' dir='ltr'><strong>omnis</strong></span> <span class='ocrx_word' id='word_1_600' title='bbox 1265 2787 1412 2835; x_wconf 74' lang='lat' dir='ltr'><strong>Justitia</strong></span> <span class='ocrx_word' id='word_1_601' title='bbox 1430 2791 1492 2824; x_wconf 88' lang='lat' dir='ltr'><strong>tua</strong></span> <span class='ocrx_word' id='word_1_602' title='bbox 1510 2797 1636 2834; x_wconf 83' lang='lat' dir='ltr'><strong>panno</strong></span> <span class='ocrx_word' id='word_1_603' title='bbox 1653 2797 1756 2823; x_wconf 90' lang='lat' dir='ltr'><strong>men-</strong></span> 
     </span>
    </p>
   </div>
  </div>
 </body>
</html>
