1902 3126
353 161 546 194 JOANNES
583 159 608 192 A
645 158 730 191 ΠΕΟ
768 157 930 191 MISSUS
968 157 1104 192 VENlT
1140 159 1195 193 AD
1232 160 1472 194 PUBLICL'M.
1680 164 1736 196 159

96 229 223 278 positi,
251 230 289 266 in
317 229 485 276 quolibet
511 228 692 267 nostrum.
723 226 818 278 sicut
838 225 875 260 in

96 278 264 322 Christo;
287 277 352 313 sed
373 273 656 320 intelligendum
678 273 715 308 in
734 275 875 308 unitate

95 329 242 362 naturae
273 325 461 365 humanae,
490 331 602 366 quam
634 330 874 356 communem

95 372 290 409 nobiscum
309 368 544 412 habuit‚cum
554 377 627 413 qua
640 367 875 403 mansionem

122 422 318 466 erpetuam
340 415 446 459 iniit;
469 414 524 450 vel
547 414 727 450 habitavit
750 414 787 449 in
808 425 874 450 no-

94 429 168 511 fiis,
186 465 224 501 id
245 467 301 500 est
317 463 415 498 inter
434 472 502 498 nos
518 461 555 497 in
571 462 723 504 mundo,
748 472 877 497 secun-

95 512 186 549 dum
199 511 293 548 illud
304 509 450 546 Baruch
474 520 482 544 :
504 511 547 545 In
564 511 669 544 terris
690 510 791 544 visus
809 512 874 549 est,

93 562 127 596 et
152 569 232 595 cum
252 557 459 593 hominibus
485 559 720 592 conversatus
741 560 806 591 est.
833 577 875 582 —

92 605 286 643 Moratiter
301 607 425 651 potest
447 603 561 639 etiam
584 603 740 649 intelligi
764 603 809 639 de
827 602 879 639 in-

91 651 326 690 habitatione
339 651 587 697 mentali‚qua
599 652 695 687 Deus
715 654 878 686 mentem

91 699 278 737 inhabitat
304 709 371 746 per
393 698 567 744 gratiam.
594 700 637 733 Et
661 699 738 734 liaec
766 697 878 734 Verbi

92 746 316 784 inhabitatio
354 745 530 781 mentalis
570 746 665 782 bene
711 745 881 791 sequitur

93 794 175 848 eJus
212 792 527 830 inhabitationem
559 791 767 835 carnalem,
807 802 881 838 qua

91 840 269 878 videlicet
293 850 376 876 caro
396 841 539 884 factum
563 843 629 881 est,
661 839 759 875 sicut.
789 840 879 875 etse-

93 892 175 926 ctus
208 887 379 934 sequitur
413 897 519 923 suam
550 897 701 922 causam
728 898 734 921 :
759 897 802 922 ex
835 897 879 922 eo

93 935 195 974 enim
230 934 331 989 quod
358 935 524 970 Verbum
547 937 602 969 est
627 933 880 977 incarnatum,

119 986 268 1020 rovenit
286 981 395 1018 nobis
410 981 500 1017 illud
519 981 658 1017 bonum
675 980 879 1016 inaestima-

120 1030 184 1075 ile,
206 1030 306 1076 quod
328 1029 428 1065 idem
449 1029 613 1064 Verbum
635 1039 704 1064 nos
731 1027 878 1065 inhabi-

92 1080 150 1115 tat
168 1076 398 1113 mentaliter.

142 1139 164 1173 9
191 1125 461 1160 MANJFEs‘rATio
492 1133 630 1158 GLORUE
654 1122 812 1160 CuiusTI.
835 1143 880 1149 —

95 1173 145 1210 Et
163 1172 325 1207 vidimus
339 1172 496 1215 gloriam
510 1170 604 1214 ejus,
622 1169 658 1205 id
673 1174 727 1205 est
745 1181 880 1215 cogno-

93 1218 218 1256 vimus
233 1219 469 1264 majestatem
481 1217 686 1263 gloriosam
702 1217 879 1252 divinita-

95 1265 168 1310 tis;
190 1266 347 1311 qlorz‘am
363 1267 484 1310 quasi,
508 1264 546 1299 id
567 1268 623 1299 est
639 1275 726 1299 vere
753 1266 881 1308 Undae-

97 1315 171 1350 niti
199 1324 222 1348 a
241 1314 367 1356 Patre,
386 1311 423 1347 id
442 1314 497 1347 est
518 1310 629 1347 unius
655 1315 692 1346 et
711 1312 880 1354 ejusdem

97 1370 183 1397 cum
203 1371 248 1396 eo
268 1363 425 1396 naturae.
443 1358 592 1402 Videre,
613 1358 795 1404 accipitur
814 1369 880 1404 pro

96 1407 243 1444 visione
275 1405 476 1453 corporali,
505 1408 541 1441 et
574 1416 640 1451 pro
669 1405 881 1450 cognitione

96 1453 325 1500 intelligibili
340 1466 348 1497 ς
363 1457 400 1489 et
415 1457 576 1498 utroque
592 1452 703 1488 modo
714 1452 880 1495 videndi,

95 1502 310 1539 habuerunt
338 1502 518 1544 Joannes,
551 1503 587 1535 et
619 1499 681 1534 alii
714 1499 881 1545 Apostoli

96 1549 272 1586 notitiam
306 1547 418 1584 Verbi
451 1546 651 1590 incarnati,
680 1547 769 1592 quia
795 1557 881 1582 cum

97 1595 180 1644 ipso
203 1596 355 1632 fuerunt
381 1593 628 1640 corporaliter
651 1593 880 1638 conversati,

98 1646 137 1681 et
155 1642 208 1679 sic
227 1642 401 1678 viderunt
414 1640 654 1684 sensibiliter,
673 1651 788 1686 opera
806 1643 880 1676 vir-

98 1693 218 1728 tutem
250 1689 367 1725 totius
398 1691 543 1724 naturae
578 1687 810 1732 excedentia,
840 1699 882 1724 ex

99 1737 236 1785 quibus
267 1736 349 1772 visu
388 1735 524 1772 mentis
559 1739 811 1781 perceperunt
847 1739 882 1771 et

98 1784 366 1822 intellexerunt
380 1783 586 1819 divinitatis
599 1783 680 1829 ejus
702 1783 884 1818 excellen-

98 1832 192 1869 tiam
226 1831 266 1867 in
301 1841 415 1867 carne
447 1831 640 1873 latentem,
672 1841 784 1876 quam
814 1841 882 1876 pro

98 1878 322 1917 infirmitate
363 1877 488 1914 carnis
528 1877 686 1914 visibilis
731 1877 882 1923 superbi

101 1927 257 1964 credere
288 1925 503 1961 noluerunt.
540 1924 706 1960 Gloriam
747 1924 884 1971 quippe

101 1974 214 2011 Verbi
243 1975 503 2019 cognoverunt
541 1971 728 2017 discipuli,
758 1971 796 2007 in
824 1982 882 2007 sa-

100 2020 242 2069 pientia
264 2019 466 2063 doctrinae;
491 2022 528 2055 et
548 2019 635 2064 quia
649 2019 881 2060 erattloeens,

100 2070 195 2105 sicut
224 2070 456 2114 postestatem
493 2067 641 2107 habens,
670 2070 705 2101 et
730 2066 884 2112 propria

101 2114 326 2153 auctoritate
350 2114 529 2160 loquens3
558 2113 732 2149 similiter
752 2112 791 2148 in
813 2112 882 2148 mi-

101 2162 317 2200 raculorum
341 2161 576 2208 operatione,
601 2164 638 2196 et
665 2160 753 2206 quia
777 2171 881 2196 crea-

102 2212 197 2247 turae
230 2209 459 2246 obediebant
486 2209 519 2244 ei
541 2208 588 2244 ad
615 2212 762 2251 nutum,
788 2209 883 2243 sicut

102 2256 262 2294 Domino
277 2260 314 2293 et
327 2256 514 2299 Creatori;
539 2266 605 2291 nec
628 2254 751 2290 nonin
766 2258 884 2290 trans-

100 2303 341 2350 figuratione,
371 2304 406 2339 in
428 2302 619 2350 possione,
647 2301 685 2337 in
716 2312 882 2338 resurre-

103 2351 240 2395 ctione,
270 2351 309 2386 in
333 2350 568 2394 ascensione,
595 2354 631 2386 et
659 2349 696 2384 in
725 2349 884 2394 Spiritus

103 2398 230 2436 Sancti
245 2397 435 2433 missione.
448 2399 607 2444 Propter
619 2397 718 2443 quod
728 2397 855 2433 dicens
873 2409 881 2433 ε

103 2447 149 2483 Et
168 2445 329 2481 vidimus
345 2444 504 2490 gloriam
525 2445 619 2490 ejus,
640 2444 763 2480 subdit
777 2445 882 2490 quasi

104 2493 324 2540 exponendo
352 2493 447 2528 hanc
473 2491 645 2538 gloriam,
669 2491 774 2537 quasi
798 2492 884 2528 Uni-

104 2539 220 2587 geniti
245 2550 268 2576 a
289 2541 412 2584 Patre,
439 2539 475 2575 id
503 2541 571 2583 est,
598 2550 672 2574 non
701 2550 766 2584 per
793 2539 885 2575 ado-

104 2586 286 2635 ptionem,
327 2587 393 2623 sed
433 2597 563 2622 revera
598 2586 786 2632 L'nigeniti
822 2597 888 2633 per

105 2638 295 2678 naturam,
319 2638 355 2671 et
375 2634 597 2670 naturaliter
617 2634 664 2669 ab
691 2645 734 2670 eo
757 2644 887 2680 proce-

105 2681 242 2726 dentis,
266 2685 305 2718 et
323 2692 391 2729 per
410 2692 647 2727 consequens
672 2681 719 2717 ab
747 2685 887 2718 interno

106 2729 278 2766 eamdem
307 2733 480 2766 naturam
514 2739 669 2764 numero
697 2739 782 2764 cum
808 2728 888 2775 ipso

107 2775 295 2814 habentis.
319 2778 360 2813 Et
381 2775 532 2813 attende
555 2776 652 2823 quod
672 2775 761 2812 illud
783 2778 890 2822 quasi

952 235 1027 261 non
1045 226 1197 271 ponitur
1217 228 1276 264 hic
1302 230 1348 266 ad
1370 230 1659 276 signiticandum
1684 231 1735 268 si-

951 271 1199 326 militudinem
1233 276 1424 313 filiationis
1459 278 1615 320 divitum
1647 278 1736 332 quia

951 329 1027 354 non
1046 323 1102 355 est
1123 320 1183 355 hic
1202 324 1457 368 expressivum
1479 325 1736 362 similitudinis

950 365 1007 402 vel
1029 368 1334 413 comparationis,
1353 372 1417 406 sed
1436 372 1602 408 veritatis
1622 377 1659 409 et
1672 385 1736 410 ex-

950 413 1170 459 pressionis.
1206 416 1258 451 Ac
1297 416 1326 451 si
1369 418 1481 461 dicat,
1531 421 1736 456 secundum

952 461 1255 505 Chrysostomum,
1278 462 1438 499 vidimus
1463 466 1622 510 gloriam
1644 478 1736 513 qua-

951 507 1025 544 lem
1037 507 1208 552 decebat,
1224 512 1260 545 et
1275 511 1502 547 conveniens
1519 517 1575 548 est
1597 515 1737 551 habere

953 554 1189 600 unigenitum
1212 555 1345 592 filium.
1369 558 1412 592 Et
1439 563 1508 601 est,
1532 561 1737 597 secundum

954 602 1143 644 eumdem,
1178 603 1312 639 modus
1347 604 1539 650 loquendi,
1579 606 1674 643 sicut
1705 607 1736 643 si

955 648 1091 695 aliquis
1109 649 1262 686 vidisset
1275 652 1415 696 Regem
1425 652 1532 687 valde
1546 657 1737 698 ornatum,

955 699 993 733 et
1013 696 1050 732 in
1072 696 1267 743 multiplici
1288 698 1409 744 gloria
1426 698 1680 744 incedentem,
1703 705 1739 736 et

955 743 1139 790 incipiens
1155 744 1201 781 de
1216 745 1287 781 hoc
1304 745 1388 781 aliis
1405 756 1574 790 narrare,
1589 757 1657 783 nec
1676 757 1739 784 va-

956 790 1038 827 lens
1058 794 1177 828 totum
1193 796 1416 839 apparatum
1437 797 1472 829 et
1495 797 1649 830 ornatus
1665 794 1739 830 cla-

957 837 1108 874 ritatem
1135 850 1372 884 enumerare,
1396 839 1537 876 diceret
1556 840 1640 877 aliis
1657 840 1710 877 sic
1729 853 1737 876 ε

958 885 1052 928 Quid
1074 890 1223 932 oportet
1243 888 1361 923 multa
1375 887 1651 931 dicere?Quasi
1664 889 1741 924 Rex

958 932 1049 977 ibat,
1069 932 1106 969 id
1129 937 1185 969 est
1208 933 1303 970 sicut
1323 934 1479 971 decebat
1508 936 1668 981 Regem;
1690 935 1743 972 ita

957 983 994 1016 et
1026 979 1087 1016 hic
1114 981 1366 1026 Evangelista,
1403 992 1487 1018 cum
1514 993 1589 1018 non
1614 986 1743 1029 posset

957 1028 1028 1064 sub
1065 1027 1169 1064 brevi
1206 1039 1394 1073 sermone,
1425 1029 1551 1065 omnia
1584 1040 1669 1075 quae
1696 1030 1743 1066 de

957 1075 1077 1121 gloria
1118 1075 1229 1111 Verbi
1264 1080 1491 1122 cognoverat
1527 1087 1740 1113 enarrare:

957 1125 1047 1168 puta
1074 1122 1264 1168 quomodo
1296 1123 1428 1169 Angeli
1457 1123 1579 1169 ipsum
1602 1123 1743 1169 glorifi-

958 1173 1148 1214 caverant,
1171 1174 1208 1205 ut
1231 1170 1343 1215 servi,
1364 1174 1549 1216 pastores,
1564 1171 1661 1217 Magi
1674 1171 1740 1208 ad-

957 1216 1058 1252 ducti
1079 1227 1146 1263 per
1161 1217 1324 1261 stellam,
1340 1218 1532 1254 dtemones
1543 1218 1590 1254 de
1609 1229 1739 1265 corpo-

957 1263 1062 1300 ribus
1076 1263 1233 1310 expulsi,
1246 1265 1381 1300 mortui
1394 1265 1579 1309 suscitati,
1596 1265 1739 1302 infirmi

958 1310 1090 1355 curati,
1121 1314 1158 1347 et
1183 1311 1258 1347 alia
1283 1323 1396 1359 supra
1410 1313 1489 1358 jam
1515 1316 1739 1356 memorata,

958 1361 995 1394 et
1020 1358 1186 1394 breviter
1206 1361 1330 1395 omnis
1356 1364 1529 1395 creatura
1551 1360 1741 1405 cognovit,

957 1408 993 1441 et
1002 1405 1176 1441 clamavit
1186 1407 1324 1452 Regem
1334 1407 1514 1443 coelorum
1524 1406 1722 1443 advenisse
1734 1418 1742 1449 ;

958 1451 1034 1488 imo
1065 1456 1102 1488 et
1142 1454 1253 1488 Pater
1287 1454 1334 1489 de
1361 1453 1480 1498 coelis,
1514 1457 1550 1489 et
1583 1453 1743 1500 Spiritus

959 1500 1116 1536 Sanctus
1135 1510 1248 1546 super
1267 1499 1390 1546 ipsum
1412 1500 1580 1542 veniens,
1598 1502 1669 1537 hoc
1688 1504 1743 1537 te-

959 1545 1045 1582 stati
1067 1550 1169 1582 sunt.
1201 1548 1286 1583 Haec
1313 1551 1349 1583 et
1376 1547 1525 1583 infinita
1545 1548 1634 1592 alia,
1662 1548 1743 1594 glo-

958 1592 1054 1629 riam
1073 1592 1186 1629 Verbi
1207 1594 1439 1638 attestantia,
1459 1595 1624 1631 breviter
1644 1605 1744 1631 com-

959 1641 1200 1687 prehendens
1223 1643 1404 1688 Joannes,
1435 1641 1525 1677 dicit
1549 1653 1555 1677 :
1581 1644 1626 1678 Et
1645 1641 1742 1678 vidi-

960 1698 1045 1724 mus
1081 1687 1242 1733 gloriam
1290 1689 1384 1735 ejus,
1431 1688 1591 1736 gloriam
1636 1689 1743 1736 quasi

960 1734 1181 1781 Unigenitia
1200 1737 1325 1780 Patre,
1337 1736 1375 1772 id
1390 1740 1446 1772 est
1465 1736 1579 1772 talem
1594 1737 1744 1783 qualem

960 1783 1068 1819 decet
1104 1781 1349 1828 Unigenitum
1370 1783 1450 1820 Dei.
1475 1785 1537 1820 Est
1565 1795 1656 1830 ergo
1679 1784 1742 1820 Dei

960 1830 1094 1874 Filius;
1113 1830 1220 1876 juxta
1237 1830 1444 1867 divinitatis
1469 1831 1742 1875 excellentiam,

960 1877 1183 1924 Unigenitus
1204 1889 1226 1914 a
1252 1879 1384 1922 Patre,
1409 1879 1514 1924 juxta
1534 1880 1744 1915 fraternam

959 1936 1048 1961 vero
1061 1924 1296 1969 societatem,
1308 1926 1590 1971 Primogenitus
1608 1926 1645 1961 in
1662 1936 1746 1972 gra-

961 1972 1025 2008 tia.
1049 1972 1140 2008 Inde
1160 1977 1216 2008 est
1233 1972 1333 2018 quod
1354 1972 1471 2008 frater
1492 1977 1744 2019 nuncupatur,

960 2023 997 2055 et
1017 2018 1198 2055 Dominus
1221 2032 1231 2054 :
1254 2020 1384 2063 frater,
1407 2019 1493 2065 quia
1515 2019 1745 2066 primogeni-

959 2070 1045 2110 tus;
1075 2066 1268 2110 Dominus,
1288 2066 1378 2112 quia
1399 2066 1632 2112 Unigenitus.
1656 2068 1748 2113 Cog-

959 2113 1051 2150 nitio
1083 2117 1209 2150 autem
1246 2113 1357 2150 Verbi
1393 2114 1598 2159 incarnati,
1631 2125 1748 2161 quam

958 2161 1173 2197 habuerunt
1195 2161 1364 2207 Apostoli
1385 2164 1422 2197 et
1446 2161 1655 2207 credentes,
1677 2161 1748 2198 fuit

960 2211 1141 2254 quantum
1170 2208 1219 2244 ad
1243 2212 1441 2254 utramque
1464 2213 1652 2253 naturam,
1675 2208 1747 2245 sei-

959 2256 1045 2292 licet
1080 2255 1260 2299 divinam‚
1294 2259 1332 2292 et
1366 2256 1592 2300 humanam;
1627 2267 1747 2303 quan-

958 2307 1038 2339 tum
1062 2313 1152 2349 ergo
1172 2303 1220 2339 ad
1247 2302 1413 2339 divinam
1434 2303 1521 2339 dicit
1547 2319 1554 2340 :
1584 2305 1629 2340 Et
1653 2303 1748 2340 vidi-

960 2361 1042 2387 mus
1069 2349 1229 2397 gloriam
1258 2351 1354 2397 ejus,
1383 2350 1489 2397 quasi
1520 2350 1705 2397 Unigeniti
1726 2362 1750 2388 a

961 2399 1090 2442 Patre;
1126 2397 1192 2434 sed
1225 2402 1407 2444 quantum
1444 2398 1490 2434 ad
1527 2398 1748 2442 humanam,

960 2444 1164 2491 subiungit,
1206 2449 1243 2481 et
1280 2445 1440 2482 vidimus
1480 2456 1567 2481 eum
1603 2447 1749 2491 plenum

961 2492 1050 2539 quia
1086 2494 1229 2538 qratiae,
1268 2492 1307 2529 id
1349 2497 1405 2529 est
1443 2492 1748 2535 charismatibus,

962 2539 1089 2577 omnia
1117 2539 1216 2576 dona
1247 2539 1407 2586 Spiritus
1435 2539 1574 2582 Sancti,
1606 2540 1751 2591 absque

963 2598 1140 2624 mensura
1154 2587 1308 2634 recepit,
1321 2592 1353 2624 et
1371 2589 1548 2626 veritatis,
1563 2597 1651 2632 quia
1666 2596 1750 2632 pro-

962 2636 1078 2672 missa
1116 2634 1347 2682 adimplevit.
1388 2636 1432 2670 Et
1470 2634 1559 2669 dicit
1596 2634 1750 2679 plenum

963 2682 1109 2730 gratiae,
1144 2682 1191 2719 ad
1229 2681 1483 2719 exhaurienda
1517 2684 1681 2726 peccata,
1711 2683 1749 2717 et

963 2730 1116 2777 plenum
1142 2729 1323 2774 veritatis,
1359 2729 1406 2765 ad
1434 2728 1626 2775 implenda
1663 2737 1750 2773 pro-

965 2777 1092 2823 missa,
1119 2779 1157 2814 et
1184 2788 1271 2814 vere
1298 2777 1463 2824 plenum,
1487 2777 1573 2821 ιμιία
1596 2776 1634 2810 in
1656 2777 1749 2821 ipso,
