1902 3126
181 165 224 198 00
700 160 844 194 1¹1thAE
881 162 1034 198 PARTIS
1073 163 1208 198 CAPUT
1247 163 1296 196 Xl

185 233 382 283 qustinus:
406 228 546 272 «Quid
577 227 648 264 erit
674 228 838 266 tribuual
858 231 955 277 Judi-

186 277 319 320 cantis,
342 276 491 323 quando
513 276 695 329 superbos
723 287 832 323 reges
858 288 955 314 cuna

184 324 353 361 terrebat
409 322 588 359 infantis?
634 303 807 360 Tiineant
856 336 956 361 nunc

185 381 296 417 reges
327 369 372 406 ad
408 369 531 406 Patris
562 370 753 423 dexteram
787 372 866 417 Jam
900 383 955 407 sc-

185 418 362 461 dentem,
406 427 517 462 quem
556 427 621 453 rex
659 416 795 463 impius
833 418 956 454 timuit

187 465 309 501 adhuc
337 463 467 500 matris
491 464 608 500 ubera
631 463 884 501 labentem.»
914 466 958 500 Et

185 522 263 548 non
298 511 418 547 solum
452 512 623 547 turbatus
666 514 720 547 est
760 512 851 557 ipse,
890 512 956 548 sed

186 562 220 594 et
251 560 367 594 omnis
394 559 618 603 Jerosolyma
643 569 721 593 cum
748 560 826 601 illo,
849 558 957 594 novi-

185 608 262 641 tate
283 604 453 641 miraculi
484 615 674 657 percussa,
695 608 731 641 et
751 605 875 641 favere
896 616 958 640 vo-

186 653 267 688 lens
288 651 439 695 Herodi,
457 662 567 697 quem
587 651 755 696 timebat,
779 652 866 698 quia
887 651 957 687 sibi

185 700 365 752 subjecta.
407 700 512 745 Saepe
547 698 646 735 enim
683 699 842 745 populus
876 700 958 745 plus

186 746 241 782 eis
269 746 406 792 injuste
436 746 534 781 favet
563 756 656 798 quos
683 746 853 782 crudeles
876 756 956 781 sus-

187 793 313 829 tinet:
333 793 432 829 unde
459 803 523 828 rex
550 792 711 837 inJ'ustus
732 803 864 828 omnes
888 792 956 828 mi-

186 839 326 876 nistros
359 840 472 876 habet
505 839 639 885 impios
664 843 700 875 et
727 840 954 875 adulatores.

188 887 400 923 Secundum
427 897 522 939 ergo
555 888 857 930 chrysostomum,
883 889 959 921 tur-

186 934 297 970 batur
333 932 456 969 omnis
476 915 727 978 DJerosolyma
759 943 843 969 cum
877 932 957 976 illo,

186 981 243 1016 vel
283 991 395 1016 causa
431 980 669 1023 adulationis,
703 980 761 1015 vel
797 979 956 1015 timoris.

186 1027 400 1063 Turbantur
425 1026 537 1062 etiam
559 1026 620 1061 ille
642 1007 678 1061 e⁷t
703 1025 778 1069 isti,
806 1026 894 1072 quia
914 1026 960 1062 de

188 1073 352 1109 adventu
375 1072 467 1119 Justi
502 1083 579 1108 non
611 1076 768 1118 possunt
794 1073 960 1118 gaudere

187 1119 318 1166 iniqui.
332 1120 398 1155 Vel
414 1119 630 1165 accipiendo
650 1119 710 1154 hic
727 1123 872 1166 partem
891 1130 959 1165 pro

186 1170 280 1211 toto,
314 1166 436 1202 omnis
467 1166 700 1212 Jerosolyma
740 1166 960 1212 intelligitur

186 1213 253 1249 illa
272 1223 373 1259 pars,
398 1224 481 1259 quae
503 1212 572 1249 sibi
593 1214 758 1256 t‘avebat3
785 1213 837 1248 sic
859 1223 959 1248 com-

187 1260 351 1296 muniter
371 1259 508 1296 dicitur
532 1260 683 1304 quando
717 1260 879 1306 maj0res
909 1259 959 1295 ci-

184 1306 309 1343 vitatis
358 1307 498 1353 aliquid
537 1306 699 1349 faciunt,
739 1306 837 1352 quod
882 1310 962 1342 tota

187 1353 317 1390 civitas
348 1353 441 1390 illud
471 1353 578 1397 facit,
602 1353 654 1389 510
684 1353 722 1388 111
751 1353 958 1400 proposito,

187 1400 250 1447 qui
276 1404 383 1436 erant
406 1400 545 1437 ibidem
575 1401 750 1446 maj0res‚
771 1403 807 1436 et
841 1400 880 1436 in
905 1411 961 1436 re-

186 1447 333 1494 galibus
370 1447 503 1484 officiis
537 1448 768 1491 assistentes,
792 1447 850 1483 illi.
877 1458 959 1484 cum

187 1505 276 1540 rege
330 1495 469 1530 turbati
519 1498 617 1530 sunt.
654 1497 701 1530 Et
739 1505 961 1540 conqreyans

189 1552 310 1577 omnes
327 1543 513 1586 Principes
529 1542 756 1576 sacerdotum
770 1545 803 1576 et
813 1543 961 1578 Scribas

183 1590 328 1634 populi,
366 1588 555 1634 sapientes
579 1588 812 1631 Judaeorum,
836 1590 960 1624 scisci-

187 1636 337 1671 tabatur
352 1636 397 1670 ab
420 1637 469 1670 eis
486 1635 549 1670 ubi
563 1636 726 1671 Christus
739 1639 958 1670 nasceretur.

188 1683 282 1726 Quia
302 1681 402 1718 enim
415 1682 564 1717 volebat
581 1682 767 1717 Christum
788 1682 959 1728 perdere,

188 1729 273 1765 ideo
288 1728 429 1765 studuit
444 1729 489 1764 de
505 1729 585 1764 1000
601 1728 806 1764 nativitatis
824 1728 960 1764 Christi

188 1775 389 1822 diligenter
409 1775 599 1820 inquirere
617 1777 663 1812 ab
683 1776 756 1811 illis
778 1777 837 1820 qui
863 1775 960 1812 Scri-

187 1826 318 1869 pturas
359 1823 632 1869 Prophetarum
676 1823 876 1869 praedictas
915 1823 961 1858 de

188 1869 336 1906 Christo
357 1873 553 1913 noverant,
573 1874 609 1906 et
628 1870 868 1916 genealogias
896 1869 960 1905 de-

188 1917 411 1953 scendentes
437 1928 459 1952 a
479 1916 594 1953 David
615 1918 796 1953 sciebant.
823 1918 873 1952 At
903 1918 963 1952 illi

187 1964 365 1999 dixerunt
385 1966 430 2005 ei,
451 1964 550 2009 quod
570 1966 607 1999 in
622 1966 827 1999 Bethlehem
843 1964 959 2008 Judae,

187 2009 226 2046 id
251 2014 321 2054 est,
344 2021 426 2056 quae
457 2010 528 2046 sita
563 2014 619 2046 est
649 2011 687 2046 in
721 2014 822 2047 terra
848 2010 959 2055 Juda,

188 2061 300 2103 prout
313 2057 487 2094 scribitur
504 2057 542 2093 in
561 2057 728 2094 Michaea.
751 2058 960 2094 Secundum

187 2105 450 2148 Auqustinum,
471 2104 589 2140 Judaei
611 2104 647 2139 in
669 2106 739 2141 hoc
759 2105 871 2149 facto,
887 2115 960 2151 quo

189 2151 325 2187 docent
347 2151 440 2187 alios
461 2152 583 2187 locum
607 2152 825 2196 nativ,itatis
852 2155 888 2187 et
904 2156 960 2187 ta-

189 2207 277 2234 men
302 2197 372 2244 ipsi
408 2209 485 2234 non
512 2198 664 2243 vadunt,
698 2199 846 2251 similes
874 2201 962 2234 sunt

188 2244 478 2281 fabricatoribus
517 2255 614 2281 arcae
654 2247 751 2290 Noe,
786 2244 848 2292 qui
878 2245 961 2298 aliis

191 2291 255 2328 ubi
289 2292 495 2327 evaderent
532 2291 802 2344 praestiterunt,
824 2295 860 2328 et
889 2291 961 2338 ipsi

190 2337 330 2374 diluvio
349 2338 556 2384 perierunt.
584 2338 731 2375 Similes
750 2339 862 2374 etiam
877 2343 962 2375 sunt

190 2384 377 2438 lapidibus
404 2385 634 2438 milliarium,
659 2385 721 2432 qui
752 2385 834 2422 aliis
862 2386 968 2422 viam

189 2431 371 2477 indicant,
407 2443 475 2468 nec
505 2432 577 2478 ipsi
612 2443 680 2478 per
715 2443 797 2468 eam
830 2433 961 2469 ambu-

191 2478 283 2515 lant.
303 2481 355 2516 De
391 2478 527 2525 quibus
554 2479 666 2515 etiam
699 2479 790 2515 dicit
821 2479 961 2516 ibidem

190 2527 436 2571 Auqustinus‚
457 2526 557 2572 quod
583 2530 736 2562 ostenso
763 2526 846 2562 aliis
877 2526 963 2563 vitae

190 2573 293 2610 fonte
319 2573 391 2620 ipsi
416 2577 501 2609 sunt
527 2573 667 2609 mortui
693 2573 871 2610 siccitate.
892 2575 964 2609 Per

194 2620 343 2657 Scribas
366 2625 493 2656 autem
513 2623 551 2657 et
571 2620 785 2656 sacerdotes
814 2620 876 2666 qui
907 2621 963 2656 10-

192 2678 277 2704 011111
305 2667 510 2704 nativitatis
537 2667 672 2705 Christi
697 2678 740 2703 ex
765 2667 964 2714 prophetia

193 2714 491 2759 declaraverunt,
509 2717 545 2751 et
564 2719 690 2751 tamen
719 2714 840 2761 ipsum
862 2714 964 2750 Chri-

192 2765 293 2798 stum
330 2772 407 2798 non
441 2762 706 2807 adoraverunt,
741 2761 806 2798 sed
844 2761 964 2808 magis

1033 232 1220 279 persecuti
1257 234 1362 276 sunt,
1405 231 1600 276 signantur
1639 231 1811 267 doctores

1033 281 1143 315 bonae
1171 278 1364 322 doctrinae,
1394 279 1459 314 sed
1485 277 1592 313 malae
1625 277 1724 322 vitae,
1747 277 1809 324 qui

1033 336 1143 372 quem
1169 325 1376 372 praedicant
1403 335 1496 361 sana
1520 324 1703 370 doctrina,
1723 334 1809 371 per-

1033 376 1241 418 sequuntur
1262 372 1360 408 mala
1377 371 1465 408 vita.

1081 422 1101 454 8
1129 420 1321 456 SIMULATIO
1354 420 1596 455 Henon1s.—
1625 419 1723 453 Tunc
1743 418 1812 452 He-

1032 466 1150 508 rodes,
1172 467 1265 502 clam
1297 468 1334 501 et
1369 466 1511 501 occulte
1548 465 1685 501 vocatis
1705 463 1752 500 ad
1772 473 1812 499 se

1034 514 1168 557 Mayz's,
1193 513 1387 557 diliqenter
1406 513 1538 548 didicit
1564 512 1609 548 ab
1637 513 1688 546 eis
1720 514 1811 546 tem-

1031 570 1103 605 pus
1121 560 1246 600 stellae,
1268 570 1346 604 quae
1366 561 1542 604 apparuit
1562 561 1626 594 eis.
1650 556 1808 605 Cognito

1037 606 1136 641 enim
1165 606 1246 642 loco
1283 605 1488 642 nativitatis
1508 604 1645 642 Christi
1676 615 1720 640 ex
1743 605 1807 640 Ju-

1036 653 1204 688 daeorum
1228 652 1434 705 responsis,
1457 652 1574 688 voluit
1593 651 1688 688 scire
1716 654 1809 687 tem-

1036 709 1105 746 pus
1130 698 1335 735 nativitatis
1366 699 1412 735 ab
1445 698 1536 745 ipsis
1561 699 1692 744 Magis,
1709 700 1751 734 ut
1776 696 1808 733 si

1038 746 1085 782 ad
1116 746 1239 792 ipsum
1280 745 1461 790 redirent,
1489 757 1532 782 ex
1565 744 1763 799 temporis
1772 747 1809 780 et

1037 792 1108 829 loci
1140 792 1352 838 cognitione
1375 796 1503 838 posset
1533 792 1721 828 Christum
1753 790 1810 826 111-

1038 840 1241 876 terficere:
1268 843 1305 875 et
1330 850 1414 875 cum
1451 842 1550 875 esset
1581 838 1810 891 alienigena,

1040 898 1113 922 11011
1144 886 1357 922 confidebat
1392 886 1438 921 de
1469 885 1622 929 Judaeis,
1650 888 1687 922 et
1723 883 1812 920 ideo

1039 933 1154 969 voluit
1173 932 1370 968 consilium
1392 943 1499 968 suum
1520 932 1638 968 latere
1664 941 1741 968 eos.
1764 932 1812 967 Et

1038 982 1184 1015 mittens
1210 981 1294 1015 illos
1314 981 1354 1014 in
1371 980 1576 1014 Bethlehem
1602 979 1716 1020 dimit,
1744 977 1813 1014 do-

1038 1027 1129 1070 lose,
1146 1030 1182 1062 et
1219 1037 1283 1062 eos
1317 1026 1447 1062 volens
1480 1025 1653 1072 decipere
1678 1036 1687 1060 ε
1709 1027 1762 1061 Ite
1778 1027 1815 1060 et

1037 1076 1258 1118 interroqate
1284 1073 1480 1117 diliqenter
1505 1073 1548 1108 de
1570 1075 1683 1108 Puero
1706 1073 1813 1115 nato,

1039 1124 1073 1156 et
1098 1131 1178 1156 cum
1207 1122 1432 1161 inveneritis,
1467 1121 1673 1155 renuntiate
1704 1119 1811 1159 mihi,

1038 1171 1079 1202 ut
1099 1170 1132 1202 et
1151 1177 1213 1211 eqo
1232 1169 1376 1202 veniens
1403 1168 1548 1202 adorem
1569 1177 1673 1208 011111,-
1695 1176 1811 1212 spon-

1040 1215 1102 1250 det
1122 1213 1255 1249 falsum
1276 1214 1515 1259 obsequium,
1531 1217 1570 1249 ut
1584 1194 1729 1249 facilius
1746 1222 1813 1248 eos

1039 1259 1214 1306 decipiat,
1233 1264 1270 1296 et
1290 1260 1337 1296 ad
1357 1260 1590 1296 redeundum
1606 1270 1674 1306 per
1688 1259 1811 1312 ipsum

1039 1307 1205 1343 inducat.
1232 1307 1340 1343 Falsa
1366 1306 1509 1360 quippe
1527 1306 1596 1343 fuit
1618 1305 1719 1353 regis
1739 1306 1811 1342 He-

1039 1354 1142 1390 rodis
1179 1353 1402 1400 promissio,
1449 1353 1562 1407 quia,
1607 1351 1812 1389 secundum

1041 1402 1343 1446 chrysostomum,
1386 1400 1624 1437 devotionem
1659 1398 1812 1453 promit-

1039 1449 1156 1493 tebat,
1182 1448 1246 1483 sed
1273 1448 1437 1494 gladium
1460 1449 1617 1484 acuebat
1642 1451 1678 1483 et
1703 1445 1812 1482 mali-

1039 1495 1130 1531 tiam
1169 1494 1292 1530 cordis
1327 1495 1383 1530 sui
1423 1493 1646 1530 humilitatis
1685 1494 1811 1530 colore

1040 1541 1278 1595 depingebat.
1298 1542 1397 1577 Talis
1417 1545 1473 1578 est
1488 1540 1718 1577 consuetudo
1735 1550 1813 1576 om-

1040 1588 1143 1624 nium
1170 1587 1436 1633 malignorum,
1468 1588 1618 1634 quando
1649 1587 1812 1634 aliquem

1040 1635 1076 1671 in
1099 1635 1242 1671 occulto
1258 1635 1408 1679 gravius
1427 1635 1564 1671 laedere
1584 1634 1726 1679 volunt,
1747 1634 1817 1670 hu-

1042 1682 1237 1718 militatem
1263 1681 1317 1718 1111
1354 1685 1391 1718 01
1422 1681 1625 1718 amicitiam
1646 1681 1811 1734 fingunt.

1041 1731 1084 1765 Et
1116 1729 1320 1766 secundum
1354 1729 1558 1769 Rabanum,
1598 1727 1705 1763 finxit
1740 1728 1811 1763 He-

1042 1777 1166 1821 rodes,
1202 1780 1279 1812 tam
1316 1776 1421 1812 vultu
1459 1786 1570 1822 quam
1610 1774 1734 1811 verbis
1773 1784 1812 1810 se

1041 1824 1200 1860 adorare
1228 1834 1313 1859 eum
1337 1823 1446 1867 velle,
1469 1833 1580 1868 quem
1601 1821 1729 1857 invida
1754 1832 1814 1858 co-

1040 1870 1220 1917 gitatione
1240 1869 1425 1906 tractabat
1448 1869 1638 1913 00011101·ος
1669 1872 1706 1904 01
1725 1869 1813 1912 hoc,

1041 1921 1081 1954 ut
1102 1917 1160 1953 vel
1187 1917 1235 1954 ad
1260 1916 1382 1963 ipsum
1413 1916 1511 1962 Magi
1537 1915 1699 1952 alacrius
1717 1914 1816 1951 redi-

1039 1967 1138 2009 rent,
1159 1967 1194 2000 et
1227 1974 1274 2000 ne
1303 1963 1436 2008 Judaei,
1459 1973 1620 2009 quorum
1645 1973 1710 1999 rex
1732 1965 1815 1998 erat

1039 2011 1199 2055 futurus,
1219 2011 1265 2047 ab
1292 2021 1335 2046 eo
1362 2010 1482 2057 ipsum
1509 2009 1811 2046 absconderent.

1041 2059 1148 2105 cujus
1188 2068 1391 2110 personam
1436 2068 1565 2094 omnes
1608 2055 1813 2103 hypocritae

1040 2108 1184 2149 tenent,
1205 2116 1266 2151 qui
1283 2105 1373 2140 dum
1389 2104 1474 2140 ficte
1492 2106 1609 2140 Deum
1625 2114 1750 2150 quaeru
1758 2105 1814 2146 nt,

1040 2151 1209 2188 invenire
1240 2152 1345 2188 illum
1375 2161 1579 2197 numquam
1605 2153 1812 2203 merentur.

1041 2201 1085 2235 Et
1121 2199 1216 2235 sicut
1250 2198 1416 2235 Herodes
1449 2198 1519 2234 sub
1565 2196 1688 2251 specie
1723 2196 1814 2233 reli-

1041 2246 1162 2292 gionis
1182 2246 1298 2282 voluit
1333 2245 1504 2281 occidere
1536 2244 1738 2289 Christum,
1760 2243 1816 2297 sic

1040 2293 1260 2340 hypocritas,
1282 2295 1466 2339 quantum
1484 2292 1522 2328 in
1544 2291 1599 2328 eis
1625 2294 1694 2336 est,
1713 2290 1813 2327 occi-

1041 2341 1135 2377 dunt
1156 2351 1254 2385 eum,
1277 2339 1480 2376 secundum
1500 2339 1593 2375 illud
1612 2337 1811 2385 Apostoli.

1041 2390 1198 2424 Rursum
1246 2388 1494 2432 crucifiqentes
1533 2388 1573 2422 in
1610 2386 1818 2431 semetipsis

1040 2436 1177 2470 Filium
1200 2436 1278 2470 Dei.
1307 2435 1415 2478 Nam,
1448 2433 1654 2469 secundum
1681 2432 1814 2476 61νο90-

1041 2483 1152 2526 rium,
1181 2481 1355 2518 simulata
1389 2479 1568 2516 sanctitas
1597 2482 1655 2516 est
1679 2478 1814 2525 duplex

1042 2527 1241 2574 iniquitas;
1282 2531 1319 2564 et
1356 2527 1560 2564 secundum
1603 2527 1813 2570 Chrysosto-

1042 2586 1152 2617 mum,
1176 2575 1313 2611 Herodi
1333 2574 1471 2611 similes
1489 2584 1571 2610 esse
1592 2573 1812 2625 probantur,

1044 2621 1107 2667 qui
1128 2632 1235 2658 sacra
1269 2621 1530 2658 communione
1564 2618 1731 2672 mysterii
1755 2617 1813 2654 in-

1044 2668 1154 2715 digne
1177 2670 1397 2705 abutuntur.
1425 2668 1593 2705 Adorare
1616 2666 1752 2719 quippe
1774 2675 1815 2701 se

1044 2715 1205 2761 fingunt,
1233 2719 1270 2752 et
1303 2726 1403 2760 eum,
1426 2717 1607 2768 quantum
1642 2712 1683 2748 in
1722 2712 1818 2759 ipsis

1044 2765 1114 2807 est,
1135 2762 1368 2808 interimunt,
1383 2763 1487 2809 Juxta
1512 2760 1603 2797 illud
1622 2759 1813 2806 Apostoli:
