1902 3126
588 97 639 131 DE
678 96 966 130 POENITENTIA
1003 98 1242 135 Fit'clENDA.
1683 103 1740 136 ¹75

103 187 123 206 «
145 173 186 208 In
204 169 378 207 omnibus
405 166 606 220 Scripturis
633 164 782 207 divinis,
806 165 880 200 fra-

101 223 180 256 tres
200 214 426 259 charissimi,
445 213 600 255 utiliter,
616 222 659 247 ac
680 212 882 247 salubriter

100 266 373 305 admonemur,
397 266 438 298 ut
470 261 624 307 peccata
651 261 780 293 nostra
815 258 880 293 de-

102 314 260 350 beamus
294 309 434 357 jugiter
471 317 514 342 ac
552 304 764 348 humiliter,
806 315 880 340 iion

98 360 225 396 solum
251 359 341 399 Deo,
363 354 429 391 sed
453 354 565 389 etiam
593 351 733 388 sanctis
760 352 880 387 homi-

99 406 211 443 nibus
241 407 278 441 et
307 405 424 439 Deum
447 398 666 436 timentibus
693 399 879 434 confiteri.

98 454 182 490 Non
201 451 300 488 enim
318 449 401 485 ideo
417 446 495 483 vult
514 448 625 491 Deus,
647 449 685 481 ut
705 446 881 481 confitea-

100 509 188 536 mur
224 498 377 544 peccata
414 496 558 536 nostra,
581 493 680 539 quod
719 492 799 538 ipse
838 504 881 528 ea

99 545 197 583 scire
223 554 297 580 non
322 540 465 588 possit;
500 540 565 576 sed
593 540 682 585 quia
709 539 881 576 diabolus

97 594 169 629 hoc
188 590 389 633 desiderat,
404 590 444 624 ut
462 586 628 623 inveniat
649 587 749 632 quod
771 587 880 623 iioliis

95 642 184 676 ante
207 636 371 673 tribunal
393 634 525 671 aeteriii
547 633 689 671 Judicis
709 634 876 679 objiciat,

95 685 181 722 ideo
201 684 280 721 vult
300 687 339 719 ut
359 681 479 729 magis
497 682 701 718 defendere
724 686 881 727 peccata

95 735 229 769 nostra
258 730 430 768 velimus.
465 728 664 765 Coiitrario
692 730 789 764 Deus
814 739 879 764 iio-

93 783 188 823 ster,
209 779 296 825 quia
314 777 397 822 pius
418 779 456 813 et
474 775 688 812 misericors
711 778 781 816 est,
804 776 880 811 vult

94 829 137 863 ut
164 836 210 863 ea
235 826 484 861 conliteamur
510 823 548 858 in
574 823 646 858 hoc
676 823 817 866 seculo,
842 826 878 858 ut

122 883 163 910 ro
184 871 259 908 illis
282 883 357 908 non
381 870 656 907 confundamur
677 869 711 905 iii
740 870 876 905 futui-o.

123 919 225 956 ciens
256 929 345 966 ergo
377 917 548 954 diabolus
575 916 749 952 virtutem
777 927 879 962 pura}

96 965 358 1009 confessionis,
390 968 468 1001 toto
496 964 581 1000 nisu
604 963 790 1009 impedire
818 974 880 999 co-

95 1017 208 1050 natur
244 1012 438 1049 hominem
473 1022 519 1047 ne
559 1011 796 1047 confiteatur.
837 1012 879 1045 Et

93 1061 191 1097 sicut
207 1060 394 1106 suggessit
407 1058 510 1105 prius
528 1061 567 1094 ut
580 1059 694 1094 homo
712 1057 878 1101 caderet,

93 1107 149 1144 sic
173 1111 259 1154 post
282 1117 408 1143 casum
436 1105 593 1151 impedit
614 1116 659 1141 ne
691 1108 879 1150 resurgat,

92 1154 182 1201 quia
195 1154 264 1190 scit
278 1165 346 1190 nos
362 1164 437 1189 non
452 1163 652 1198 resurgere
668 1163 780 1198 posse
798 1152 880 1187 siiie

91 1201 329 1238 confessione
345 1213 352 1236 :
368 1216 386 1233 »
410 1201 490 1236 haec
502 1201 749 1244 Auyusttnus.
770 1199 882 1244 Pejus

92 1251 153 1285 est
169 1248 340 1285 confiteri
363 1247 478 1291 nolle,
498 1257 611 1293 quam
634 1248 771 1291 Legem
796 1257 880 1282 con-

89 1298 274 1332 temnere.
310 1296 420 1341 Pejus
448 1298 504 1330 est
531 1293 595 1330 Dei
622 1294 805 1329 offensam
824 1303 883 1329 sa-

90 1342 304 1379 tissactione
332 1343 431 1378 nolle
450 1342 614 1388 placare,
645 1352 757 1386 quam
794 1352 882 1387 pec-

91 1388 721 1426 candoDeibonitatemoffendere.
747 1389 884 1431 Quaiii-

93 1437 150 1472 vis
187 1437 288 1473 enim
327 1437 366 1472 in
404 1435 631 1472 contritione
669 1435 880 1471 dimittatur

90 1487 300 1530 peccatum,
341 1487 468 1519 tamen
509 1481 695 1518 confessio
736 1482 877 1518 vocalis

91 1531 311 1567 necessaria
333 1535 403 1575 est,
426 1530 483 1566 vel
505 1529 542 1565 iii
562 1540 617 1573 re,
638 1530 787 1574 quando
810 1530 876 1565 ha-

91 1577 202 1614 betur
222 1577 500 1624 opportunitas,
523 1577 581 1612 vel
603 1577 641 1611 in
665 1576 873 1622 proposito,

91 1625 244 1671 quando
288 1625 469 1661 articulus
508 1623 745 1659 necessitatis
790 1634 874 1659 eam

90 1671 266 1716 excludit,
277 1675 313 1708 et
327 1683 400 1707 non
411 1674 647 1716 contemptus
658 1669 870 1715 religionis;

90 1721 127 1756 et
146 1718 199 1755 ita
222 1719 428 1755 necessitas
449 1718 653 1754 confitendi
677 1721 762 1763 post
783 1728 871 1753 con-

88 1765 281 1802 tritionem
302 1777 378 1802 non
399 1770 454 1802 est
473 1764 510 1800 in
529 1764 595 1800 tali
612 1775 699 1800 casu
719 1768 873 1810 propter

89 1813 353 1850 necessitatem
397 1811 571 1856 remedii,
608 1812 675 1848 sed
718 1815 873 1859 propter

87 1859 359 1907 obligationem
379 1858 571 1906 praecepti.

136 1922 157 1954 9
175 1909 310 1944 Sffirius
330 1918 520 1942 coxrizssio
540 1917 601 1941 EST
620 1917 871 1946 FREQL'ENTAN-

88 1965 147 1991 DA.
161 1955 281 1990 —Est
295 1958 420 1990 autem
441 1951 626 1989 confessio
647 1953 870 1988 convenien-

86 2004 145 2038 ter
168 2001 351 2040 instituta,
379 2004 418 2037 ut
438 1999 501 2046 qui
528 1999 565 2035 in
594 2010 661 2035 sua
681 2002 867 2045 potestate

85 2049 244 2096 positus,
276 2059 298 2084 a
322 2050 397 2084 Deo
424 2048 664 2091 discesserat,
697 2046 765 2082 sub
792 2046 866 2082 alio

85 2095 244 2142 positus,
267 2106 349 2131 cum
372 2094 582 2131 humilitate
607 2097 643 2129 et
668 2093 867 2129 devotione

84 2143 240 2179 rediret.
259 2143 420 2188 Ideoque
444 2143 541 2178 Deus
560 2140 720 2176 instituit
740 2151 863 2176 sacer-

82 2189 210 2227 dotem
223 2190 279 2226 sui
291 2189 485 2233 vicarium,
497 2193 531 2225 et
542 2188 647 2235 quasi
662 2187 863 2232 medicum,

83 2236 143 2274 cui
156 2240 395 2284 peccatorum
414 2237 568 2273 vulnera
583 2236 862 2280 detegerentur,

83 2287 127 2320 ut
155 2288 329 2330 peccator
364 2295 439 2319 non
467 2294 489 2320 a
515 2294 569 2327 se,
597 2283 661 2318 sed
695 2282 742 2317 ab
775 2281 863 2326 alio,

82 2331 240 2378 majoris
258 2330 480 2367 humilitatis
499 2341 623 2373 causa,
643 2329 863 2365 satisfactio-

83 2377 144 2414 nis
161 2377 385 2414 medicinam
405 2378 623 2423 susciperet.
648 2378 742 2413 Sunt
761 2376 863 2412 ciiim

82 2428 320 2461 sacramenta
335 2425 440 2471 quasi
456 2425 629 2471 quaedam
643 2424 859 2469 emplastra.

83 2486 104 2506 «
125 2472 255 2518 Igitur,
277 2475 317 2508 ut
340 2472 390 2508 ait
411 2473 655 2516 Auqustinus,
680 2475 796 2517 ponat
823 2482 862 2507 se

81 2519 236 2556 omnino
254 2519 442 2566 poeiiitens
459 2519 495 2554 iii
512 2517 859 2565 potestatejudicis,

82 2565 278 2613 injudicio
301 2566 521 2610 sacerdotis,
543 2565 633 2601 iiiliil
653 2565 722 2601 sibi
745 2576 863 2601 reser-

81 2623 197 2657 vans;
223 2614 288 2650 sed
319 2615 445 2649 oiiiiiia
468 2618 621 2660 paratus
648 2613 695 2648 sit
724 2613 859 2657 fat-ere,

81 2661 304 2707 eojubente,
316 2672 382 2708 pro
397 2661 612 2707 recipienda
624 2660 698 2695 vita
710 2660 859 2704 animai,

83 2716 328 2757 quaecumque
345 2709 484 2745 faceret
500 2719 567 2755 pro
585 2707 761 2744 evitanda
781 2718 860 2743 cor-

957 167 1060 212 poris
1075 171 1209 204 morte.
1231 182 1248 202 »
1267 169 1444 206 Homines
1459 170 1572 207 etiam
1588 170 1635 207 ad
1651 181 1737 218 pec-

958 214 1119 266 candum
1160 216 1402 253 efficerentur
1443 217 1640 264 proniores
1657 246 1666 262 ,
1706 219 1737 254 si

957 261 1209 305 turpitudines
1257 274 1343 299 suas
1389 276 1463 300 iion
1508 265 1741 301 [estimarent

957 307 1192 344 revelandas.
1217 310 1261 344 Et
1287 310 1374 355 quia
1401 311 1549 347 iiiitium
1583 322 1739 358 operum

956 354 1142 389 bonorum
1163 358 1220 390 est
1234 357 1437 401 consessio,
1452 369 1606 402 operum
1627 359 1742 395 malo-

956 411 1039 436 rum
1060 401 1169 436 valde
1187 405 1244 436 est
1265 403 1354 438 utile
1374 405 1645 441 confessionem
1668 407 1741 442 fre-

956 451 1153 492 quentare.
1176 448 1308 483 Evenit
1329 450 1428 485 eiiini
1450 462 1514 486 cor
1534 452 1637 496 prius
1655 463 1741 489 con-

955 496 1085 530 tritum
1116 498 1152 530 et
1186 495 1424 531 humiliatum
1457 500 1673 535 confirmari
1703 499 1741 536 in

955 541 1219 586 confessione;
1248 546 1284 578 et
1309 543 1532 589 plerumque
1568 549 1744 591 peccator

955 589 1035 624 solo
1067 588 1216 632 timore,
1240 588 1298 624 vel
1330 590 1505 626 Evclcsiae
1540 597 1738 629 consuetu-

954 635 1055 680 dine,
1084 636 1269 672 sacerdoti
1296 640 1561 682 praesentatus,
1581 649 1649 684 pei·
1676 650 1739 676 sa-

954 683 1144 719 cerdotale
1163 683 1332 719 officium
1355 695 1441 720 vere
1457 685 1736 730 compungitur,

953 740 996 765 ac
1017 730 1154 776 plenus
1175 730 1358 767 charitate
1380 731 1534 766 recedit.
1561 732 1736 768 Nonnulli

955 776 1089 822 etiam,
1123 788 1191 813 nec
1225 789 1268 814 ex
1301 778 1412 813 corde
1448 778 1632 823 redeunt;
1671 778 1738 815 sed

954 827 1081 860 tamen
1105 825 1227 861 forma
1247 825 1493 871 poenitentiae,
1517 835 1629 871 quam
1656 836 1736 861 sus-

953 871 1095 917 cipiunt
1120 871 1317 918 paulatim,
1339 872 1377 907 in
1404 872 1458 908 eis
1485 872 1736 909 humilitatem

955 929 1039 954 cum
1060 919 1242 955 charitate
1256 920 1385 955 nutrit.
1401 921 1473 955 Nee
1489 920 1535 956 ob
1552 920 1737 966 pudorem

954 976 1080 1001 cessas
1097 976 1119 1001 a
1135 966 1369 1002 confessione
1387 978 1394 1002 :
1413 966 1500 1013 quia
1517 967 1738 1003 erubescen-

954 1012 1007 1048 tia
1025 1016 1062 1048 et
1083 1013 1236 1056 pudoris
1255 1013 1438 1057 anxietas,
1456 1024 1500 1049 ac
1521 1014 1737 1050 confitentis

954 1060 1147 1096 humilitas
1175 1060 1338 1096 maxima
1364 1071 1450 1107 pars
1473 1064 1528 1096 est
1549 1061 1737 1107 poeniten-

955 1106 1030 1143 tiae.
1055 1108 1160 1144 Unde
1175 1107 1226 1143 ait
1239 1109 1535 1152 Clirysoscomzcs:
1554 1122 1571 1140 «
1584 1108 1736 1144 Confes-

956 1153 1011 1189 sio
1050 1157 1288 1200 peccatorum
1334 1158 1389 1191 est
1435 1156 1584 1200 signum
1626 1155 1736 1190 bonae

957 1202 1108 1246 mentis,
1136 1205 1173 1237 et
1204 1201 1462 1238 testimonium
1498 1201 1737 1238 conscientiae

958 1250 1076 1284 Deum
1117 1248 1314 1293 timeiitis;
1348 1250 1536 1295 perfectus
1567 1252 1604 1284 et
1636 1248 1738 1285 enim

957 1295 1070 1332 timor
1104 1295 1214 1331 solvit
1247 1307 1397 1332 omnem
1428 1296 1622 1340 pudorem.
1659 1295 1738 1332 Illic

956 1346 1083 1378 autem
1121 1343 1314 1389 turpitudo
1351 1343 1597 1379 confessionis
1635 1342 1735 1390 aspi-

957 1389 1066 1433 citur,
1089 1390 1153 1426 ubi
1191 1390 1306 1426 futuri
1338 1390 1470 1436 judicii
1512 1400 1623 1436 poeiia
1657 1401 1733 1426 non

956 1437 1134 1473 creditur.
1174 1438 1217 1472 Et
1249 1437 1337 1482 quia
1360 1437 1482 1483 ipsum
1511 1438 1734 1473 erubescere

955 1494 1069 1530 poena
1089 1487 1145 1519 est
1165 1484 1400 1530 gravis,ideo
1414 1485 1523 1529 Jubet
1542 1494 1611 1519 nos
1631 1485 1731 1520 Deus

955 1534 1085 1566 nostra
1103 1530 1275 1566 confiteri
1298 1535 1466 1577 peccata,
1489 1533 1530 1566 ut
1555 1541 1733 1566 verecun-

952 1577 1052 1613 diam
1088 1577 1276 1622 patiamur
1298 1588 1366 1623 pro
1404 1588 1517 1623 poena
1540 1588 1547 1612 :
1572 1587 1661 1613 nam
1694 1580 1733 1613 et

951 1624 1021 1660 hoc
1048 1624 1185 1670 ipsum,
1211 1635 1299 1670 pars
1324 1624 1439 1660 divini
1464 1623 1595 1670 judicii
1619 1627 1688 1660 est.
1712 1638 1730 1657 >³

951 1672 1056 1707 Unde
1069 1674 1105 1707 et
1128 1673 1299 1708 Valerius
1319 1686 1326 1708 :
1344 1686 1362 1704 «
1376 1673 1494 1708 Venia
1506 1671 1643 1717 dignus
1661 1674 1731 1716 est,

949 1718 1013 1763 qui
1033 1718 1177 1765 peccati
1197 1720 1475 1755 excusationem
1489 1729 1564 1754 non
1582 1718 1732 1764 quaerit.

949 1765 1017 1802 Ubi
1039 1765 1139 1802 enim
1161 1769 1218 1802 est
1237 1765 1436 1810 confessio,
1456 1765 1508 1801 ilii
1528 1769 1582 1801 est
1600 1765 1732 1801 remis-

948 1812 1018 1857 sio,
1042 1812 1130 1859 quia
1156 1812 1369 1859 proximum
1396 1814 1443 1849 ad
1470 1813 1731 1849 innocentiam

947 1859 1071 1896 Iocum
1104 1862 1209 1896 tenet
1243 1861 1458 1896 verecunda
1485 1860 1686 1896 confessio.
1708 1874 1726 1892 »

946 1907 1052 1943 Unde
1074 1908 1307 1951 Auqustz‘nzcs
1330 1920 1340 1942 .·
1372 1922 1389 1940 ‹<
1412 1907 1598 1950 Quoniam
1619 1917 1728 1944 vere-

945 1953 1082 1990 cundia
1108 1964 1246 1999 magna
1273 1956 1330 1990 est
1357 1954 1529 1989 confiteri
1556 1957 1725 1999 peccata,

944 2000 1007 2046 qui
1029 2001 1217 2036 erubescit
1242 2012 1309 2046 pro
1337 2001 1498 2044 Christo,
1521 2001 1563 2035 fit
1590 2000 1727 2046 dignus

943 2046 1215 2083 misericordia.
1228 2049 1271 2083 Et
1287 2051 1427 2093 quanto
1443 2047 1615 2093 pluribus
1635 2058 1726 2083 con-

941 2094 1071 2129 fitetur
1082 2094 1165 2140 quis
1182 2094 1219 2130 in
1232 2105 1297 2140 spe
1313 2096 1431 2130 venite
1452 2094 1726 2141 turpitudinem

940 2140 1126 2185 criminis,
1160 2144 1264 2177 tanto
1300 2141 1446 2178 facilius
1473 2145 1727 2187 consequetur

939 2188 1101 2233 gratiam
1142 2188 1391 2225 remissionis.
1433 2203 1451 2221 »
1475 2190 1518 2224 Et
1559 2188 1722 2225 iteruin:

941 2236 990 2271 «O
1002 2236 1128 2280 ¹stulte,
1141 2246 1206 2272 cur
1224 2235 1418 2272 erubescis
1434 2235 1577 2272 homini
1596 2235 1723 2272 dicere

938 2283 1041 2328 quod
1062 2293 1138 2318 non
1160 2283 1343 2319 erubuisti
1364 2283 1403 2319 in
1424 2286 1630 2330 conspectu
1652 2282 1720 2320 Dei

938 2330 1087 2366 facere?
1108 2331 1273 2366 Remove
1294 2341 1316 2367 a
1333 2333 1369 2367 te
1391 2331 1590 2377 pudorem,
1612 2340 1723 2367 curre

937 2377 985 2412 ad
1007 2377 1256 2422 sacerdotem,
1275 2378 1402 2414 revela
1422 2381 1623 2421 secretum,
1637 2387 1725 2413 con-

937 2424 1046 2460 fitere
1081 2428 1302 2471 peccatum;
1339 2425 1508 2471 alioquin
1537 2424 1630 2460 nihil
1655 2423 1724 2460 tihi

936 2471 1118 2517 proderit,
1140 2472 1319 2508 contritio
1342 2473 1482 2516 cordis,
1498 2471 1568 2507 nisi
1591 2481 1723 2517 sequa-

936 2522 997 2554 tur
1017 2519 1203 2555 confessio
1224 2519 1315 2564 oris,
1341 2519 1370 2555 si
1393 2519 1529 2565 possis.
1550 2532 1567 2552 »
1590 2519 1634 2554 Et
1654 2518 1722 2554 ite-

935 2576 1020 2602 rum
1050 2577 1058 2602 :
1099 2567 1331 2603 «Confessio
1367 2570 1423 2602 est
1450 2566 1551 2602 salus
1577 2565 1720 2601 anima-

935 2624 1032 2657 rum,
1043 2613 1258 2661 dissipatrix
1268 2613 1458 2658 vitiorum,
1475 2611 1718 2648 restauratrix

935 2660 1114 2697 virtutum
1138 2689 1146 2705 ‚
1190 2660 1440 2707 oppugnatrix
1485 2660 1712 2695 theutonum.

935 2707 1032 2752 Quid
1055 2708 1198 2756 plura?
1223 2708 1392 2745 Obstruit
1425 2717 1466 2743 os
1496 2706 1650 2751 inferni,
1678 2709 1716 2742 et
