1943 3141
295 169 345 204 DE
384 168 434 204 EO
471 168 586 208 QUOD
623 169 785 203 JOSEPII
825 170 987 204 VOLUIT
1028 172 1276 206 DIMITTERE
1315 174 1507 208 malm.
1693 179 1730 213 61

752 381 935 428 CAPUT
956 382 1052 428 VIII

365 529 414 558 DE
441 529 488 559 ΕΟ
513 529 617 564 QUOD
640 529 783 560 JOSEPII
811 529 956 560 VOLUIT
981 530 1198 559 DIMITTERE
1230 532 1402 560 MARLxM.

748 658 913 694 Matthaei
935 667 1019 704 cap.
1045 658 1070 692 1.

128 815 137 836 1
163 801 283 836 Mamm
318 811 509 836 INVENITUR
547 811 716 836 omwm.
743 819 787 826 —
814 801 858 835 Et

73 847 161 894 quia
186 847 225 884 in
245 847 442 894 praemissa
460 847 596 885 Christi
618 847 854 893 genealogia,

73 895 272 933 Matthaeus
292 895 456 932 ostendit
477 906 602 932 veram
624 895 705 941 ejus
728 896 857 931 hnma-

71 942 243 987 nitatem,
267 946 545 990 consequentcr
566 954 663 979 nunc
691 943 856 978 ostendit

70 991 152 1037 ejus
191 990 442 1035 divinitatem,
472 1001 539 1037 per
575 991 727 1027 modum
769 1001 856 1026 con-

72 1037 254 1084 ceptionis
292 1039 373 1085 ejus
412 1037 638 1083 mirabilem,
678 1037 806 1074 dicens
845 1049 852 1073 :

71 1086 211 1122 Christi
223 1090 343 1122 autem
354 1088 538 1131 qeneratio
557 1088 609 1122 stc
629 1089 718 1122 erat.
741 1086 853 1129 Quasi

70 1132 213 1169 diceret
235 1145 243 1168 ι
267 1135 349 1170 Non
371 1134 547 1170 credatur
568 1134 667 1180 quod
690 1134 788 1169 Deus
808 1134 855 1169 sit

70 1179 234 1226 genitus,
271 1192 314 1217 cx
353 1181 619 1217 commixtione
663 1181 779 1217 maris
820 1184 854 1217 et

71 1228 236 1273 feminee,
260 1228 355 1265 sicut
390 1229 662 1275 praecedentes,
691 1229 756 1265 scd
792 1239 857 1275 po-

69 1275 145 1312 tius
177 1276 289 1312 modo
327 1276 506 1321 mirabili,
549 1276 612 1322 qui
654 1276 823 1323 sequitur
847 1288 854 1312 ε

71 1324 158 1360 Cum
177 1323 279 1360 enim
296 1328 386 1360 esset
406 1325 624 1370 desponsata
645 1328 760 1360 mater
780 1325 858 1369 ejus

70 1372 194 1407 Maria
220 1373 378 1418 Joseph3
412 1376 449 1408 et
478 1371 559 1418 ipsa
591 1372 636 1408 dc
664 1371 856 1408 Elisabeth

71 1418 119 1455 ad
145 1418 300 1455 domum
329 1430 435 1456 suam
471 1418 508 1454 in
546 1420 729 1455 Nazareth
762 1419 857 1456 redi-

69 1465 173 1510 isset,
191 1467 347 1503 tandem
368 1467 507 1513 Joseph
529 1477 551 1503 a
570 1467 704 1503 Judaea
732 1466 769 1502 in
790 1467 858 1502 Ga-

70 1513 209 1550 lilaeam
232 1515 400 1559 veniens,
430 1518 465 1550 et
489 1514 758 1561 desponsatam
786 1513 856 1550 sibi

70 1561 107 1597 in
130 1561 284 1598 domum
304 1572 412 1598 suam
428 1562 565 1598 ducere
585 1562 734 1605 volens;
752 1565 856 1596 ante-

68 1620 178 1655 quam
205 1612 448 1651 convenirent,
483 1608 624 1646 scilicet
655 1613 857 1655 antequam

67 1656 284 1704 nuptiarum
303 1656 488 1693 solemnia
509 1656 760 1701 celebrarent,
781 1667 857 1692 non

67 1705 169 1750 quod
191 1708 324 1752 postca
353 1704 610 1749 convenirent,
638 1704 704 1740 sed
730 1707 856 1741 osten-

67 1752 123 1789 dit
141 1752 353 1799 proximum
380 1756 528 1799 tempus
556 1752 772 1799 nuptiarum
798 1763 857 1788 so-

66 1800 239 1845 lemniis;
264 1804 302 1836 et
324 1803 382 1836 est
407 1804 538 1847 tropus
562 1800 741 1846 loquendi
769 1799 857 1835 huic

66 1847 215 1893 similis,
252 1851 457 1894 antequam
496 1847 698 1894 poeniteret
734 1852 856 1883 morte

65 1898 282 1943 praeventus
303 1899 373 1941 est,
396 1906 473 1932 non
501 1895 601 1942 quod
621 1899 755 1942 postea
774 1905 852 1941 poe-

65 1943 220 1980 nituerit
242 1955 250 1979 :
274 1943 348 1987 vel,
372 1947 576 1990 antequam
603 1945 855 1979 convenirent

64 1991 256 2028 communi
290 1990 538 2035 habitatione,
572 1990 611 2026 id
645 1994 716 2033 est,
747 1995 854 2026 ante-

69 2048 182 2086 quam
198 2038 310 2076 simul
335 2038 374 2074 in
396 2048 471 2074 una
488 2038 600 2074 domo
622 2037 855 2082 habitarent,

68 2087 238 2124 nondum
262 2085 365 2123 enim
394 2089 664 2130 convenerant,
687 2085 856 2121 nondum

69 2135 183 2173 simul
214 2134 453 2180 habitabant,
474 2134 538 2170 ille
565 2133 602 2170 in
629 2144 713 2178 sua,
736 2136 772 2168 et
792 2132 858 2169 illa

67 2183 192 2220 adhuc
211 2182 250 2219 in
271 2193 338 2219 sua
359 2182 471 2218 domo
492 2182 685 2225 manebat,
708 2180 797 2228 quia
817 2180 857 2216 li-

70 2231 184 2268 citum
213 2241 292 2267 non
326 2232 406 2266 erat
439 2229 541 2277 apud
564 2229 730 2271 Judaeos,
754 2228 856 2275 quod

69 2289 230 2326 sponsus
256 2281 294 2314 et
314 2287 453 2325 sponsa
473 2278 615 2324 absque
637 2277 855 2324 nuptiarum

69 2326 338 2371 celebratione,
364 2325 477 2362 simul
509 2324 769 2366 convenirent,
797 2323 854 2359 vel

68 2374 306 2418 habitarent;
328 2375 478 2410 inventa
496 2376 533 2409 et
553 2372 634 2415 VIsa
659 2375 712 2408 est
737 2371 855 2408 Maria

70 2433 93 2459 a
110 2422 250 2468 Joseph
277 2423 317 2457 in
344 2423 444 2456 utero
466 2420 602 2456 habens
621 2423 658 2458 et
682 2419 851 2466 gravida.

68 2469 144 2508 Sed
169 2469 259 2516 quid
287 2467 471 2515 sequitur,
504 2478 581 2505 nou
602 2467 758 2514 invenit,
785 2478 855 2504 nec

69 2517 223 2565 agnovit
256 2516 468 2560 manifeste,
505 2515 646 2552 scilicet
676 2515 749 2552 hoc
774 2526 853 2552 esse

70 2565 114 2602 de
138 2566 285 2612 Spiritu
303 2565 436 2601 Sancto
459 2566 641 2611 operante
660 2562 700 2599 in
723 2574 780 2600 ea.

120 2626 138 2650 2
165 2613 302 2650 Josmm
335 2623 489 2649 occumr:
522 2623 614 2648 vum
643 2622 713 2647 mu
743 2623 854 2647 nunr-

70 2672 172 2698 TERE.
194 2681 241 2687 —-
265 2661 398 2707 Joseph
429 2662 549 2695 autem
576 2661 635 2694 vir
660 2659 738 2705 ejus
770 2670 853 2706 per-

70 2708 238 2755 pendens
258 2708 330 2744 hoc
355 2711 392 2745 et
412 2707 592 2754 ignorans
618 2706 714 2743 tanti
736 2717 856 2743 secre-

70 2759 150 2793 tum
171 2755 355 2803 mysterii,
376 2756 530 2793 dolebat
546 2758 584 2791 et
604 2754 848 2799 turbabatur;

71 2803 152 2851 sed,
173 2815 254 2841 cum
290 2807 380 2842 esset
410 2804 536 2851 Justus
569 2805 602 2840 et
635 2802 746 2839 nollet
777 2813 856 2840 eam

934 801 1123 836 traducere
1150 801 1186 837 in
1208 801 1415 847 publicum,
1442 802 1479 839 id
1511 807 1579 850 cst,
1603 805 1729 842 divul-

933 859 1024 894 gare
1037 852 1073 884 et
1087 848 1300 892 diffamare,
1316 861 1359 885 ne
1374 850 1516 887 scilicet
1529 855 1726 899 tamquam

934 896 1119 939 adultera,
1144 896 1395 942 lapidaretur;
1421 899 1477 934 vel
1501 900 1615 936 nollet
1642 912 1726 937 eam

934 944 1131 980 tradar-ere
1166 944 1204 979 in
1234 945 1389 980 domum
1419 957 1527 982 suam
1549 947 1597 983 ad
1618 949 1728 985 coha-

935 991 1154 1027 bitationem
1177 992 1383 1036 assiduam,
1402 994 1489 1039 quia
1506 1005 1557 1038 se,
1574 1000 1730 1042 propter

935 1038 1101 1084 mysterii
1117 1039 1308 1083 virtutem,
1328 1052 1440 1086 quam
1458 1043 1661 1087 nesciebat,
1676 1043 1730 1079 in-

935 1086 1090 1132 dignum
1118 1087 1165 1122 ad
1195 1087 1277 1133 ejus
1306 1088 1538 1125 consortium
1569 1090 1732 1127 {estima-

935 1135 1012 1178 bat,
1026 1136 1141 1169 voluit
1157 1137 1292 1170 occulte
1304 1136 1489 1172 dimittero
1504 1149 1581 1172 eam
1594 1149 1727 1184 paren-

932 1181 1049 1225 tibus,
1072 1193 1093 1217 a
1114 1182 1250 1228 quibus
1273 1193 1355 1219 eam
1378 1189 1588 1230 acceperat.
1615 1187 1726 1232 Lege-

934 1233 991 1264 rat
1013 1230 1112 1265 enim
1138 1241 1146 1265 :
1170 1231 1390 1274 Eyrez'tz’etw*
1412 1234 1515 1276 υίιῃιί
1538 1234 1581 1267 ‹le
1601 1234 1727 1269 radice

934 1279 1044 1317 Jessr²‚
1067 1277 1165 1312 unde
1205 1282 1360 1314 noverat
1395 1280 1551 1315 Mariam
1573 1280 1725 1318 duxisse

936 1323 1134 1360 oriffinem.
1166 1326 1321 1371 Legerat
1346 1327 1459 1362 ctiam
1484 1339 1490 1362 τ
1515 1330 1603 1363 Ecce
1624 1331 1725 1372 vireo

937 1374 1128 1417 concipiet,
1147 1376 1235 1416 etc„
1257 1379 1293 1409 et
1315 1374 1394 1409 hsce
1413 1375 1457 1410 dc
1473 1375 1720 1419 eacredebat,

937 1420 1162 1465 praesertim,
1192 1420 1279 1466 quia
1316 1424 1399 1466 post
1435 1423 1722 1468 conceptionem

935 1468 1051 1502 facies
1073 1467 1154 1512 ejus
1177 1467 1229 1503 ita
1254 1468 1489 1513 resplenduit
1512 1470 1722 1516 divinitate,

938 1518 978 1550 ut
1004 1518 1159 1560 propter
1194 1516 1509 1561 coruscationem,
1544 1517 1601 1552 vix
1641 1529 1726 1555 eam

935 1561 1223 1598 irreverberatis
1250 1564 1381 1607 oculis,
1400 1567 1438 1599 et
1471 1575 1547 1600 non
1576 1575 1660 1601 cum
1683 1565 1726 1601 ti-

938 1619 1056 1653 more,
1078 1613 1206 1655 posset
1236 1609 1386 1646 intueri.
1417 1612 1582 1658 ideoque
1608 1612 1726 1649 voluit

938 1667 978 1693 se
1009 1660 1097 1693 ante
1131 1660 1278 1694 tantam
1314 1658 1478 1704 gratiam
1510 1659 1725 1707 humiliare,

935 1704 1134 1750 indignum
1156 1716 1195 1741 se
1213 1709 1407 1752 reputans,
1428 1710 1541 1743 tantae
1559 1707 1726 1754 Virginis

936 1752 1231 1789 cohabitatione.
1256 1754 1358 1789 Unde
1379 1754 1432 1790 ait
1454 1756 1694 1801 Hieronymus
1713 1769 1724 1792 .·

937 1814 955 1834 «
979 1802 1055 1836 Hoc
1080 1800 1339 1837 testimonium
1371 1803 1498 1838 Mariae
1525 1806 1595 1848 est,
1624 1804 1727 1850 quod

934 1848 1076 1894 Joseph
1095 1847 1217 1885 sciens
1238 1848 1338 1885 illius
1356 1849 1582 1895 castitatem,
1607 1855 1642 1887 et
1662 1852 1728 1888 ad-

936 1895 1080 1932 mirans
1101 1896 1201 1942 quod
1223 1901 1414 1942 evenerat,
1438 1899 1535 1934 celat
1556 1898 1723 1944 silentio,

934 1944 1040 1990 cujus
1069 1943 1289 1990 mysterium
1322 1945 1529 1981 nesciebat.
1570 1960 1587 1979 »
1619 1947 1725 1983 Unde

933 1995 970 2028 et
996 1992 1270 2033 chrysostomus
1296 2004 1306 2027 .·
1339 2007 1355 2023 α
1387 1993 1415 2029 Ο
1450 1993 1726 2030 inzestimabilis

934 2039 1015 2075 lans
1049 2039 1194 2075 Mariae!
1229 2039 1346 2086 Magis
1377 2040 1557 2077 credebat
1582 2042 1724 2088 Joseph

933 2086 1097 2123 castitati
1128 2087 1223 2133 eJ'us,
1262 2097 1375 2132 quam
1410 2091 1518 2124 utero
1543 2100 1551 2124 z
1575 2092 1611 2125 et
1640 2089 1722 2135 plus

932 2136 1065 2182 gratiae
1096 2144 1213 2180 quam
1241 2139 1399 2171 naturoe.
1430 2136 1725 2182 Conceptionem

932 2182 1098 2225 videbat,
1134 2185 1171 2218 et
1209 2181 1501 2220 fornicationem
1538 2184 1724 2231 suspicari

933 2240 1012 2266 non
1031 2232 1193 2276 poterat.
1218 2230 1440 2267 Possibilius
1467 2231 1570 2268 enim
1597 2232 1725 2269 crede-

932 2278 997 2314 bat
1022 2277 1209 2323 virginem
1237 2277 1318 2314 sine
1349 2278 1429 2314 viro
1456 2289 1569 2326 posse
1598 2280 1724 2316 conci-

932 2335 1036 2372 pere,
1050 2335 1165 2371 quam
1188 2325 1344 2362 Mariam
1365 2337 1477 2372 posse
1496 2337 1652 2373 peccare
1674 2339 1682 2364 :
1704 2341 1723 2362 »

933 2374 1014 2410 haec
1037 2373 1325 2418 chrysostomus.
1350 2376 1393 2410 Et
1417 2385 1485 2411 nec
1506 2375 1624 2411 Maria
1641 2385 1725 2422 per-

931 2421 1108 2457 transivit
1124 2422 1266 2468 absque
1284 2422 1543 2467 tribulatione,
1565 2433 1726 2469 perpen-

931 2468 1046 2506 debat
1081 2470 1184 2505 enim
1218 2472 1255 2505 ct
1289 2469 1441 2506 videbat
1475 2471 1617 2516 Joseph
1647 2474 1725 2506 tur·

932 2517 1076 2561 batum,
1093 2520 1129 2553 et
1149 2516 1195 2552 de
1216 2517 1287 2553 hoe
1303 2517 1384 2563 ipsa
1402 2519 1627 2554 turbabatur
1647 2527 1724 2554 non

931 2564 1137 2601 modicum.
1171 2564 1371 2601 Humiliter
1396 2569 1524 2602 tamen
1558 2565 1721 2610 tacebat,

931 2616 968 2649 et
989 2612 1201 2649 occultabat
1226 2612 1370 2649 donum
1396 2613 1476 2657 Dei,
1504 2612 1634 2648 volens
1654 2621 1722 2658 po-

930 2659 1005 2696 tius
1046 2660 1131 2696 vilis
1170 2663 1208 2696 et
1245 2660 1345 2697 mala
1382 2661 1564 2706 reputari,
1605 2669 1720 2705 quam

930 2708 1054 2754 ipsum
1087 2707 1230 2744 donum
1268 2708 1485 2755 propalare,
1523 2711 1561 2743 et
1600 2707 1647 2743 de
1678 2717 1720 2743 se

929 2755 1072 2802 aliquid
1110 2755 1236 2802 loqui,
1274 2755 1374 2802 quod
1413 2755 1460 2791 ad
1495 2753 1717 2801 Jactantiam

929 2806 1128 2851 putaretur
1152 2802 1355 2850 pertinere.
1387 2804 1559 2849 Rogabat
1589 2804 1718 2839 autem
