<?xml version="1.0" encoding="UTF-8"?>
<!DOCTYPE html PUBLIC "-//W3C//DTD XHTML 1.0 Transitional//EN"
    "http://www.w3.org/TR/xhtml1/DTD/xhtml1-transitional.dtd">
<html xmlns="http://www.w3.org/1999/xhtml" xml:lang="en" lang="en">
 <head>
  <title>
</title>
<meta http-equiv="Content-Type" content="text/html;charset=utf-8" />
  <meta name='ocr-system' content='tesseract 3.04.00' />
  <meta name='ocr-capabilities' content='ocr_page ocr_carea ocr_par ocr_line ocrx_word'/>
</head>
<body>
  <div class='ocr_page' id='page_1' title='image "./vitajesuchristie01ludouoft_0051.png"; bbox 0 0 1897 3167; ppageno 0'>
   <div class='ocr_carea' id='block_1_1' title="bbox 463 167 1740 206">
    <p class='ocr_par' dir='ltr' id='par_1_1' title="bbox 463 167 1740 206">
     <span class='ocr_line' id='line_1_1' title="bbox 463 167 1740 206; baseline -0.001 -2"><span class='ocrx_word' id='word_1_1' title='bbox 463 173 513 206; x_wconf 68' lang='lat' dir='ltr'>5)ss</span> <span class='ocrx_word' id='word_1_2' title='bbox 551 172 851 205; x_wconf 72' lang='lat' dir='ltr'>CONClIl‘TlONE</span> <span class='ocrx_word' id='word_1_3' title='bbox 890 172 1158 206; x_wconf 65' lang='lat' dir='ltr'>SALVATOMS</span> <span class='ocrx_word' id='word_1_4' title='bbox 1196 171 1372 206; x_wconf 52' lang='lat' dir='ltr'>ivosrttt.</span> <span class='ocrx_word' id='word_1_5' title='bbox 1700 167 1740 198; x_wconf 75' lang='grc'>37</span> 
     </span>
    </p>
   </div>
   <div class='ocr_carea' id='block_1_2' title="bbox 82 240 881 2832">
    <p class='ocr_par' dir='ltr' id='par_1_2' title="bbox 82 240 881 2832">
     <span class='ocr_line' id='line_1_2' title="bbox 98 240 878 286; baseline -0.004 -8"><span class='ocrx_word' id='word_1_6' title='bbox 98 242 281 278; x_wconf 91' lang='lat' dir='ltr'>mundum</span> <span class='ocrx_word' id='word_1_7' title='bbox 302 241 517 284; x_wconf 75' lang='lat' dir='ltr'>redimeret,</span> <span class='ocrx_word' id='word_1_8' title='bbox 543 251 609 286; x_wconf 88' lang='lat' dir='ltr'>per</span> <span class='ocrx_word' id='word_1_9' title='bbox 631 243 665 276; x_wconf 91' lang='lat' dir='ltr'>te</span> <span class='ocrx_word' id='word_1_10' title='bbox 691 240 878 276; x_wconf 83' lang='lat' dir='ltr'>illumina-</span> 
     </span>
     <span class='ocr_line' id='line_1_3' title="bbox 99 287 877 335; baseline -0.003 -11"><span class='ocrx_word' id='word_1_11' title='bbox 99 293 169 333; x_wconf 89' lang='lat' dir='ltr'>ret,</span> <span class='ocrx_word' id='word_1_12' title='bbox 210 293 246 325; x_wconf 92' lang='lat' dir='ltr'>et</span> <span class='ocrx_word' id='word_1_13' title='bbox 283 299 350 335; x_wconf 91' lang='lat' dir='ltr'>per</span> <span class='ocrx_word' id='word_1_14' title='bbox 383 291 418 323; x_wconf 92' lang='lat' dir='ltr'>te</span> <span class='ocrx_word' id='word_1_15' title='bbox 451 287 497 323; x_wconf 91' lang='lat' dir='ltr'>ad</span> <span class='ocrx_word' id='word_1_16' title='bbox 530 287 643 322; x_wconf 92' lang='lat' dir='ltr'>vitam</span> <span class='ocrx_word' id='word_1_17' title='bbox 673 291 877 323; x_wconf 88' lang='lat' dir='ltr'>revocaret.</span> 
     </span>
     <span class='ocr_line' id='line_1_4' title="bbox 101 334 878 381; baseline -0.003 -10"><span class='ocrx_word' id='word_1_18' title='bbox 101 337 215 373; x_wconf 83' lang='lat' dir='ltr'>Plena</span> <span class='ocrx_word' id='word_1_19' title='bbox 241 346 330 381; x_wconf 88' lang='lat' dir='ltr'>ergo</span> <span class='ocrx_word' id='word_1_20' title='bbox 357 335 435 380; x_wconf 80' lang='lat' dir='ltr'>¹iam</span> <span class='ocrx_word' id='word_1_21' title='bbox 464 334 587 379; x_wconf 89' lang='lat' dir='ltr'>gratia</span> <span class='ocrx_word' id='word_1_22' title='bbox 622 334 763 370; x_wconf 89' lang='lat' dir='ltr'>invenit</span> <span class='ocrx_word' id='word_1_23' title='bbox 793 346 878 381; x_wconf 88' lang='lat' dir='ltr'>gra-</span> 
     </span>
     <span class='ocr_line' id='line_1_5' title="bbox 99 381 877 428; baseline -0.001 -10"><span class='ocrx_word' id='word_1_24' title='bbox 99 383 203 427; x_wconf 89' lang='lat' dir='ltr'>tiam,</span> <span class='ocrx_word' id='word_1_25' title='bbox 225 382 290 418; x_wconf 91' lang='lat' dir='ltr'>sed</span> <span class='ocrx_word' id='word_1_26' title='bbox 313 381 409 425; x_wconf 74' lang='lat' dir='ltr'>aliis,</span> <span class='ocrx_word' id='word_1_27' title='bbox 435 385 471 417; x_wconf 91' lang='lat' dir='ltr'>et</span> <span class='ocrx_word' id='word_1_28' title='bbox 496 381 541 418; x_wconf 91' lang='lat' dir='ltr'>ad</span> <span class='ocrx_word' id='word_1_29' title='bbox 571 381 877 428; x_wconf 86' lang='lat' dir='ltr'>dispensandum.</span> 
     </span>
     <span class='ocr_line' id='line_1_6' title="bbox 97 429 881 476; baseline -0.003 -9"><span class='ocrx_word' id='word_1_30' title='bbox 97 430 199 467; x_wconf 82' lang='lat' dir='ltr'><strong>Unde</strong></span> <span class='ocrx_word' id='word_1_31' title='bbox 230 430 463 473; x_wconf 77' lang='lat' dir='ltr'>Anqustz‘nus</span> <span class='ocrx_word' id='word_1_32' title='bbox 497 440 507 462; x_wconf 84' lang='grc'>.-</span> <span class='ocrx_word' id='word_1_33' title='bbox 540 442 557 462; x_wconf 89' lang='lat'>«</span> <span class='ocrx_word' id='word_1_34' title='bbox 587 429 615 465; x_wconf 93' lang='grc' dir='ltr'>Ο</span> <span class='ocrx_word' id='word_1_35' title='bbox 639 429 770 472; x_wconf 87' lang='lat' dir='ltr'>Maria,</span> <span class='ocrx_word' id='word_1_36' title='bbox 797 440 881 476; x_wconf 88' lang='lat' dir='ltr'>gra-</span> 
     </span>
     <span class='ocr_line' id='line_1_7' title="bbox 95 475 880 523; baseline -0.001 -10"><span class='ocrx_word' id='word_1_37' title='bbox 95 477 184 513; x_wconf 87' lang='lat' dir='ltr'>tiam</span> <span class='ocrx_word' id='word_1_38' title='bbox 223 476 322 523; x_wconf 90' lang='lat' dir='ltr'>apud</span> <span class='ocrx_word' id='word_1_39' title='bbox 363 475 562 512; x_wconf 86' lang='lat' dir='ltr'>Dominum</span> <span class='ocrx_word' id='word_1_40' title='bbox 611 475 804 521; x_wconf 75' lang='lat' dir='ltr'>invenisti,</span> <span class='ocrx_word' id='word_1_41' title='bbox 844 480 880 512; x_wconf 89' lang='lat' dir='ltr'>et</span> 
     </span>
     <span class='ocr_line' id='line_1_8' title="bbox 95 523 880 570; baseline -0.001 -10"><span class='ocrx_word' id='word_1_42' title='bbox 95 524 190 560; x_wconf 90' lang='lat' dir='ltr'>hanc</span> <span class='ocrx_word' id='word_1_43' title='bbox 216 533 284 570; x_wconf 92' lang='lat' dir='ltr'>per</span> <span class='ocrx_word' id='word_1_44' title='bbox 309 526 428 559; x_wconf 90' lang='lat' dir='ltr'>totum</span> <span class='ocrx_word' id='word_1_45' title='bbox 455 523 636 560; x_wconf 89' lang='lat' dir='ltr'>muudum</span> <span class='ocrx_word' id='word_1_46' title='bbox 669 523 880 560; x_wconf 77' lang='lat' dir='ltr'>diffundere</span> 
     </span>
     <span class='ocr_line' id='line_1_9' title="bbox 94 570 881 607; baseline 0 0"><span class='ocrx_word' id='word_1_47' title='bbox 94 570 279 607; x_wconf 89' lang='lat' dir='ltr'>meruisti.</span> <span class='ocrx_word' id='word_1_48' title='bbox 303 584 321 602; x_wconf 91' lang='lat'>»</span> <span class='ocrx_word' id='word_1_49' title='bbox 346 570 448 606; x_wconf 87' lang='lat' dir='ltr'>Unde</span> <span class='ocrx_word' id='word_1_50' title='bbox 475 574 650 607; x_wconf 75' lang='lat' dir='ltr'>notanter</span> <span class='ocrx_word' id='word_1_51' title='bbox 669 570 758 607; x_wconf 89' lang='lat' dir='ltr'>dicit</span> <span class='ocrx_word' id='word_1_52' title='bbox 780 571 881 607; x_wconf 89' lang='lat' dir='ltr'>inve-</span> 
     </span>
     <span class='ocr_line' id='line_1_10' title="bbox 95 617 880 665; baseline -0.001 -11"><span class='ocrx_word' id='word_1_53' title='bbox 95 617 181 654; x_wconf 86' lang='lat' dir='ltr'>nisti</span> <span class='ocrx_word' id='word_1_54' title='bbox 204 629 212 654; x_wconf 84' lang='lat'><strong>:</strong></span> <span class='ocrx_word' id='word_1_55' title='bbox 235 628 311 654; x_wconf 89' lang='lat' dir='ltr'>non</span> <span class='ocrx_word' id='word_1_56' title='bbox 334 617 423 653; x_wconf 88' lang='lat' dir='ltr'>dicit</span> <span class='ocrx_word' id='word_1_57' title='bbox 444 618 622 663; x_wconf 87' lang='lat' dir='ltr'>habuisti,</span> <span class='ocrx_word' id='word_1_58' title='bbox 642 618 697 654; x_wconf 89' lang='lat' dir='ltr'>vel</span> <span class='ocrx_word' id='word_1_59' title='bbox 721 618 880 665; x_wconf 82' lang='lat' dir='ltr'>acquisi-</span> 
     </span>
     <span class='ocr_line' id='line_1_11' title="bbox 94 664 878 712; baseline 0.001 -12"><span class='ocrx_word' id='word_1_60' title='bbox 94 664 194 710; x_wconf 76' lang='lat' dir='ltr'>visti,</span> <span class='ocrx_word' id='word_1_61' title='bbox 217 665 305 711; x_wconf 83' lang='lat' dir='ltr'>quia</span> <span class='ocrx_word' id='word_1_62' title='bbox 324 675 384 701; x_wconf 88' lang='lat' dir='ltr'>res</span> <span class='ocrx_word' id='word_1_63' title='bbox 408 665 537 701; x_wconf 89' lang='lat' dir='ltr'>habita</span> <span class='ocrx_word' id='word_1_64' title='bbox 557 666 612 701; x_wconf 91' lang='lat' dir='ltr'>vel</span> <span class='ocrx_word' id='word_1_65' title='bbox 631 666 730 712; x_wconf 84' lang='lat' dir='ltr'>juste</span> <span class='ocrx_word' id='word_1_66' title='bbox 751 665 878 712; x_wconf 79' lang='lat' dir='ltr'>acqui-</span> 
     </span>
     <span class='ocr_line' id='line_1_12' title="bbox 95 711 879 759; baseline 0.001 -11"><span class='ocrx_word' id='word_1_67' title='bbox 95 711 167 749; x_wconf 88' lang='lat' dir='ltr'>sita</span> <span class='ocrx_word' id='word_1_68' title='bbox 183 716 222 748; x_wconf 89' lang='lat' dir='ltr'>ut</span> <span class='ocrx_word' id='word_1_69' title='bbox 242 712 394 759; x_wconf 88' lang='lat' dir='ltr'>propria</span> <span class='ocrx_word' id='word_1_70' title='bbox 409 712 705 757; x_wconf 67' lang='lat' dir='ltr'>custodum-‚scd</span> <span class='ocrx_word' id='word_1_71' title='bbox 728 713 879 749; x_wconf 85' lang='lat' dir='ltr'>iuventa</span> 
     </span>
     <span class='ocr_line' id='line_1_13' title="bbox 93 759 879 806; baseline 0.001 -11"><span class='ocrx_word' id='word_1_72' title='bbox 93 759 152 796; x_wconf 91' lang='lat' dir='ltr'>his</span> <span class='ocrx_word' id='word_1_73' title='bbox 178 759 240 806; x_wconf 88' lang='lat' dir='ltr'>qui</span> <span class='ocrx_word' id='word_1_74' title='bbox 274 759 521 805; x_wconf 89' lang='lat' dir='ltr'>perdiderunt</span> <span class='ocrx_word' id='word_1_75' title='bbox 548 760 756 796; x_wconf 77' lang='lat' dir='ltr'>restituitur</span> <span class='ocrx_word' id='word_1_76' title='bbox 787 773 794 796; x_wconf 76' lang='lat' dir='ltr'>z</span> <span class='ocrx_word' id='word_1_77' title='bbox 827 760 879 796; x_wconf 88' lang='lat' dir='ltr'>sie</span> 
     </span>
     <span class='ocr_line' id='line_1_14' title="bbox 96 806 878 854; baseline 0 -11"><span class='ocrx_word' id='word_1_78' title='bbox 96 806 215 843; x_wconf 83' lang='lat' dir='ltr'>Maria</span> <span class='ocrx_word' id='word_1_79' title='bbox 240 806 386 843; x_wconf 90' lang='lat' dir='ltr'>invenit</span> <span class='ocrx_word' id='word_1_80' title='bbox 410 807 586 854; x_wconf 84' lang='lat' dir='ltr'>gratiam,</span> <span class='ocrx_word' id='word_1_81' title='bbox 609 818 682 843; x_wconf 88' lang='lat' dir='ltr'>non</span> <span class='ocrx_word' id='word_1_82' title='bbox 713 807 782 844; x_wconf 90' lang='lat' dir='ltr'>sibi</span> <span class='ocrx_word' id='word_1_83' title='bbox 810 807 878 843; x_wconf 91' lang='lat' dir='ltr'>soli</span> 
     </span>
     <span class='ocr_line' id='line_1_15' title="bbox 92 853 878 901; baseline 0 -11"><span class='ocrx_word' id='word_1_84' title='bbox 92 853 344 898; x_wconf 87' lang='lat' dir='ltr'>retinendam,</span> <span class='ocrx_word' id='word_1_85' title='bbox 367 855 432 890; x_wconf 87' lang='lat' dir='ltr'>sed</span> <span class='ocrx_word' id='word_1_86' title='bbox 452 860 643 901; x_wconf 86' lang='lat' dir='ltr'>tamquam</span> <span class='ocrx_word' id='word_1_87' title='bbox 664 855 748 891; x_wconf 88' lang='lat' dir='ltr'>aliis</span> <span class='ocrx_word' id='word_1_88' title='bbox 769 855 878 891; x_wconf 82' lang='lat' dir='ltr'>resti-</span> 
     </span>
     <span class='ocr_line' id='line_1_16' title="bbox 94 901 878 949; baseline 0 -11"><span class='ocrx_word' id='word_1_89' title='bbox 94 901 286 938; x_wconf 78' lang='lat' dir='ltr'>tuendam.</span> <span class='ocrx_word' id='word_1_90' title='bbox 307 901 375 945; x_wconf 88' lang='lat' dir='ltr'>Qui</span> <span class='ocrx_word' id='word_1_91' title='bbox 394 901 494 938; x_wconf 91' lang='lat' dir='ltr'>enim</span> <span class='ocrx_word' id='word_1_92' title='bbox 513 902 657 938; x_wconf 85' lang='lat' dir='ltr'>invenit</span> <span class='ocrx_word' id='word_1_93' title='bbox 674 902 878 949; x_wconf 89' lang='lat' dir='ltr'>perditum,</span> 
     </span>
     <span class='ocr_line' id='line_1_17' title="bbox 92 949 879 996; baseline 0.001 -12"><span class='ocrx_word' id='word_1_94' title='bbox 92 951 243 985; x_wconf 88' lang='lat' dir='ltr'>tenetur</span> <span class='ocrx_word' id='word_1_95' title='bbox 259 949 475 993; x_wconf 85' lang='lat' dir='ltr'>restituere;</span> <span class='ocrx_word' id='word_1_96' title='bbox 490 949 650 995; x_wconf 85' lang='lat' dir='ltr'>gratiam</span> <span class='ocrx_word' id='word_1_97' title='bbox 664 961 751 986; x_wconf 83' lang='lat' dir='ltr'>vero</span> <span class='ocrx_word' id='word_1_98' title='bbox 767 961 879 996; x_wconf 82' lang='lat' dir='ltr'>quam</span> 
     </span>
     <span class='ocr_line' id='line_1_18' title="bbox 96 996 879 1043; baseline 0.001 -11"><span class='ocrx_word' id='word_1_99' title='bbox 96 997 171 1032; x_wconf 83' lang='lat' dir='ltr'>Eva</span> <span class='ocrx_word' id='word_1_100' title='bbox 194 996 371 1043; x_wconf 86' lang='lat' dir='ltr'>perdidit,</span> <span class='ocrx_word' id='word_1_101' title='bbox 401 996 519 1033; x_wconf 82' lang='lat' dir='ltr'>Maria</span> <span class='ocrx_word' id='word_1_102' title='bbox 542 996 695 1041; x_wconf 89' lang='lat' dir='ltr'>invenit,</span> <span class='ocrx_word' id='word_1_103' title='bbox 724 1008 798 1033; x_wconf 86' lang='lat' dir='ltr'>nou</span> <span class='ocrx_word' id='word_1_104' title='bbox 820 1008 879 1033; x_wconf 86' lang='lat' dir='ltr'>so-</span> 
     </span>
     <span class='ocr_line' id='line_1_19' title="bbox 93 1042 879 1091; baseline 0.001 -12"><span class='ocrx_word' id='word_1_105' title='bbox 93 1042 169 1080; x_wconf 93' lang='lat' dir='ltr'>lum</span> <span class='ocrx_word' id='word_1_106' title='bbox 184 1054 252 1090; x_wconf 93' lang='lat' dir='ltr'>pro</span> <span class='ocrx_word' id='word_1_107' title='bbox 267 1054 320 1087; x_wconf 93' lang='lat' dir='ltr'>se,</span> <span class='ocrx_word' id='word_1_108' title='bbox 332 1044 445 1080; x_wconf 88' lang='lat' dir='ltr'>sedet</span> <span class='ocrx_word' id='word_1_109' title='bbox 461 1054 528 1091; x_wconf 91' lang='lat' dir='ltr'>pro</span> <span class='ocrx_word' id='word_1_110' title='bbox 544 1044 664 1089; x_wconf 91' lang='lat' dir='ltr'>nobis,</span> <span class='ocrx_word' id='word_1_111' title='bbox 680 1044 753 1080; x_wconf 92' lang='lat' dir='ltr'>imo</span> <span class='ocrx_word' id='word_1_112' title='bbox 766 1046 879 1080; x_wconf 87' lang='lat' dir='ltr'>etiam</span> 
     </span>
     <span class='ocr_line' id='line_1_20' title="bbox 93 1091 881 1138; baseline 0.003 -12"><span class='ocrx_word' id='word_1_113' title='bbox 93 1094 249 1137; x_wconf 91' lang='lat' dir='ltr'>propter</span> <span class='ocrx_word' id='word_1_114' title='bbox 268 1101 338 1127; x_wconf 91' lang='lat' dir='ltr'>nos</span> <span class='ocrx_word' id='word_1_115' title='bbox 360 1103 368 1126; x_wconf 74' lang='grc' dir='ltr'>ε</span> <span class='ocrx_word' id='word_1_116' title='bbox 393 1091 479 1137; x_wconf 87' lang='lat' dir='ltr'>quia</span> <span class='ocrx_word' id='word_1_117' title='bbox 506 1091 535 1127; x_wconf 91' lang='lat' dir='ltr'>si</span> <span class='ocrx_word' id='word_1_118' title='bbox 565 1102 634 1128; x_wconf 89' lang='lat' dir='ltr'>nos</span> <span class='ocrx_word' id='word_1_119' title='bbox 664 1096 881 1138; x_wconf 86' lang='lat' dir='ltr'>peccatores</span> 
     </span>
     <span class='ocr_line' id='line_1_21' title="bbox 96 1137 879 1186; baseline 0.003 -13"><span class='ocrx_word' id='word_1_120' title='bbox 96 1148 174 1173; x_wconf 88' lang='lat' dir='ltr'>non</span> <span class='ocrx_word' id='word_1_121' title='bbox 197 1137 411 1182; x_wconf 80' lang='lat' dir='ltr'>fuissemus,</span> <span class='ocrx_word' id='word_1_122' title='bbox 435 1140 532 1175; x_wconf 85' lang='lat' dir='ltr'>Deus</span> <span class='ocrx_word' id='word_1_123' title='bbox 557 1139 602 1175; x_wconf 90' lang='lat' dir='ltr'>de</span> <span class='ocrx_word' id='word_1_124' title='bbox 628 1139 709 1186; x_wconf 89' lang='lat' dir='ltr'>ipsa</span> <span class='ocrx_word' id='word_1_125' title='bbox 729 1150 879 1176; x_wconf 82' lang='lat' dir='ltr'>carnem</span> 
     </span>
     <span class='ocr_line' id='line_1_22' title="bbox 93 1184 879 1233; baseline 0.003 -13"><span class='ocrx_word' id='word_1_126' title='bbox 93 1194 169 1220; x_wconf 92' lang='lat' dir='ltr'>non</span> <span class='ocrx_word' id='word_1_127' title='bbox 197 1184 431 1232; x_wconf 73' lang='lat' dir='ltr'>sumpsisset.</span> <span class='ocrx_word' id='word_1_128' title='bbox 467 1188 508 1222; x_wconf 84' lang='lat' dir='ltr'>Et</span> <span class='ocrx_word' id='word_1_129' title='bbox 541 1186 627 1222; x_wconf 89' lang='lat' dir='ltr'>ideo</span> <span class='ocrx_word' id='word_1_130' title='bbox 658 1198 789 1223; x_wconf 89' lang='lat' dir='ltr'>omnes</span> <span class='ocrx_word' id='word_1_131' title='bbox 816 1187 879 1233; x_wconf 87' lang='lat' dir='ltr'>qui</span> 
     </span>
     <span class='ocr_line' id='line_1_23' title="bbox 95 1232 879 1279; baseline 0 -11"><span class='ocrx_word' id='word_1_132' title='bbox 95 1232 287 1278; x_wconf 88' lang='lat' dir='ltr'>peccando</span> <span class='ocrx_word' id='word_1_133' title='bbox 325 1233 485 1279; x_wconf 84' lang='lat' dir='ltr'>gratiam</span> <span class='ocrx_word' id='word_1_134' title='bbox 519 1233 728 1278; x_wconf 89' lang='lat' dir='ltr'>amisimus,</span> <span class='ocrx_word' id='word_1_135' title='bbox 759 1234 879 1270; x_wconf 85' lang='lat' dir='ltr'>securi</span> 
     </span>
     <span class='ocr_line' id='line_1_24' title="bbox 93 1279 880 1326; baseline 0.003 -11"><span class='ocrx_word' id='word_1_136' title='bbox 93 1279 141 1315; x_wconf 88' lang='lat' dir='ltr'>ad</span> <span class='ocrx_word' id='word_1_137' title='bbox 180 1280 358 1316; x_wconf 89' lang='lat' dir='ltr'>thronum</span> <span class='ocrx_word' id='word_1_138' title='bbox 398 1280 529 1326; x_wconf 73' lang='lat' dir='ltr'>gratia:</span> <span class='ocrx_word' id='word_1_139' title='bbox 569 1282 806 1325; x_wconf 74' lang='lat' dir='ltr'>accedamus,</span> <span class='ocrx_word' id='word_1_140' title='bbox 844 1285 880 1317; x_wconf 90' lang='lat' dir='ltr'>et</span> 
     </span>
     <span class='ocr_line' id='line_1_25' title="bbox 93 1326 881 1375; baseline 0.003 -13"><span class='ocrx_word' id='word_1_141' title='bbox 93 1326 251 1363; x_wconf 87' lang='lat' dir='ltr'>Mariam</span> <span class='ocrx_word' id='word_1_142' title='bbox 276 1327 521 1364; x_wconf 76' lang='lat' dir='ltr'>inventricem</span> <span class='ocrx_word' id='word_1_143' title='bbox 543 1328 673 1374; x_wconf 64' lang='lat' dir='ltr'>gratiae</span> <span class='ocrx_word' id='word_1_144' title='bbox 695 1328 765 1375; x_wconf 89' lang='lat' dir='ltr'>piis</span> <span class='ocrx_word' id='word_1_145' title='bbox 788 1328 881 1364; x_wconf 84' lang='lat' dir='ltr'>tteti-</span> 
     </span>
     <span class='ocr_line' id='line_1_26' title="bbox 93 1374 878 1422; baseline 0.003 -12"><span class='ocrx_word' id='word_1_146' title='bbox 93 1374 164 1410; x_wconf 89' lang='lat' dir='ltr'>bus</span> <span class='ocrx_word' id='word_1_147' title='bbox 194 1378 306 1420; x_wconf 82' lang='lat' dir='ltr'>atque</span> <span class='ocrx_word' id='word_1_148' title='bbox 327 1374 472 1411; x_wconf 88' lang='lat' dir='ltr'>devotis</span> <span class='ocrx_word' id='word_1_149' title='bbox 496 1376 730 1412; x_wconf 84' lang='lat' dir='ltr'>orationibus</span> <span class='ocrx_word' id='word_1_150' title='bbox 754 1376 878 1422; x_wconf 88' lang='lat' dir='ltr'>pulse-</span> 
     </span>
     <span class='ocr_line' id='line_1_27' title="bbox 92 1423 878 1469; baseline 0.003 -12"><span class='ocrx_word' id='word_1_151' title='bbox 92 1431 191 1465; x_wconf 90' lang='lat' dir='ltr'>mus,</span> <span class='ocrx_word' id='word_1_152' title='bbox 213 1426 253 1457; x_wconf 91' lang='lat' dir='ltr'>ut</span> <span class='ocrx_word' id='word_1_153' title='bbox 277 1423 437 1468; x_wconf 84' lang='lat' dir='ltr'>gratiam</span> <span class='ocrx_word' id='word_1_154' title='bbox 462 1423 571 1459; x_wconf 88' lang='lat' dir='ltr'>nobis</span> <span class='ocrx_word' id='word_1_155' title='bbox 597 1423 742 1466; x_wconf 88' lang='lat' dir='ltr'>reddat,</span> <span class='ocrx_word' id='word_1_156' title='bbox 767 1434 878 1469; x_wconf 82' lang='lat' dir='ltr'>quam</span> 
     </span>
     <span class='ocr_line' id='line_1_28' title="bbox 93 1468 879 1517; baseline 0.004 -14"><span class='ocrx_word' id='word_1_157' title='bbox 93 1478 162 1514; x_wconf 91' lang='lat' dir='ltr'>pro</span> <span class='ocrx_word' id='word_1_158' title='bbox 181 1468 289 1504; x_wconf 86' lang='lat' dir='ltr'>nobis</span> <span class='ocrx_word' id='word_1_159' title='bbox 306 1473 340 1504; x_wconf 92' lang='lat' dir='ltr'>et</span> <span class='ocrx_word' id='word_1_160' title='bbox 362 1474 514 1516; x_wconf 87' lang='lat' dir='ltr'>propter</span> <span class='ocrx_word' id='word_1_161' title='bbox 529 1482 597 1506; x_wconf 90' lang='lat' dir='ltr'>nos</span> <span class='ocrx_word' id='word_1_162' title='bbox 618 1470 772 1505; x_wconf 89' lang='lat' dir='ltr'>invenit.</span> <span class='ocrx_word' id='word_1_163' title='bbox 796 1472 879 1517; x_wconf 85' lang='lat' dir='ltr'>Ipsa</span> 
     </span>
     <span class='ocr_line' id='line_1_29' title="bbox 93 1515 876 1564; baseline 0.001 -12"><span class='ocrx_word' id='word_1_164' title='bbox 93 1519 150 1552; x_wconf 88' lang='lat' dir='ltr'>est</span> <span class='ocrx_word' id='word_1_165' title='bbox 170 1516 269 1552; x_wconf 89' lang='lat' dir='ltr'>enim</span> <span class='ocrx_word' id='word_1_166' title='bbox 288 1515 340 1552; x_wconf 89' lang='lat' dir='ltr'>ita</span> <span class='ocrx_word' id='word_1_167' title='bbox 358 1516 500 1562; x_wconf 69' lang='lat' dir='ltr'>legalis,</span> <span class='ocrx_word' id='word_1_168' title='bbox 520 1518 635 1563; x_wconf 88' lang='lat' dir='ltr'>justa,</span> <span class='ocrx_word' id='word_1_169' title='bbox 657 1517 717 1563; x_wconf 88' lang='lat' dir='ltr'>pia</span> <span class='ocrx_word' id='word_1_170' title='bbox 735 1521 771 1553; x_wconf 88' lang='lat' dir='ltr'>et</span> <span class='ocrx_word' id='word_1_171' title='bbox 791 1528 876 1564; x_wconf 90' lang='lat' dir='ltr'>pro-</span> 
     </span>
     <span class='ocr_line' id='line_1_30' title="bbox 93 1562 878 1610; baseline 0.003 -12"><span class='ocrx_word' id='word_1_172' title='bbox 93 1562 200 1609; x_wconf 90' lang='lat' dir='ltr'>pitia,</span> <span class='ocrx_word' id='word_1_173' title='bbox 234 1563 334 1608; x_wconf 88' lang='lat' dir='ltr'>quod</span> <span class='ocrx_word' id='word_1_174' title='bbox 369 1563 460 1599; x_wconf 84' lang='lat' dir='ltr'>nulli</span> <span class='ocrx_word' id='word_1_175' title='bbox 499 1565 681 1609; x_wconf 74' lang='lat' dir='ltr'>quaerenti</span> <span class='ocrx_word' id='word_1_176' title='bbox 715 1565 878 1610; x_wconf 84' lang='lat' dir='ltr'>denegat</span> 
     </span>
     <span class='ocr_line' id='line_1_31' title="bbox 92 1609 877 1657; baseline 0.004 -12"><span class='ocrx_word' id='word_1_177' title='bbox 92 1609 268 1657; x_wconf 83' lang='lat' dir='ltr'>gratiam.</span> <span class='ocrx_word' id='word_1_178' title='bbox 286 1610 389 1646; x_wconf 84' lang='lat' dir='ltr'>Unde</span> <span class='ocrx_word' id='word_1_179' title='bbox 409 1612 615 1647; x_wconf 73' lang='lat' dir='ltr'>Bernardus</span> <span class='ocrx_word' id='word_1_180' title='bbox 631 1625 640 1646; x_wconf 89' lang='lat'>:</span> <span class='ocrx_word' id='word_1_181' title='bbox 662 1626 677 1645; x_wconf 89' lang='lat'>«</span> <span class='ocrx_word' id='word_1_182' title='bbox 695 1611 877 1648; x_wconf 87' lang='lat' dir='ltr'>Omnibus</span> 
     </span>
     <span class='ocr_line' id='line_1_32' title="bbox 93 1657 876 1702; baseline 0.004 -10"><span class='ocrx_word' id='word_1_183' title='bbox 93 1657 220 1693; x_wconf 81' lang='lat' dir='ltr'>onmia</span> <span class='ocrx_word' id='word_1_184' title='bbox 241 1657 339 1694; x_wconf 85' lang='lat' dir='ltr'>sacta</span> <span class='ocrx_word' id='word_1_185' title='bbox 368 1662 438 1702; x_wconf 85' lang='lat' dir='ltr'>est,</span> <span class='ocrx_word' id='word_1_186' title='bbox 461 1658 635 1695; x_wconf 88' lang='lat' dir='ltr'>omnibus</span> <span class='ocrx_word' id='word_1_187' title='bbox 656 1659 780 1696; x_wconf 87' lang='lat' dir='ltr'>sinum</span> <span class='ocrx_word' id='word_1_188' title='bbox 808 1659 876 1695; x_wconf 90' lang='lat' dir='ltr'>mi-</span> 
     </span>
     <span class='ocr_line' id='line_1_33' title="bbox 92 1704 878 1758; baseline 0.003 -18"><span class='ocrx_word' id='word_1_189' title='bbox 92 1704 306 1758; x_wconf 51' lang='lat' dir='ltr'>sericordia¹</span> <span class='ocrx_word' id='word_1_190' title='bbox 327 1705 488 1751; x_wconf 91' lang='lat' dir='ltr'>aperuit,</span> <span class='ocrx_word' id='word_1_191' title='bbox 511 1710 552 1742; x_wconf 90' lang='lat' dir='ltr'>ut</span> <span class='ocrx_word' id='word_1_192' title='bbox 575 1706 620 1742; x_wconf 92' lang='lat' dir='ltr'>de</span> <span class='ocrx_word' id='word_1_193' title='bbox 642 1706 878 1753; x_wconf 86' lang='lat' dir='ltr'>plenitudine</span> 
     </span>
     <span class='ocr_line' id='line_1_34' title="bbox 92 1751 877 1801; baseline 0.003 -13"><span class='ocrx_word' id='word_1_194' title='bbox 92 1761 173 1798; x_wconf 85' lang='lat' dir='ltr'>eJus</span> <span class='ocrx_word' id='word_1_195' title='bbox 220 1751 406 1798; x_wconf 76' lang='lat' dir='ltr'>accipiant</span> <span class='ocrx_word' id='word_1_196' title='bbox 448 1752 611 1789; x_wconf 86' lang='lat' dir='ltr'>universi</span> <span class='ocrx_word' id='word_1_197' title='bbox 656 1766 664 1790; x_wconf 80' lang='lat' dir='ltr'><em>z</em></span> <span class='ocrx_word' id='word_1_198' title='bbox 710 1754 877 1801; x_wconf 84' lang='lat' dir='ltr'>captivus</span> 
     </span>
     <span class='ocr_line' id='line_1_35' title="bbox 89 1799 878 1846; baseline 0.003 -11"><span class='ocrx_word' id='word_1_199' title='bbox 89 1799 405 1846; x_wconf 82' lang='lat' dir='ltr'>redemptionem,</span> <span class='ocrx_word' id='word_1_200' title='bbox 425 1811 526 1846; x_wconf 70' lang='lat' dir='ltr'>{eger</span> <span class='ocrx_word' id='word_1_201' title='bbox 544 1800 792 1844; x_wconf 86' lang='lat' dir='ltr'>curationem,</span> <span class='ocrx_word' id='word_1_202' title='bbox 814 1801 878 1837; x_wconf 88' lang='lat' dir='ltr'>tri-</span> 
     </span>
     <span class='ocr_line' id='line_1_36' title="bbox 91 1845 874 1899; baseline 0.004 -17"><span class='ocrx_word' id='word_1_203' title='bbox 91 1845 158 1899; x_wconf 74' lang='lat' dir='ltr'>stis</span> <span class='ocrx_word' id='word_1_204' title='bbox 179 1846 492 1892; x_wconf 87' lang='lat' dir='ltr'>consolationem,</span> <span class='ocrx_word' id='word_1_205' title='bbox 514 1853 690 1895; x_wconf 88' lang='lat' dir='ltr'>peccator</span> <span class='ocrx_word' id='word_1_206' title='bbox 716 1849 874 1894; x_wconf 85' lang='lat' dir='ltr'>veniam,</span> 
     </span>
     <span class='ocr_line' id='line_1_37' title="bbox 85 1894 874 1942; baseline 0.005 -13"><span class='ocrx_word' id='word_1_207' title='bbox 85 1897 211 1940; x_wconf 83' lang='lat' dir='ltr'>Justus</span> <span class='ocrx_word' id='word_1_208' title='bbox 252 1894 428 1941; x_wconf 87' lang='lat' dir='ltr'>gratiam,</span> <span class='ocrx_word' id='word_1_209' title='bbox 474 1896 639 1942; x_wconf 83' lang='lat' dir='ltr'>Angelus</span> <span class='ocrx_word' id='word_1_210' title='bbox 691 1897 874 1941; x_wconf 62' lang='lat' dir='ltr'>laetitiam,</span> 
     </span>
     <span class='ocr_line' id='line_1_38' title="bbox 90 1940 875 1993; baseline 0.004 -16"><span class='ocrx_word' id='word_1_211' title='bbox 90 1940 253 1993; x_wconf 79' lang='lat' dir='ltr'>denique</span> <span class='ocrx_word' id='word_1_212' title='bbox 290 1945 368 1978; x_wconf 90' lang='lat' dir='ltr'>tota</span> <span class='ocrx_word' id='word_1_213' title='bbox 394 1942 556 1979; x_wconf 88' lang='lat' dir='ltr'>Trinitas</span> <span class='ocrx_word' id='word_1_214' title='bbox 583 1943 755 1990; x_wconf 88' lang='lat' dir='ltr'>gloriam.</span> <span class='ocrx_word' id='word_1_215' title='bbox 786 1960 804 1976; x_wconf 89' lang='lat'>»</span> <span class='ocrx_word' id='word_1_216' title='bbox 834 1946 875 1979; x_wconf 88' lang='lat' dir='ltr'>Et</span> 
     </span>
     <span class='ocr_line' id='line_1_39' title="bbox 90 1989 875 2037; baseline 0.005 -13"><span class='ocrx_word' id='word_1_217' title='bbox 90 1991 228 2024; x_wconf 82' lang='lat' dir='ltr'>iterum</span> <span class='ocrx_word' id='word_1_218' title='bbox 263 2004 270 2025; x_wconf 89' lang='lat'><strong>:</strong></span> <span class='ocrx_word' id='word_1_219' title='bbox 312 2003 329 2021; x_wconf 94' lang='lat'>«</span> <span class='ocrx_word' id='word_1_220' title='bbox 364 1989 496 2035; x_wconf 82' lang='lat' dir='ltr'>Filioli,</span> <span class='ocrx_word' id='word_1_221' title='bbox 527 1991 607 2026; x_wconf 80' lang='lat' dir='ltr'>haec</span> <span class='ocrx_word' id='word_1_222' title='bbox 638 1995 875 2037; x_wconf 86' lang='lat' dir='ltr'>peccatorum</span> 
     </span>
     <span class='ocr_line' id='line_1_40' title="bbox 91 2035 877 2084; baseline 0.005 -13"><span class='ocrx_word' id='word_1_223' title='bbox 91 2035 206 2080; x_wconf 87' lang='lat' dir='ltr'>scala,</span> <span class='ocrx_word' id='word_1_224' title='bbox 228 2036 308 2072; x_wconf 84' lang='lat' dir='ltr'>haec</span> <span class='ocrx_word' id='word_1_225' title='bbox 329 2047 414 2072; x_wconf 85' lang='lat' dir='ltr'>mea</span> <span class='ocrx_word' id='word_1_226' title='bbox 441 2037 603 2074; x_wconf 85' lang='lat' dir='ltr'>maxima</span> <span class='ocrx_word' id='word_1_227' title='bbox 624 2039 773 2084; x_wconf 76' lang='lat' dir='ltr'>fiducia,</span> <span class='ocrx_word' id='word_1_228' title='bbox 798 2040 877 2075; x_wconf 80' lang='lat' dir='ltr'>haec</span> 
     </span>
     <span class='ocr_line' id='line_1_41' title="bbox 90 2083 877 2129; baseline 0.005 -11"><span class='ocrx_word' id='word_1_229' title='bbox 90 2085 170 2119; x_wconf 89' lang='lat' dir='ltr'>tota</span> <span class='ocrx_word' id='word_1_230' title='bbox 190 2085 286 2119; x_wconf 87' lang='lat' dir='ltr'>ratio</span> <span class='ocrx_word' id='word_1_231' title='bbox 314 2083 392 2129; x_wconf 86' lang='lat' dir='ltr'>spei</span> <span class='ocrx_word' id='word_1_232' title='bbox 427 2095 532 2121; x_wconf 72' lang='lat' dir='ltr'>mese.</span> <span class='ocrx_word' id='word_1_233' title='bbox 561 2085 648 2121; x_wconf 85' lang='lat' dir='ltr'>Dico</span> <span class='ocrx_word' id='word_1_234' title='bbox 677 2086 781 2123; x_wconf 88' lang='lat' dir='ltr'>vobis</span> <span class='ocrx_word' id='word_1_235' title='bbox 805 2098 812 2122; x_wconf 89' lang='lat'>:</span> <span class='ocrx_word' id='word_1_236' title='bbox 841 2086 877 2123; x_wconf 86' lang='lat' dir='ltr'>Si</span> 
     </span>
     <span class='ocr_line' id='line_1_42' title="bbox 90 2129 878 2184; baseline 0.005 -18"><span class='ocrx_word' id='word_1_237' title='bbox 90 2129 151 2176; x_wconf 90' lang='lat' dir='ltr'>pie</span> <span class='ocrx_word' id='word_1_238' title='bbox 178 2141 212 2184; x_wconf 33' lang='lat' dir='ltr'>‘a</span> <span class='ocrx_word' id='word_1_239' title='bbox 244 2131 357 2184; x_wconf 37' lang='lat' dir='ltr'>‚vobis</span> <span class='ocrx_word' id='word_1_240' title='bbox 396 2132 545 2178; x_wconf 86' lang='lat' dir='ltr'>pulsata</span> <span class='ocrx_word' id='word_1_241' title='bbox 583 2133 707 2178; x_wconf 89' lang='lat' dir='ltr'>suerit,</span> <span class='ocrx_word' id='word_1_242' title='bbox 748 2133 777 2169; x_wconf 85' lang='lat' dir='ltr'>si</span> <span class='ocrx_word' id='word_1_243' title='bbox 818 2134 878 2181; x_wconf 86' lang='lat' dir='ltr'>pie</span> 
     </span>
     <span class='ocr_line' id='line_1_43' title="bbox 91 2178 876 2227; baseline 0.005 -14"><span class='ocrx_word' id='word_1_244' title='bbox 91 2178 205 2214; x_wconf 82' lang='lat' dir='ltr'>suerit</span> <span class='ocrx_word' id='word_1_245' title='bbox 242 2183 430 2223; x_wconf 84' lang='lat' dir='ltr'>luvocata,</span> <span class='ocrx_word' id='word_1_246' title='bbox 471 2180 718 2227; x_wconf 88' lang='lat' dir='ltr'>compatietur</span> <span class='ocrx_word' id='word_1_247' title='bbox 757 2181 876 2226; x_wconf 86' lang='lat' dir='ltr'>vobis,</span> 
     </span>
     <span class='ocr_line' id='line_1_44' title="bbox 90 2225 877 2275; baseline 0.005 -15"><span class='ocrx_word' id='word_1_248' title='bbox 90 2234 168 2261; x_wconf 90' lang='lat' dir='ltr'>non</span> <span class='ocrx_word' id='word_1_249' title='bbox 200 2225 320 2261; x_wconf 89' lang='lat' dir='ltr'>deerit</span> <span class='ocrx_word' id='word_1_250' title='bbox 345 2227 558 2263; x_wconf 88' lang='lat' dir='ltr'>necessitati</span> <span class='ocrx_word' id='word_1_251' title='bbox 588 2232 736 2273; x_wconf 65' lang='lat' dir='ltr'>vestrm,</span> <span class='ocrx_word' id='word_1_252' title='bbox 762 2228 877 2275; x_wconf 85' lang='lat' dir='ltr'>siqui-</span> 
     </span>
     <span class='ocr_line' id='line_1_45' title="bbox 91 2271 877 2322; baseline 0.006 -15"><span class='ocrx_word' id='word_1_253' title='bbox 91 2271 178 2307; x_wconf 91' lang='lat' dir='ltr'>dem</span> <span class='ocrx_word' id='word_1_254' title='bbox 207 2283 276 2308; x_wconf 89' lang='lat' dir='ltr'>nec</span> <span class='ocrx_word' id='word_1_255' title='bbox 300 2273 456 2310; x_wconf 80' lang='lat' dir='ltr'>facultas</span> <span class='ocrx_word' id='word_1_256' title='bbox 477 2275 609 2311; x_wconf 88' lang='lat' dir='ltr'>deesse</span> <span class='ocrx_word' id='word_1_257' title='bbox 636 2275 787 2322; x_wconf 88' lang='lat' dir='ltr'>poterit,</span> <span class='ocrx_word' id='word_1_258' title='bbox 809 2286 877 2312; x_wconf 87' lang='lat' dir='ltr'>nec</span> 
     </span>
     <span class='ocr_line' id='line_1_46' title="bbox 92 2318 878 2368; baseline 0.008 -15"><span class='ocrx_word' id='word_1_259' title='bbox 92 2318 281 2364; x_wconf 87' lang='lat' dir='ltr'>voluntas,</span> <span class='ocrx_word' id='word_1_260' title='bbox 315 2321 492 2366; x_wconf 88' lang='lat' dir='ltr'>quoniam</span> <span class='ocrx_word' id='word_1_261' title='bbox 523 2322 667 2368; x_wconf 87' lang='lat' dir='ltr'>Regina</span> <span class='ocrx_word' id='word_1_262' title='bbox 697 2323 878 2360; x_wconf 82' lang='lat' dir='ltr'>coelorum</span> 
     </span>
     <span class='ocr_line' id='line_1_47' title="bbox 93 2366 880 2419; baseline 0.008 -18"><span class='ocrx_word' id='word_1_263' title='bbox 93 2369 164 2419; x_wconf 82' lang='lat' dir='ltr'>est,</span> <span class='ocrx_word' id='word_1_264' title='bbox 189 2370 226 2402; x_wconf 88' lang='lat' dir='ltr'>et</span> <span class='ocrx_word' id='word_1_265' title='bbox 244 2366 457 2404; x_wconf 88' lang='lat' dir='ltr'>misericors</span> <span class='ocrx_word' id='word_1_266' title='bbox 475 2373 511 2405; x_wconf 89' lang='lat' dir='ltr'>et</span> <span class='ocrx_word' id='word_1_267' title='bbox 533 2371 649 2405; x_wconf 87' lang='lat' dir='ltr'>Mater</span> <span class='ocrx_word' id='word_1_268' title='bbox 671 2370 880 2407; x_wconf 81' lang='lat' dir='ltr'>misericor-</span> 
     </span>
     <span class='ocr_line' id='line_1_48' title="bbox 92 2412 877 2454; baseline 0.006 -5"><span class='ocrx_word' id='word_1_269' title='bbox 92 2412 178 2450; x_wconf 75' lang='lat' dir='ltr'>diae.</span> <span class='ocrx_word' id='word_1_270' title='bbox 203 2427 222 2446; x_wconf 94' lang='lat'>»</span> <span class='ocrx_word' id='word_1_271' title='bbox 244 2414 288 2450; x_wconf 89' lang='lat' dir='ltr'>Et</span> <span class='ocrx_word' id='word_1_272' title='bbox 307 2414 441 2451; x_wconf 88' lang='lat' dir='ltr'>iterum</span> <span class='ocrx_word' id='word_1_273' title='bbox 466 2427 473 2451; x_wconf 75' lang='grc' dir='ltr'>ε</span> <span class='ocrx_word' id='word_1_274' title='bbox 500 2431 517 2448; x_wconf 86' lang='lat'>«</span> <span class='ocrx_word' id='word_1_275' title='bbox 540 2416 661 2453; x_wconf 72' lang='lat' dir='ltr'>Altius</span> <span class='ocrx_word' id='word_1_276' title='bbox 682 2417 877 2454; x_wconf 86' lang='lat' dir='ltr'>intuemini</span> 
     </span>
     <span class='ocr_line' id='line_1_49' title="bbox 93 2461 877 2507; baseline 0.008 -11"><span class='ocrx_word' id='word_1_277' title='bbox 93 2463 234 2507; x_wconf 87' lang='lat' dir='ltr'>quanto</span> <span class='ocrx_word' id='word_1_278' title='bbox 248 2461 460 2498; x_wconf 90' lang='lat' dir='ltr'>devotionis</span> <span class='ocrx_word' id='word_1_279' title='bbox 475 2463 612 2500; x_wconf 73' lang='lat' dir='ltr'>affectu</span> <span class='ocrx_word' id='word_1_280' title='bbox 630 2465 775 2501; x_wconf 90' lang='lat' dir='ltr'>anobis</span> <span class='ocrx_word' id='word_1_281' title='bbox 793 2476 877 2502; x_wconf 86' lang='lat' dir='ltr'>eam</span> 
     </span>
     <span class='ocr_line' id='line_1_50' title="bbox 92 2507 877 2563; baseline 0.008 -20"><span class='ocrx_word' id='word_1_282' title='bbox 92 2507 212 2561; x_wconf 72' lang='lat' dir='ltr'>voluit</span> <span class='ocrx_word' id='word_1_283' title='bbox 233 2508 427 2553; x_wconf 89' lang='lat' dir='ltr'>honorari,</span> <span class='ocrx_word' id='word_1_284' title='bbox 453 2510 515 2563; x_wconf 87' lang='lat' dir='ltr'>qui</span> <span class='ocrx_word' id='word_1_285' title='bbox 543 2511 656 2548; x_wconf 90' lang='lat' dir='ltr'>totius</span> <span class='ocrx_word' id='word_1_286' title='bbox 685 2513 772 2549; x_wconf 91' lang='lat' dir='ltr'>boni</span> <span class='ocrx_word' id='word_1_287' title='bbox 800 2513 877 2559; x_wconf 89' lang='lat' dir='ltr'>ple-</span> 
     </span>
     <span class='ocr_line' id='line_1_51' title="bbox 82 2555 877 2608; baseline 0.008 -17"><span class='ocrx_word' id='word_1_288' title='bbox 82 2555 304 2608; x_wconf 64' lang='lat' dir='ltr'>‚nltudinem</span> <span class='ocrx_word' id='word_1_289' title='bbox 322 2557 446 2602; x_wconf 89' lang='lat' dir='ltr'>posuit</span> <span class='ocrx_word' id='word_1_290' title='bbox 468 2568 504 2593; x_wconf 91' lang='lat' dir='ltr'>m</span> <span class='ocrx_word' id='word_1_291' title='bbox 525 2559 654 2603; x_wconf 85' lang='lat' dir='ltr'>Maria,</span> <span class='ocrx_word' id='word_1_292' title='bbox 678 2564 717 2595; x_wconf 91' lang='lat' dir='ltr'>ut</span> <span class='ocrx_word' id='word_1_293' title='bbox 736 2560 764 2596; x_wconf 88' lang='lat' dir='ltr'>si</span> <span class='ocrx_word' id='word_1_294' title='bbox 788 2560 877 2607; x_wconf 84' lang='lat' dir='ltr'>quid</span> 
     </span>
     <span class='ocr_line' id='line_1_52' title="bbox 93 2603 876 2655; baseline 0.008 -17"><span class='ocrx_word' id='word_1_295' title='bbox 93 2612 172 2655; x_wconf 78' lang='lat' dir='ltr'>spei</span> <span class='ocrx_word' id='word_1_296' title='bbox 204 2614 242 2639; x_wconf 86' lang='lat' dir='ltr'>ln</span> <span class='ocrx_word' id='word_1_297' title='bbox 273 2603 383 2640; x_wconf 90' lang='lat' dir='ltr'>nobis</span> <span class='ocrx_word' id='word_1_298' title='bbox 411 2608 480 2650; x_wconf 87' lang='lat' dir='ltr'>est,</span> <span class='ocrx_word' id='word_1_299' title='bbox 513 2605 542 2641; x_wconf 89' lang='lat' dir='ltr'>si</span> <span class='ocrx_word' id='word_1_300' title='bbox 573 2606 660 2653; x_wconf 85' lang='lat' dir='ltr'>quid</span> <span class='ocrx_word' id='word_1_301' title='bbox 678 2607 824 2654; x_wconf 67' lang='lat' dir='ltr'>gratim,</span> <span class='ocrx_word' id='word_1_302' title='bbox 847 2607 876 2644; x_wconf 91' lang='lat' dir='ltr'>si</span> 
     </span>
     <span class='ocr_line' id='line_1_53' title="bbox 120 2650 880 2695; baseline 0.009 -10"><span class='ocrx_word' id='word_1_303' title='bbox 120 2650 183 2686; x_wconf 82' lang='lat' dir='ltr'>uid</span> <span class='ocrx_word' id='word_1_304' title='bbox 203 2650 349 2695; x_wconf 89' lang='lat' dir='ltr'>salutis,</span> <span class='ocrx_word' id='word_1_305' title='bbox 371 2652 418 2688; x_wconf 90' lang='lat' dir='ltr'>ab</span> <span class='ocrx_word' id='word_1_306' title='bbox 439 2663 483 2688; x_wconf 90' lang='lat' dir='ltr'>ea</span> <span class='ocrx_word' id='word_1_307' title='bbox 503 2654 718 2690; x_wconf 84' lang='lat' dir='ltr'>noverimus</span> <span class='ocrx_word' id='word_1_308' title='bbox 744 2656 880 2692; x_wconf 90' lang='lat' dir='ltr'>redun-</span> 
     </span>
     <span class='ocr_line' id='line_1_54' title="bbox 119 2698 880 2739; baseline 0.007 -6"><span class='ocrx_word' id='word_1_309' title='bbox 119 2707 184 2734; x_wconf 89' lang='lat' dir='ltr'>are</span> <span class='ocrx_word' id='word_1_310' title='bbox 213 2709 221 2733; x_wconf 74' lang='grc' dir='ltr'>ε</span> <span class='ocrx_word' id='word_1_311' title='bbox 251 2698 342 2734; x_wconf 92' lang='lat' dir='ltr'>nihil</span> <span class='ocrx_word' id='word_1_312' title='bbox 373 2699 473 2735; x_wconf 91' lang='lat' dir='ltr'>enim</span> <span class='ocrx_word' id='word_1_313' title='bbox 502 2711 571 2737; x_wconf 91' lang='lat' dir='ltr'>nos</span> <span class='ocrx_word' id='word_1_314' title='bbox 596 2702 736 2738; x_wconf 88' lang='lat' dir='ltr'>habere</span> <span class='ocrx_word' id='word_1_315' title='bbox 763 2702 880 2739; x_wconf 84' lang='lat' dir='ltr'>voluit</span> 
     </span>
     <span class='ocr_line' id='line_1_55' title="bbox 93 2745 879 2798; baseline 0.009 -18"><span class='ocrx_word' id='word_1_316' title='bbox 93 2745 209 2798; x_wconf 73' lang='lat' dir='ltr'>Deus,</span> <span class='ocrx_word' id='word_1_317' title='bbox 236 2746 336 2792; x_wconf 90' lang='lat' dir='ltr'>quod</span> <span class='ocrx_word' id='word_1_318' title='bbox 374 2757 442 2793; x_wconf 90' lang='lat' dir='ltr'>per</span> <span class='ocrx_word' id='word_1_319' title='bbox 480 2758 614 2785; x_wconf 85' lang='lat' dir='ltr'>manus</span> <span class='ocrx_word' id='word_1_320' title='bbox 649 2749 776 2786; x_wconf 81' lang='lat' dir='ltr'>Mariae</span> <span class='ocrx_word' id='word_1_321' title='bbox 802 2761 879 2787; x_wconf 90' lang='lat' dir='ltr'>non</span> 
     </span>
     <span class='ocr_line' id='line_1_56' title="bbox 94 2794 682 2832; baseline 0.009 -6"><span class='ocrx_word' id='word_1_322' title='bbox 94 2794 272 2829; x_wconf 79' lang='lat' dir='ltr'>transiret</span> <span class='ocrx_word' id='word_1_323' title='bbox 291 2805 299 2828; x_wconf 90' lang='lat'>:</span> <span class='ocrx_word' id='word_1_324' title='bbox 325 2806 342 2826; x_wconf 91' lang='lat'>»</span> <span class='ocrx_word' id='word_1_325' title='bbox 365 2794 444 2831; x_wconf 72' lang='lat' dir='ltr'>ha¹c</span> <span class='ocrx_word' id='word_1_326' title='bbox 463 2797 682 2832; x_wconf 66' lang='lat' dir='ltr'>Ber-nardus.</span> 
     </span>
    </p>
   </div>
   <div class='ocr_carea' id='block_1_3' title="bbox 950 241 1743 2839">
    <p class='ocr_par' dir='ltr' id='par_1_3' title="bbox 950 241 1743 1942">
     <span class='ocr_line' id='line_1_57' title="bbox 1010 241 1740 275; baseline -0.003 0"><span class='ocrx_word' id='word_1_327' title='bbox 1010 243 1048 275; x_wconf 73' lang='grc' dir='ltr'>ιδ</span> <span class='ocrx_word' id='word_1_328' title='bbox 1081 241 1206 274; x_wconf 63' lang='lat' dir='ltr'>Nom-:x</span> <span class='ocrx_word' id='word_1_329' title='bbox 1236 242 1322 275; x_wconf 53' lang='lat' dir='ltr'>Just·</span> <span class='ocrx_word' id='word_1_330' title='bbox 1363 249 1662 274; x_wconf 54' lang='lat' dir='ltr'>1sinnrm-rrx‘rrn.</span> <span class='ocrx_word' id='word_1_331' title='bbox 1696 257 1740 263; x_wconf 93' lang='lat'>-——</span> 
     </span>
     <span class='ocr_line' id='line_1_58' title="bbox 957 285 1742 332; baseline -0.003 -10"><span class='ocrx_word' id='word_1_332' title='bbox 957 286 1148 329; x_wconf 85' lang='lat' dir='ltr'>Invenisti,</span> <span class='ocrx_word' id='word_1_333' title='bbox 1165 287 1331 331; x_wconf 78' lang='lat' dir='ltr'>iuquam,</span> <span class='ocrx_word' id='word_1_334' title='bbox 1345 286 1520 332; x_wconf 73' lang='lat' dir='ltr'>gratiam,</span> <span class='ocrx_word' id='word_1_335' title='bbox 1533 285 1646 320; x_wconf 82' lang='lat' dir='ltr'>totius</span> <span class='ocrx_word' id='word_1_336' title='bbox 1658 295 1742 332; x_wconf 85' lang='lat' dir='ltr'>gra-</span> 
     </span>
     <span class='ocr_line' id='line_1_59' title="bbox 955 333 1742 379; baseline -0.001 -11"><span class='ocrx_word' id='word_1_337' title='bbox 955 333 1016 368; x_wconf 67' lang='lat' dir='ltr'>tiae</span> <span class='ocrx_word' id='word_1_338' title='bbox 1046 335 1244 368; x_wconf 75' lang='lat' dir='ltr'>Auctorem</span> <span class='ocrx_word' id='word_1_339' title='bbox 1273 337 1521 379; x_wconf 71' lang='lat' dir='ltr'>conceptura3</span> <span class='ocrx_word' id='word_1_340' title='bbox 1552 343 1636 368; x_wconf 89' lang='lat' dir='ltr'>nam</span> <span class='ocrx_word' id='word_1_341' title='bbox 1665 343 1742 367; x_wconf 79' lang='lat' dir='ltr'>ecce</span> 
     </span>
     <span class='ocr_line' id='line_1_60' title="bbox 955 380 1742 426; baseline -0.001 -10"><span class='ocrx_word' id='word_1_342' title='bbox 955 382 1132 426; x_wconf 76' lang='lat' dir='ltr'>concipies</span> <span class='ocrx_word' id='word_1_343' title='bbox 1161 381 1199 415; x_wconf 83' lang='lat' dir='ltr'>in</span> <span class='ocrx_word' id='word_1_344' title='bbox 1222 388 1320 414; x_wconf 72' lang='lat' dir='ltr'>utero</span> <span class='ocrx_word' id='word_1_345' title='bbox 1341 380 1422 415; x_wconf 80' lang='lat' dir='ltr'>siue</span> <span class='ocrx_word' id='word_1_346' title='bbox 1443 383 1595 425; x_wconf 75' lang='lat' dir='ltr'>peccato</span> <span class='ocrx_word' id='word_1_347' title='bbox 1612 383 1647 416; x_wconf 90' lang='lat' dir='ltr'>et</span> <span class='ocrx_word' id='word_1_348' title='bbox 1666 389 1742 415; x_wconf 90' lang='lat' dir='ltr'>ma-</span> 
     </span>
     <span class='ocr_line' id='line_1_61' title="bbox 955 427 1741 473; baseline -0.001 -10"><span class='ocrx_word' id='word_1_349' title='bbox 955 427 1053 470; x_wconf 77' lang='lat' dir='ltr'>cula,</span> <span class='ocrx_word' id='word_1_350' title='bbox 1086 438 1127 463; x_wconf 85' lang='lat' dir='ltr'>ac</span> <span class='ocrx_word' id='word_1_351' title='bbox 1146 428 1271 473; x_wconf 75' lang='lat' dir='ltr'>parics</span> <span class='ocrx_word' id='word_1_352' title='bbox 1297 428 1430 461; x_wconf 75' lang='lat' dir='ltr'>Filium</span> <span class='ocrx_word' id='word_1_353' title='bbox 1453 427 1530 462; x_wconf 68' lang='lat' dir='ltr'>siue</span> <span class='ocrx_word' id='word_1_354' title='bbox 1553 428 1682 463; x_wconf 83' lang='lat' dir='ltr'>dolore</span> <span class='ocrx_word' id='word_1_355' title='bbox 1704 430 1741 462; x_wconf 91' lang='lat' dir='ltr'>et</span> 
     </span>
     <span class='ocr_line' id='line_1_62' title="bbox 957 473 1739 520; baseline 0 -10"><span class='ocrx_word' id='word_1_356' title='bbox 957 474 1121 519; x_wconf 84' lang='lat' dir='ltr'>tristitia,</span> <span class='ocrx_word' id='word_1_357' title='bbox 1163 473 1266 519; x_wconf 84' lang='lat' dir='ltr'>virgo</span> <span class='ocrx_word' id='word_1_358' title='bbox 1300 484 1524 519; x_wconf 76' lang='lat' dir='ltr'>permaneus</span> <span class='ocrx_word' id='word_1_359' title='bbox 1552 474 1586 509; x_wconf 91' lang='lat' dir='ltr'>iu</span> <span class='ocrx_word' id='word_1_360' title='bbox 1615 478 1739 520; x_wconf 88' lang='lat' dir='ltr'>partu,</span> 
     </span>
     <span class='ocr_line' id='line_1_63' title="bbox 956 521 1741 566; baseline -0.001 -9"><span class='ocrx_word' id='word_1_361' title='bbox 956 521 1051 558; x_wconf 87' lang='lat' dir='ltr'>sicut</span> <span class='ocrx_word' id='word_1_362' title='bbox 1077 525 1114 558; x_wconf 57' lang='lat' dir='ltr'>et,</span> <span class='ocrx_word' id='word_1_363' title='bbox 1149 521 1185 556; x_wconf 86' lang='lat' dir='ltr'>in</span> <span class='ocrx_word' id='word_1_364' title='bbox 1220 524 1415 566; x_wconf 76' lang='lat' dir='ltr'>conceptu.</span> <span class='ocrx_word' id='word_1_365' title='bbox 1450 522 1493 555; x_wconf 90' lang='lat' dir='ltr'>Et</span> <span class='ocrx_word' id='word_1_366' title='bbox 1530 522 1623 556; x_wconf 82' lang='lat' dir='ltr'>bene</span> <span class='ocrx_word' id='word_1_367' title='bbox 1650 521 1741 556; x_wconf 88' lang='lat' dir='ltr'>dicit</span> 
     </span>
     <span class='ocr_line' id='line_1_64' title="bbox 956 568 1742 615; baseline -0.003 -10"><span class='ocrx_word' id='word_1_368' title='bbox 956 569 1145 615; x_wconf 78' lang='lat' dir='ltr'>concipies</span> <span class='ocrx_word' id='word_1_369' title='bbox 1184 568 1221 603; x_wconf 90' lang='lat' dir='ltr'>in</span> <span class='ocrx_word' id='word_1_370' title='bbox 1261 570 1388 611; x_wconf 86' lang='lat' dir='ltr'>uter0;</span> <span class='ocrx_word' id='word_1_371' title='bbox 1425 568 1504 613; x_wconf 52' lang='lat' dir='ltr'>,jam</span> <span class='ocrx_word' id='word_1_372' title='bbox 1545 568 1644 603; x_wconf 88' lang='lat' dir='ltr'>cuim</span> <span class='ocrx_word' id='word_1_373' title='bbox 1674 579 1742 614; x_wconf 89' lang='lat' dir='ltr'>per</span> 
     </span>
     <span class='ocr_line' id='line_1_65' title="bbox 956 614 1738 660; baseline -0.003 -8"><span class='ocrx_word' id='word_1_374' title='bbox 956 616 1069 652; x_wconf 83' lang='lat' dir='ltr'>tidem</span> <span class='ocrx_word' id='word_1_375' title='bbox 1092 619 1128 651; x_wconf 90' lang='lat' dir='ltr'>ct</span> <span class='ocrx_word' id='word_1_376' title='bbox 1149 614 1386 651; x_wconf 85' lang='lat' dir='ltr'>devotionem</span> <span class='ocrx_word' id='word_1_377' title='bbox 1407 620 1630 660; x_wconf 80' lang='lat' dir='ltr'>conceperat</span> <span class='ocrx_word' id='word_1_378' title='bbox 1653 626 1738 650; x_wconf 91' lang='lat' dir='ltr'>eum</span> 
     </span>
     <span class='ocr_line' id='line_1_66' title="bbox 955 662 1741 699; baseline -0.004 0"><span class='ocrx_word' id='word_1_379' title='bbox 955 664 991 699; x_wconf 88' lang='lat' dir='ltr'>iu</span> <span class='ocrx_word' id='word_1_380' title='bbox 1014 663 1126 699; x_wconf 83' lang='lat' dir='ltr'>corde</span> <span class='ocrx_word' id='word_1_381' title='bbox 1153 674 1219 699; x_wconf 87' lang='lat' dir='ltr'>suo</span> <span class='ocrx_word' id='word_1_382' title='bbox 1245 674 1251 698; x_wconf 93' lang='lat'>:</span> <span class='ocrx_word' id='word_1_383' title='bbox 1277 666 1312 697; x_wconf 89' lang='lat' dir='ltr'>ct</span> <span class='ocrx_word' id='word_1_384' title='bbox 1335 662 1404 697; x_wconf 88' lang='lat' dir='ltr'>hoc</span> <span class='ocrx_word' id='word_1_385' title='bbox 1425 662 1535 697; x_wconf 87' lang='lat' dir='ltr'>modo</span> <span class='ocrx_word' id='word_1_386' title='bbox 1561 662 1741 697; x_wconf 75' lang='lat' dir='ltr'>dehemus</span> 
     </span>
     <span class='ocr_line' id='line_1_67' title="bbox 955 709 1739 756; baseline -0.004 -9"><span class='ocrx_word' id='word_1_387' title='bbox 955 722 1024 747; x_wconf 79' lang='lat' dir='ltr'>nos</span> <span class='ocrx_word' id='word_1_388' title='bbox 1045 722 1127 747; x_wconf 87' lang='lat' dir='ltr'>eum</span> <span class='ocrx_word' id='word_1_389' title='bbox 1148 710 1361 756; x_wconf 73' lang='lat' dir='ltr'>concipere,</span> <span class='ocrx_word' id='word_1_390' title='bbox 1384 709 1525 744; x_wconf 74' lang='lat' dir='ltr'>scilicet</span> <span class='ocrx_word' id='word_1_391' title='bbox 1542 720 1608 755; x_wconf 69' lang='lat' dir='ltr'>per</span> <span class='ocrx_word' id='word_1_392' title='bbox 1627 709 1739 744; x_wconf 79' lang='lat' dir='ltr'>sidem</span> 
     </span>
     <span class='ocr_line' id='line_1_68' title="bbox 955 757 1740 803; baseline -0.003 -9"><span class='ocrx_word' id='word_1_393' title='bbox 955 762 990 795; x_wconf 89' lang='lat' dir='ltr'>et</span> <span class='ocrx_word' id='word_1_394' title='bbox 1007 757 1308 801; x_wconf 85' lang='lat' dir='ltr'>devotionem,et</span> <span class='ocrx_word' id='word_1_395' title='bbox 1330 767 1462 803; x_wconf 89' lang='lat' dir='ltr'>parere</span> <span class='ocrx_word' id='word_1_396' title='bbox 1485 767 1551 802; x_wconf 85' lang='lat' dir='ltr'>per</span> <span class='ocrx_word' id='word_1_397' title='bbox 1572 760 1740 792; x_wconf 83' lang='lat' dir='ltr'>sanctam</span> 
     </span>
     <span class='ocr_line' id='line_1_69' title="bbox 954 804 1741 852; baseline -0.003 -11"><span class='ocrx_word' id='word_1_398' title='bbox 954 805 1227 852; x_wconf 86' lang='lat' dir='ltr'>operationem.</span> <span class='ocrx_word' id='word_1_399' title='bbox 1256 807 1303 841; x_wconf 77' lang='lat' dir='ltr'>Ec</span> <span class='ocrx_word' id='word_1_400' title='bbox 1338 804 1480 840; x_wconf 66' lang='lat' dir='ltr'>vocabis</span> <span class='ocrx_word' id='word_1_401' title='bbox 1510 814 1636 838; x_wconf 64' lang='lat' dir='ltr'>viennen</span> <span class='ocrx_word' id='word_1_402' title='bbox 1663 804 1741 846; x_wconf 68' lang='lat' dir='ltr'>ojus</span> 
     </span>
     <span class='ocr_line' id='line_1_70' title="bbox 953 850 1739 897; baseline -0.005 -8"><span class='ocrx_word' id='word_1_403' title='bbox 953 856 1086 894; x_wconf 73' lang='lat' dir='ltr'>Jeszcm,</span> <span class='ocrx_word' id='word_1_404' title='bbox 1111 853 1146 888; x_wconf 90' lang='lat' dir='ltr'>id</span> <span class='ocrx_word' id='word_1_405' title='bbox 1174 856 1244 897; x_wconf 85' lang='lat' dir='ltr'>est,</span> <span class='ocrx_word' id='word_1_406' title='bbox 1270 851 1522 893; x_wconf 80' lang='lat' dir='ltr'>Salvatorem;</span> <span class='ocrx_word' id='word_1_407' title='bbox 1551 862 1623 885; x_wconf 74' lang='lat' dir='ltr'>uon</span> <span class='ocrx_word' id='word_1_408' title='bbox 1651 850 1739 886; x_wconf 77' lang='lat' dir='ltr'>(licit</span> 
     </span>
     <span class='ocr_line' id='line_1_71' title="bbox 954 899 1741 947; baseline -0.006 -11"><span class='ocrx_word' id='word_1_409' title='bbox 954 901 1137 947; x_wconf 67' lang='lat' dir='ltr'>impones,</span> <span class='ocrx_word' id='word_1_410' title='bbox 1160 899 1247 946; x_wconf 82' lang='lat' dir='ltr'>quia</span> <span class='ocrx_word' id='word_1_411' title='bbox 1272 900 1341 935; x_wconf 91' lang='lat' dir='ltr'>hoc</span> <span class='ocrx_word' id='word_1_412' title='bbox 1366 909 1503 934; x_wconf 86' lang='lat' dir='ltr'>nomen</span> <span class='ocrx_word' id='word_1_413' title='bbox 1529 899 1574 933; x_wconf 87' lang='lat' dir='ltr'>ab</span> <span class='ocrx_word' id='word_1_414' title='bbox 1599 902 1741 934; x_wconf 69' lang='lat' dir='ltr'>aeterno</span> 
     </span>
     <span class='ocr_line' id='line_1_72' title="bbox 954 945 1743 992; baseline -0.005 -8"><span class='ocrx_word' id='word_1_415' title='bbox 954 948 1023 984; x_wconf 86' lang='lat' dir='ltr'>suit</span> <span class='ocrx_word' id='word_1_416' title='bbox 1054 959 1076 984; x_wconf 88' lang='lat' dir='ltr'>a</span> <span class='ocrx_word' id='word_1_417' title='bbox 1107 949 1182 984; x_wconf 87' lang='lat' dir='ltr'>Deo</span> <span class='ocrx_word' id='word_1_418' title='bbox 1217 948 1326 982; x_wconf 83' lang='lat' dir='ltr'>Patre</span> <span class='ocrx_word' id='word_1_419' title='bbox 1354 945 1585 992; x_wconf 90' lang='lat' dir='ltr'>impositum,</span> <span class='ocrx_word' id='word_1_420' title='bbox 1608 949 1643 981; x_wconf 88' lang='lat' dir='ltr'>et</span> <span class='ocrx_word' id='word_1_421' title='bbox 1676 956 1743 991; x_wconf 90' lang='lat' dir='ltr'>per</span> 
     </span>
     <span class='ocr_line' id='line_1_73' title="bbox 953 994 1742 1042; baseline -0.005 -11"><span class='ocrx_word' id='word_1_422' title='bbox 953 996 1138 1042; x_wconf 79' lang='lat' dir='ltr'>Angelum</span> <span class='ocrx_word' id='word_1_423' title='bbox 1176 994 1302 1030; x_wconf 62' lang='lat' dir='ltr'>Mariae</span> <span class='ocrx_word' id='word_1_424' title='bbox 1341 997 1377 1029; x_wconf 90' lang='lat' dir='ltr'>ct</span> <span class='ocrx_word' id='word_1_425' title='bbox 1412 994 1566 1039; x_wconf 71' lang='lat' dir='ltr'>Jose1)li,</span> <span class='ocrx_word' id='word_1_426' title='bbox 1602 1004 1644 1028; x_wconf 74' lang='lat' dir='ltr'>ac</span> <span class='ocrx_word' id='word_1_427' title='bbox 1675 1003 1742 1039; x_wconf 89' lang='lat' dir='ltr'>per</span> 
     </span>
     <span class='ocr_line' id='line_1_74' title="bbox 954 1040 1739 1087; baseline -0.005 -8"><span class='ocrx_word' id='word_1_428' title='bbox 954 1054 1019 1079; x_wconf 87' lang='lat' dir='ltr'>eos</span> <span class='ocrx_word' id='word_1_429' title='bbox 1050 1042 1133 1079; x_wconf 89' lang='lat' dir='ltr'>aliis</span> <span class='ocrx_word' id='word_1_430' title='bbox 1163 1042 1409 1087; x_wconf 84' lang='lat' dir='ltr'>divulgatum.</span> <span class='ocrx_word' id='word_1_431' title='bbox 1438 1042 1512 1076; x_wconf 89' lang='lat' dir='ltr'>Hoc</span> <span class='ocrx_word' id='word_1_432' title='bbox 1538 1040 1650 1076; x_wconf 89' lang='lat' dir='ltr'>etiam</span> <span class='ocrx_word' id='word_1_433' title='bbox 1673 1051 1739 1075; x_wconf 86' lang='lat' dir='ltr'>no-</span> 
     </span>
     <span class='ocr_line' id='line_1_75' title="bbox 955 1089 1740 1135; baseline -0.006 -9"><span class='ocrx_word' id='word_1_434' title='bbox 955 1101 1040 1127; x_wconf 87' lang='lat' dir='ltr'>men</span> <span class='ocrx_word' id='word_1_435' title='bbox 1072 1089 1289 1135; x_wconf 84' lang='lat' dir='ltr'>impositum</span> <span class='ocrx_word' id='word_1_436' title='bbox 1322 1093 1392 1133; x_wconf 85' lang='lat' dir='ltr'>est,</span> <span class='ocrx_word' id='word_1_437' title='bbox 1419 1089 1624 1124; x_wconf 84' lang='lat' dir='ltr'>secundum</span> <span class='ocrx_word' id='word_1_438' title='bbox 1655 1098 1740 1134; x_wconf 81' lang='lat' dir='ltr'>pro-</span> 
     </span>
     <span class='ocr_line' id='line_1_76' title="bbox 954 1134 1738 1184; baseline -0.005 -11"><span class='ocrx_word' id='word_1_439' title='bbox 954 1138 1152 1184; x_wconf 87' lang='lat' dir='ltr'>prietatem</span> <span class='ocrx_word' id='word_1_440' title='bbox 1168 1138 1346 1181; x_wconf 75' lang='lat' dir='ltr'>futuram,</span> <span class='ocrx_word' id='word_1_441' title='bbox 1365 1135 1452 1182; x_wconf 82' lang='lat' dir='ltr'>quia</span> <span class='ocrx_word' id='word_1_442' title='bbox 1468 1136 1568 1171; x_wconf 76' lang='lat' dir='ltr'>salus</span> <span class='ocrx_word' id='word_1_443' title='bbox 1585 1134 1738 1171; x_wconf 89' lang='lat' dir='ltr'>humani</span> 
     </span>
     <span class='ocr_line' id='line_1_77' title="bbox 953 1181 1739 1231; baseline -0.005 -10"><span class='ocrx_word' id='word_1_444' title='bbox 953 1185 1104 1231; x_wconf 86' lang='lat' dir='ltr'>generis</span> <span class='ocrx_word' id='word_1_445' title='bbox 1137 1185 1262 1220; x_wconf 84' lang='lat' dir='ltr'>sutura</span> <span class='ocrx_word' id='word_1_446' title='bbox 1295 1187 1376 1220; x_wconf 87' lang='lat' dir='ltr'>erat</span> <span class='ocrx_word' id='word_1_447' title='bbox 1407 1194 1473 1229; x_wconf 89' lang='lat' dir='ltr'>per</span> <span class='ocrx_word' id='word_1_448' title='bbox 1507 1184 1648 1223; x_wconf 78' lang='lat' dir='ltr'>Jcsum,</span> <span class='ocrx_word' id='word_1_449' title='bbox 1678 1181 1739 1228; x_wconf 81' lang='lat' dir='ltr'>qui</span> 
     </span>
     <span class='ocr_line' id='line_1_78' title="bbox 953 1230 1738 1278; baseline -0.001 -12"><span class='ocrx_word' id='word_1_450' title='bbox 953 1234 1052 1268; x_wconf 73' lang='lat' dir='ltr'>salus</span> <span class='ocrx_word' id='word_1_451' title='bbox 1072 1232 1356 1278; x_wconf 78' lang='lat' dir='ltr'>interpretatur3</span> <span class='ocrx_word' id='word_1_452' title='bbox 1381 1235 1415 1266; x_wconf 90' lang='lat' dir='ltr'>et</span> <span class='ocrx_word' id='word_1_453' title='bbox 1438 1230 1521 1265; x_wconf 89' lang='lat' dir='ltr'>idco</span> <span class='ocrx_word' id='word_1_454' title='bbox 1538 1230 1711 1266; x_wconf 80' lang='lat' dir='ltr'>subditur</span> <span class='ocrx_word' id='word_1_455' title='bbox 1731 1241 1738 1264; x_wconf 91' lang='lat'>:</span> 
     </span>
     <span class='ocr_line' id='line_1_79' title="bbox 952 1280 1742 1326; baseline -0.004 -11"><span class='ocrx_word' id='word_1_456' title='bbox 952 1282 1033 1326; x_wconf 82' lang='lat' dir='ltr'>Ipse</span> <span class='ocrx_word' id='word_1_457' title='bbox 1065 1282 1159 1315; x_wconf 75' lang='lat' dir='ltr'>enim</span> <span class='ocrx_word' id='word_1_458' title='bbox 1188 1280 1328 1314; x_wconf 70' lang='lat' dir='ltr'>salvum</span> <span class='ocrx_word' id='word_1_459' title='bbox 1357 1280 1483 1322; x_wconf 72' lang='lat' dir='ltr'>faciet,</span> <span class='ocrx_word' id='word_1_460' title='bbox 1510 1288 1583 1312; x_wconf 86' lang='lat' dir='ltr'>non</span> <span class='ocrx_word' id='word_1_461' title='bbox 1615 1288 1742 1322; x_wconf 73' lang='lat' dir='ltr'>quem-</span> 
     </span>
     <span class='ocr_line' id='line_1_80' title="bbox 954 1324 1740 1373; baseline -0.004 -11"><span class='ocrx_word' id='word_1_462' title='bbox 954 1334 1128 1373; x_wconf 81' lang='lat' dir='ltr'>cumque,</span> <span class='ocrx_word' id='word_1_463' title='bbox 1150 1326 1215 1362; x_wconf 88' lang='lat' dir='ltr'>scd</span> <span class='ocrx_word' id='word_1_464' title='bbox 1239 1327 1414 1372; x_wconf 72' lang='lat' dir='ltr'>populum</span> <span class='ocrx_word' id='word_1_465' title='bbox 1440 1336 1558 1365; x_wconf 73' lang='lat' dir='ltr'>sumn,</span> <span class='ocrx_word' id='word_1_466' title='bbox 1582 1324 1614 1359; x_wconf 79' lang='lat' dir='ltr'>ci</span> <span class='ocrx_word' id='word_1_467' title='bbox 1639 1324 1740 1360; x_wconf 90' lang='lat' dir='ltr'>scili-</span> 
     </span>
     <span class='ocr_line' id='line_1_81' title="bbox 954 1371 1739 1421; baseline -0.003 -12"><span class='ocrx_word' id='word_1_468' title='bbox 954 1377 1011 1410; x_wconf 91' lang='lat' dir='ltr'>cet</span> <span class='ocrx_word' id='word_1_469' title='bbox 1033 1385 1099 1421; x_wconf 90' lang='lat' dir='ltr'>per</span> <span class='ocrx_word' id='word_1_470' title='bbox 1126 1374 1238 1409; x_wconf 75' lang='lat' dir='ltr'>tidem</span> <span class='ocrx_word' id='word_1_471' title='bbox 1267 1374 1539 1416; x_wconf 68' lang='lat' dir='ltr'>adhaerentem,</span> <span class='ocrx_word' id='word_1_472' title='bbox 1563 1378 1597 1407; x_wconf 86' lang='lat' dir='ltr'>ct</span> <span class='ocrx_word' id='word_1_473' title='bbox 1620 1371 1739 1417; x_wconf 83' lang='lat' dir='ltr'>ipsum</span> 
     </span>
     <span class='ocr_line' id='line_1_82' title="bbox 954 1420 1741 1467; baseline -0.005 -10"><span class='ocrx_word' id='word_1_474' title='bbox 954 1422 1060 1458; x_wconf 78' lang='lat' dir='ltr'>bonis</span> <span class='ocrx_word' id='word_1_475' title='bbox 1089 1420 1265 1467; x_wconf 87' lang='lat' dir='ltr'>operibus</span> <span class='ocrx_word' id='word_1_476' title='bbox 1293 1420 1517 1463; x_wconf 86' lang='lat' dir='ltr'>imitantem,</span> <span class='ocrx_word' id='word_1_477' title='bbox 1541 1431 1561 1453; x_wconf 77' lang='grc' dir='ltr'>(ι</span> <span class='ocrx_word' id='word_1_478' title='bbox 1580 1422 1741 1465; x_wconf 73' lang='lat' dir='ltr'>pcccatis</span> 
     </span>
     <span class='ocr_line' id='line_1_83' title="bbox 953 1468 1739 1514; baseline -0.004 -10"><span class='ocrx_word' id='word_1_479' title='bbox 953 1480 1093 1511; x_wconf 55' lang='lat' dir='ltr'>eorunm</span> <span class='ocrx_word' id='word_1_480' title='bbox 1135 1472 1170 1503; x_wconf 93' lang='lat' dir='ltr'>et</span> <span class='ocrx_word' id='word_1_481' title='bbox 1210 1478 1277 1514; x_wconf 84' lang='lat' dir='ltr'>per</span> <span class='ocrx_word' id='word_1_482' title='bbox 1316 1468 1386 1503; x_wconf 85' lang='lat' dir='ltr'>hoc</span> <span class='ocrx_word' id='word_1_483' title='bbox 1425 1470 1577 1502; x_wconf 86' lang='lat' dir='ltr'>notatur</span> <span class='ocrx_word' id='word_1_484' title='bbox 1610 1477 1739 1502; x_wconf 88' lang='lat' dir='ltr'>verum</span> 
     </span>
     <span class='ocr_line' id='line_1_84' title="bbox 952 1514 1738 1561; baseline -0.005 -9"><span class='ocrx_word' id='word_1_485' title='bbox 952 1526 1035 1552; x_wconf 89' lang='lat' dir='ltr'>esse</span> <span class='ocrx_word' id='word_1_486' title='bbox 1055 1517 1185 1559; x_wconf 87' lang='lat' dir='ltr'>Deum,</span> <span class='ocrx_word' id='word_1_487' title='bbox 1202 1514 1303 1561; x_wconf 82' lang='lat' dir='ltr'>qula,</span> <span class='ocrx_word' id='word_1_488' title='bbox 1320 1518 1361 1550; x_wconf 90' lang='lat' dir='ltr'>ut</span> <span class='ocrx_word' id='word_1_489' title='bbox 1381 1514 1431 1550; x_wconf 91' lang='lat' dir='ltr'>ait</span> <span class='ocrx_word' id='word_1_490' title='bbox 1452 1515 1738 1558; x_wconf 67' lang='lat' dir='ltr'>chrysostomus,</span> 
     </span>
     <span class='ocr_line' id='line_1_85' title="bbox 952 1560 1738 1607; baseline -0.004 -9"><span class='ocrx_word' id='word_1_491' title='bbox 952 1563 1068 1599; x_wconf 90' lang='lat' dir='ltr'>solius</span> <span class='ocrx_word' id='word_1_492' title='bbox 1097 1562 1160 1598; x_wconf 89' lang='lat' dir='ltr'>Dei</span> <span class='ocrx_word' id='word_1_493' title='bbox 1183 1567 1240 1598; x_wconf 86' lang='lat' dir='ltr'>est</span> <span class='ocrx_word' id='word_1_494' title='bbox 1263 1562 1408 1597; x_wconf 86' lang='lat' dir='ltr'>salvare</span> <span class='ocrx_word' id='word_1_495' title='bbox 1426 1572 1446 1597; x_wconf 91' lang='lat' dir='ltr'>a</span> <span class='ocrx_word' id='word_1_496' title='bbox 1466 1560 1643 1607; x_wconf 79' lang='lat' dir='ltr'>peccatis.</span> <span class='ocrx_word' id='word_1_497' title='bbox 1668 1562 1738 1595; x_wconf 88' lang='lat' dir='ltr'>Po-</span> 
     </span>
     <span class='ocr_line' id='line_1_86' title="bbox 951 1608 1740 1657; baseline -0.004 -12"><span class='ocrx_word' id='word_1_498' title='bbox 951 1610 1060 1657; x_wconf 89' lang='lat' dir='ltr'>pulus</span> <span class='ocrx_word' id='word_1_499' title='bbox 1075 1614 1199 1646; x_wconf 85' lang='lat' dir='ltr'>autem</span> <span class='ocrx_word' id='word_1_500' title='bbox 1216 1609 1370 1653; x_wconf 86' lang='lat' dir='ltr'>Christi,</span> <span class='ocrx_word' id='word_1_501' title='bbox 1384 1620 1457 1644; x_wconf 88' lang='lat' dir='ltr'>non</span> <span class='ocrx_word' id='word_1_502' title='bbox 1475 1612 1621 1644; x_wconf 85' lang='lat' dir='ltr'>tantum</span> <span class='ocrx_word' id='word_1_503' title='bbox 1639 1608 1740 1644; x_wconf 86' lang='lat' dir='ltr'>natio</span> 
     </span>
     <span class='ocr_line' id='line_1_87' title="bbox 950 1656 1740 1702; baseline -0.008 -8"><span class='ocrx_word' id='word_1_504' title='bbox 950 1658 1168 1694; x_wconf 77' lang='lat' dir='ltr'>Judaeorum</span> <span class='ocrx_word' id='word_1_505' title='bbox 1207 1660 1277 1699; x_wconf 86' lang='lat' dir='ltr'>est,</span> <span class='ocrx_word' id='word_1_506' title='bbox 1318 1656 1383 1692; x_wconf 82' lang='lat' dir='ltr'>sed</span> <span class='ocrx_word' id='word_1_507' title='bbox 1420 1666 1552 1692; x_wconf 86' lang='lat' dir='ltr'>omncs</span> <span class='ocrx_word' id='word_1_508' title='bbox 1592 1666 1740 1702; x_wconf 70' lang='lat' dir='ltr'>quoque</span> 
     </span>
     <span class='ocr_line' id='line_1_88' title="bbox 952 1703 1740 1751; baseline -0.004 -10"><span class='ocrx_word' id='word_1_509' title='bbox 952 1704 1015 1751; x_wconf 88' lang='lat' dir='ltr'>qui</span> <span class='ocrx_word' id='word_1_510' title='bbox 1032 1705 1079 1741; x_wconf 90' lang='lat' dir='ltr'>ad</span> <span class='ocrx_word' id='word_1_511' title='bbox 1097 1715 1182 1741; x_wconf 89' lang='lat' dir='ltr'>eum</span> <span class='ocrx_word' id='word_1_512' title='bbox 1197 1704 1367 1748; x_wconf 87' lang='lat' dir='ltr'>veniunt,</span> <span class='ocrx_word' id='word_1_513' title='bbox 1383 1704 1538 1750; x_wconf 85' lang='lat' dir='ltr'>ejusque</span> <span class='ocrx_word' id='word_1_514' title='bbox 1555 1703 1740 1749; x_wconf 85' lang='lat' dir='ltr'>agnitioni</span> 
     </span>
     <span class='ocr_line' id='line_1_89' title="bbox 952 1751 1739 1797; baseline -0.003 -9"><span class='ocrx_word' id='word_1_515' title='bbox 952 1753 1154 1789; x_wconf 89' lang='lat' dir='ltr'>donantur.</span> <span class='ocrx_word' id='word_1_516' title='bbox 1183 1751 1333 1787; x_wconf 80' lang='lat' dir='ltr'>Utinam</span> <span class='ocrx_word' id='word_1_517' title='bbox 1353 1755 1391 1787; x_wconf 91' lang='lat' dir='ltr'>et</span> <span class='ocrx_word' id='word_1_518' title='bbox 1421 1762 1479 1787; x_wconf 90' lang='lat' dir='ltr'>me</span> <span class='ocrx_word' id='word_1_519' title='bbox 1502 1755 1739 1797; x_wconf 84' lang='lat' dir='ltr'>peccatorem</span> 
     </span>
     <span class='ocr_line' id='line_1_90' title="bbox 952 1799 1740 1847; baseline -0.004 -11"><span class='ocrx_word' id='word_1_520' title='bbox 952 1799 1132 1847; x_wconf 88' lang='lat' dir='ltr'>digneris,</span> <span class='ocrx_word' id='word_1_521' title='bbox 1170 1799 1327 1835; x_wconf 88' lang='lat' dir='ltr'>Domine</span> <span class='ocrx_word' id='word_1_522' title='bbox 1350 1801 1453 1842; x_wconf 86' lang='lat' dir='ltr'>Jesu,</span> <span class='ocrx_word' id='word_1_523' title='bbox 1489 1809 1740 1834; x_wconf 80' lang='lat' dir='ltr'>annumerare</span> 
     </span>
     <span class='ocr_line' id='line_1_91' title="bbox 951 1846 1740 1894; baseline -0.003 -11"><span class='ocrx_word' id='word_1_524' title='bbox 951 1847 1088 1894; x_wconf 89' lang='lat' dir='ltr'>populo</span> <span class='ocrx_word' id='word_1_525' title='bbox 1124 1850 1202 1891; x_wconf 89' lang='lat' dir='ltr'>tuo,</span> <span class='ocrx_word' id='word_1_526' title='bbox 1239 1850 1278 1883; x_wconf 89' lang='lat' dir='ltr'>ut</span> <span class='ocrx_word' id='word_1_527' title='bbox 1308 1846 1451 1882; x_wconf 88' lang='lat' dir='ltr'>salvum</span> <span class='ocrx_word' id='word_1_528' title='bbox 1484 1856 1542 1881; x_wconf 89' lang='lat' dir='ltr'>me</span> <span class='ocrx_word' id='word_1_529' title='bbox 1576 1846 1691 1882; x_wconf 78' lang='lat' dir='ltr'>facias</span> <span class='ocrx_word' id='word_1_530' title='bbox 1719 1858 1740 1881; x_wconf 86' lang='lat' dir='ltr'>a</span> 
     </span>
     <span class='ocr_line' id='line_1_92' title="bbox 951 1894 1254 1942; baseline -0.003 -11"><span class='ocrx_word' id='word_1_531' title='bbox 951 1895 1115 1942; x_wconf 79' lang='lat' dir='ltr'>peccatis</span> <span class='ocrx_word' id='word_1_532' title='bbox 1139 1894 1254 1930; x_wconf 88' lang='lat' dir='ltr'>meis!</span> 
     </span>
    </p>

    <p class='ocr_par' dir='ltr' id='par_1_4' title="bbox 952 1943 1742 2839">
     <span class='ocr_line' id='line_1_93' title="bbox 1004 1943 1742 1986; baseline -0.003 -8"><span class='ocrx_word' id='word_1_533' title='bbox 1004 1945 1043 1986; x_wconf 70' lang='lat'>14</span> <span class='ocrx_word' id='word_1_534' title='bbox 1065 1943 1241 1986; x_wconf 62' lang='lat' dir='ltr'>Qrmiuno</span> <span class='ocrx_word' id='word_1_535' title='bbox 1268 1943 1376 1977; x_wconf 76' lang='lat' dir='ltr'>Jr-:srs</span> <span class='ocrx_word' id='word_1_536' title='bbox 1399 1952 1548 1977; x_wconf 62' lang='lat' dir='ltr'>menen</span> <span class='ocrx_word' id='word_1_537' title='bbox 1573 1943 1742 1977; x_wconf 63' lang='lat' dir='ltr'>,xtAexcsz&#39;</span> 
     </span>
     <span class='ocr_line' id='line_1_94' title="bbox 952 1987 1739 2034; baseline -0.001 -9"><span class='ocrx_word' id='word_1_538' title='bbox 952 2011 996 2016; x_wconf 91' lang='lat'>-—</span> <span class='ocrx_word' id='word_1_539' title='bbox 1010 1992 1079 2025; x_wconf 81' lang='lat' dir='ltr'>Hic</span> <span class='ocrx_word' id='word_1_540' title='bbox 1094 1992 1163 2025; x_wconf 73' lang='lat' dir='ltr'>crit</span> <span class='ocrx_word' id='word_1_541' title='bbox 1176 1999 1329 2033; x_wconf 58' lang='lat' dir='ltr'>maanus</span> <span class='ocrx_word' id='word_1_542' title='bbox 1347 1999 1422 2024; x_wconf 88' lang='lat' dir='ltr'>non</span> <span class='ocrx_word' id='word_1_543' title='bbox 1439 1987 1590 2034; x_wconf 85' lang='lat' dir='ltr'>quidem</span> <span class='ocrx_word' id='word_1_544' title='bbox 1607 1988 1739 2024; x_wconf 86' lang='lat' dir='ltr'>eadem</span> 
     </span>
     <span class='ocr_line' id='line_1_95' title="bbox 953 2036 1739 2083; baseline -0.004 -11"><span class='ocrx_word' id='word_1_545' title='bbox 953 2036 1213 2083; x_wconf 88' lang='lat' dir='ltr'>magnitudine</span> <span class='ocrx_word' id='word_1_546' title='bbox 1253 2046 1326 2082; x_wconf 81' lang='lat' dir='ltr'>qua</span> <span class='ocrx_word' id='word_1_547' title='bbox 1362 2037 1541 2079; x_wconf 88' lang='lat' dir='ltr'>Joannes,</span> <span class='ocrx_word' id='word_1_548' title='bbox 1579 2036 1625 2071; x_wconf 84' lang='lat' dir='ltr'>de</span> <span class='ocrx_word' id='word_1_549' title='bbox 1665 2046 1739 2082; x_wconf 79' lang='lat' dir='ltr'>quo</span> 
     </span>
     <span class='ocr_line' id='line_1_96' title="bbox 952 2083 1740 2130; baseline -0.003 -10"><span class='ocrx_word' id='word_1_550' title='bbox 952 2084 1064 2120; x_wconf 89' lang='lat' dir='ltr'>etiam</span> <span class='ocrx_word' id='word_1_551' title='bbox 1097 2083 1318 2130; x_wconf 55' lang='lat' dir='ltr'>prawlit‘tum</span> <span class='ocrx_word' id='word_1_552' title='bbox 1351 2084 1502 2119; x_wconf 86' lang='lat' dir='ltr'>suerat:</span> <span class='ocrx_word' id='word_1_553' title='bbox 1532 2085 1615 2119; x_wconf 75' lang='lat' dir='ltr'>Erit</span> <span class='ocrx_word' id='word_1_554' title='bbox 1645 2085 1740 2119; x_wconf 79' lang='lat' dir='ltr'>enim</span> 
     </span>
     <span class='ocr_line' id='line_1_97' title="bbox 953 2130 1738 2176; baseline -0.003 -9"><span class='ocrx_word' id='word_1_555' title='bbox 953 2143 1106 2176; x_wconf 61' lang='lat' dir='ltr'>maanus</span> <span class='ocrx_word' id='word_1_556' title='bbox 1127 2143 1246 2167; x_wconf 75' lang='lat' dir='ltr'>eoram</span> <span class='ocrx_word' id='word_1_557' title='bbox 1266 2133 1437 2173; x_wconf 75' lang='grc' dir='ltr'><em>Βοηῑὶηος</em></span> <span class='ocrx_word' id='word_1_558' title='bbox 1462 2131 1527 2166; x_wconf 88' lang='lat' dir='ltr'>sed</span> <span class='ocrx_word' id='word_1_559' title='bbox 1549 2130 1738 2173; x_wconf 86' lang='lat' dir='ltr'>dicuntur,</span> 
     </span>
     <span class='ocr_line' id='line_1_98' title="bbox 953 2179 1741 2224; baseline -0.004 -9"><span class='ocrx_word' id='word_1_560' title='bbox 953 2179 1159 2215; x_wconf 88' lang='lat' dir='ltr'>secundum</span> <span class='ocrx_word' id='word_1_561' title='bbox 1187 2179 1434 2219; x_wconf 74' lang='lat' dir='ltr'>Ambrosium,</span> <span class='ocrx_word' id='word_1_562' title='bbox 1458 2180 1545 2224; x_wconf 84' lang='lat' dir='ltr'>quia</span> <span class='ocrx_word' id='word_1_563' title='bbox 1573 2180 1741 2215; x_wconf 83' lang='lat' dir='ltr'>Joanncs</span> 
     </span>
     <span class='ocr_line' id='line_1_99' title="bbox 953 2225 1740 2273; baseline -0.004 -11"><span class='ocrx_word' id='word_1_564' title='bbox 953 2238 1111 2273; x_wconf 87' lang='lat' dir='ltr'>magnus</span> <span class='ocrx_word' id='word_1_565' title='bbox 1134 2230 1174 2262; x_wconf 87' lang='lat' dir='ltr'>ut</span> <span class='ocrx_word' id='word_1_566' title='bbox 1194 2227 1307 2262; x_wconf 90' lang='lat' dir='ltr'>homo</span> <span class='ocrx_word' id='word_1_567' title='bbox 1329 2236 1455 2262; x_wconf 88' lang='lat' dir='ltr'>coram</span> <span class='ocrx_word' id='word_1_568' title='bbox 1482 2225 1656 2269; x_wconf 82' lang='lat' dir='ltr'>Domino,</span> <span class='ocrx_word' id='word_1_569' title='bbox 1679 2225 1740 2260; x_wconf 85' lang='lat' dir='ltr'>hic</span> 
     </span>
     <span class='ocr_line' id='line_1_100' title="bbox 952 2272 1738 2320; baseline -0.003 -10"><span class='ocrx_word' id='word_1_570' title='bbox 952 2285 1040 2310; x_wconf 86' lang='lat' dir='ltr'>vero</span> <span class='ocrx_word' id='word_1_571' title='bbox 1076 2284 1237 2320; x_wconf 88' lang='lat' dir='ltr'>magnus</span> <span class='ocrx_word' id='word_1_572' title='bbox 1271 2277 1310 2309; x_wconf 87' lang='lat' dir='ltr'>ut</span> <span class='ocrx_word' id='word_1_573' title='bbox 1340 2274 1436 2309; x_wconf 89' lang='lat' dir='ltr'>Deus</span> <span class='ocrx_word' id='word_1_574' title='bbox 1460 2276 1496 2308; x_wconf 87' lang='lat' dir='ltr'>et</span> <span class='ocrx_word' id='word_1_575' title='bbox 1522 2273 1585 2308; x_wconf 91' lang='lat' dir='ltr'>Dei</span> <span class='ocrx_word' id='word_1_576' title='bbox 1612 2272 1738 2308; x_wconf 71' lang='lat' dir='ltr'>Filius.</span> 
     </span>
     <span class='ocr_line' id='line_1_101' title="bbox 952 2321 1739 2365; baseline -0.004 -7"><span class='ocrx_word' id='word_1_577' title='bbox 952 2321 1048 2358; x_wconf 81' lang='lat' dir='ltr'>Dicit</span> <span class='ocrx_word' id='word_1_578' title='bbox 1083 2325 1208 2357; x_wconf 87' lang='lat' dir='ltr'>autem</span> <span class='ocrx_word' id='word_1_579' title='bbox 1232 2332 1240 2357; x_wconf 90' lang='lat'>:</span> <span class='ocrx_word' id='word_1_580' title='bbox 1264 2322 1331 2357; x_wconf 77' lang='lat' dir='ltr'>Hie</span> <span class='ocrx_word' id='word_1_581' title='bbox 1360 2323 1428 2356; x_wconf 74' lang='lat' dir='ltr'>erit</span> <span class='ocrx_word' id='word_1_582' title='bbox 1458 2331 1626 2365; x_wconf 67' lang='lat' dir='ltr'>magmas,</span> <span class='ocrx_word' id='word_1_583' title='bbox 1663 2330 1739 2355; x_wconf 89' lang='lat' dir='ltr'>non</span> 
     </span>
     <span class='ocr_line' id='line_1_102' title="bbox 952 2367 1738 2416; baseline -0.004 -11"><span class='ocrx_word' id='word_1_584' title='bbox 952 2369 1051 2416; x_wconf 85' lang='lat' dir='ltr'>quod</span> <span class='ocrx_word' id='word_1_585' title='bbox 1070 2373 1157 2405; x_wconf 81' lang='lat' dir='ltr'>ante</span> <span class='ocrx_word' id='word_1_586' title='bbox 1174 2372 1323 2416; x_wconf 85' lang='lat' dir='ltr'>partum</span> <span class='ocrx_word' id='word_1_587' title='bbox 1344 2367 1508 2414; x_wconf 73' lang='lat' dir='ltr'>Virginis</span> <span class='ocrx_word' id='word_1_588' title='bbox 1533 2379 1607 2403; x_wconf 88' lang='lat' dir='ltr'>non</span> <span class='ocrx_word' id='word_1_589' title='bbox 1630 2367 1738 2403; x_wconf 82' lang='lat' dir='ltr'>suerit</span> 
     </span>
     <span class='ocr_line' id='line_1_103' title="bbox 954 2415 1740 2463; baseline -0.005 -10"><span class='ocrx_word' id='word_1_590' title='bbox 954 2427 1125 2463; x_wconf 90' lang='lat' dir='ltr'>magnus,</span> <span class='ocrx_word' id='word_1_591' title='bbox 1163 2426 1313 2462; x_wconf 89' lang='lat' dir='ltr'>semper</span> <span class='ocrx_word' id='word_1_592' title='bbox 1346 2415 1446 2452; x_wconf 90' lang='lat' dir='ltr'>enim</span> <span class='ocrx_word' id='word_1_593' title='bbox 1481 2415 1547 2451; x_wconf 84' lang='lat' dir='ltr'>suit</span> <span class='ocrx_word' id='word_1_594' title='bbox 1582 2426 1740 2461; x_wconf 82' lang='lat' dir='ltr'>maguus</span> 
     </span>
     <span class='ocr_line' id='line_1_104' title="bbox 954 2463 1737 2509; baseline -0.004 -9"><span class='ocrx_word' id='word_1_595' title='bbox 954 2466 1071 2509; x_wconf 88' lang='lat' dir='ltr'>Deus;</span> <span class='ocrx_word' id='word_1_596' title='bbox 1090 2465 1153 2500; x_wconf 83' lang='lat' dir='ltr'>sed</span> <span class='ocrx_word' id='word_1_597' title='bbox 1174 2464 1318 2500; x_wconf 82' lang='lat' dir='ltr'>futurus</span> <span class='ocrx_word' id='word_1_598' title='bbox 1334 2463 1404 2499; x_wconf 89' lang='lat' dir='ltr'>erit</span> <span class='ocrx_word' id='word_1_599' title='bbox 1422 2474 1582 2509; x_wconf 87' lang='lat' dir='ltr'>magnus</span> <span class='ocrx_word' id='word_1_600' title='bbox 1599 2463 1711 2498; x_wconf 90' lang='lat' dir='ltr'>homo</span> <span class='ocrx_word' id='word_1_601' title='bbox 1730 2474 1737 2496; x_wconf 90' lang='lat'>:</span> 
     </span>
     <span class='ocr_line' id='line_1_105' title="bbox 953 2508 1737 2558; baseline -0.006 -10"><span class='ocrx_word' id='word_1_602' title='bbox 953 2511 1043 2558; x_wconf 87' lang='lat' dir='ltr'>quia</span> <span class='ocrx_word' id='word_1_603' title='bbox 1081 2511 1403 2556; x_wconf 77' lang='lat' dir='ltr'>magnificentiam</span> <span class='ocrx_word' id='word_1_604' title='bbox 1451 2521 1563 2557; x_wconf 88' lang='lat' dir='ltr'>quam</span> <span class='ocrx_word' id='word_1_605' title='bbox 1611 2508 1737 2545; x_wconf 83' lang='lat' dir='ltr'>habuit</span> 
     </span>
     <span class='ocr_line' id='line_1_106' title="bbox 954 2558 1738 2604; baseline -0.001 -9"><span class='ocrx_word' id='word_1_606' title='bbox 954 2559 1066 2595; x_wconf 90' lang='lat' dir='ltr'>Filius</span> <span class='ocrx_word' id='word_1_607' title='bbox 1099 2559 1161 2595; x_wconf 88' lang='lat' dir='ltr'>Dei</span> <span class='ocrx_word' id='word_1_608' title='bbox 1199 2558 1429 2595; x_wconf 61' lang='lat' dir='ltr'>aeternaliter</span> <span class='ocrx_word' id='word_1_609' title='bbox 1454 2569 1522 2604; x_wconf 87' lang='lat' dir='ltr'>per</span> <span class='ocrx_word' id='word_1_610' title='bbox 1551 2561 1738 2594; x_wconf 83' lang='lat' dir='ltr'>naturam.</span> 
     </span>
     <span class='ocr_line' id='line_1_107' title="bbox 953 2604 1738 2653; baseline -0.008 -10"><span class='ocrx_word' id='word_1_611' title='bbox 953 2610 1174 2653; x_wconf 85' lang='lat' dir='ltr'>accepturus</span> <span class='ocrx_word' id='word_1_612' title='bbox 1213 2610 1293 2642; x_wconf 88' lang='lat' dir='ltr'>erat</span> <span class='ocrx_word' id='word_1_613' title='bbox 1341 2606 1441 2641; x_wconf 83' lang='lat' dir='ltr'>silius</span> <span class='ocrx_word' id='word_1_614' title='bbox 1489 2604 1654 2649; x_wconf 86' lang='lat' dir='ltr'>Virginis</span> <span class='ocrx_word' id='word_1_615' title='bbox 1697 2614 1738 2638; x_wconf 67' lang='lat' dir='ltr'>cx</span> 
     </span>
     <span class='ocr_line' id='line_1_108' title="bbox 954 2650 1742 2701; baseline -0.008 -11"><span class='ocrx_word' id='word_1_616' title='bbox 954 2659 1123 2700; x_wconf 91' lang='lat' dir='ltr'>tempore</span> <span class='ocrx_word' id='word_1_617' title='bbox 1150 2664 1216 2701; x_wconf 88' lang='lat' dir='ltr'>per</span> <span class='ocrx_word' id='word_1_618' title='bbox 1243 2654 1419 2700; x_wconf 87' lang='lat' dir='ltr'>gratiam,</span> <span class='ocrx_word' id='word_1_619' title='bbox 1446 2656 1481 2688; x_wconf 90' lang='lat' dir='ltr'>et</span> <span class='ocrx_word' id='word_1_620' title='bbox 1509 2650 1742 2687; x_wconf 70' lang='lat' dir='ltr'>:eternaliter</span> 
     </span>
     <span class='ocr_line' id='line_1_109' title="bbox 953 2699 1739 2746; baseline -0.009 -8"><span class='ocrx_word' id='word_1_621' title='bbox 953 2702 1165 2746; x_wconf 79' lang='lat' dir='ltr'>habiturus,</span> <span class='ocrx_word' id='word_1_622' title='bbox 1188 2705 1227 2737; x_wconf 86' lang='lat' dir='ltr'>ut</span> <span class='ocrx_word' id='word_1_623' title='bbox 1257 2712 1331 2737; x_wconf 89' lang='lat' dir='ltr'>una</span> <span class='ocrx_word' id='word_1_624' title='bbox 1356 2700 1403 2737; x_wconf 91' lang='lat' dir='ltr'>sit</span> <span class='ocrx_word' id='word_1_625' title='bbox 1433 2709 1594 2746; x_wconf 87' lang='lat' dir='ltr'>persona</span> <span class='ocrx_word' id='word_1_626' title='bbox 1625 2699 1739 2733; x_wconf 77' lang='lat' dir='ltr'>homo</span> 
     </span>
     <span class='ocr_line' id='line_1_110' title="bbox 953 2744 1741 2792; baseline -0.008 -7"><span class='ocrx_word' id='word_1_627' title='bbox 953 2754 989 2785; x_wconf 90' lang='lat' dir='ltr'>et</span> <span class='ocrx_word' id='word_1_628' title='bbox 1013 2751 1122 2785; x_wconf 87' lang='lat' dir='ltr'>Deus.</span> <span class='ocrx_word' id='word_1_629' title='bbox 1158 2750 1200 2785; x_wconf 86' lang='lat' dir='ltr'>Et</span> <span class='ocrx_word' id='word_1_630' title='bbox 1224 2750 1318 2785; x_wconf 84' lang='lat' dir='ltr'>bene</span> <span class='ocrx_word' id='word_1_631' title='bbox 1342 2757 1514 2792; x_wconf 82' lang='lat' dir='ltr'>magnus,</span> <span class='ocrx_word' id='word_1_632' title='bbox 1543 2745 1605 2791; x_wconf 77' lang='lat' dir='ltr'>qui</span> <span class='ocrx_word' id='word_1_633' title='bbox 1627 2744 1741 2781; x_wconf 71' lang='lat' dir='ltr'>Filius</span> 
     </span>
     <span class='ocr_line' id='line_1_111' title="bbox 953 2792 1742 2839; baseline -0.006 -7"><span class='ocrx_word' id='word_1_634' title='bbox 953 2795 1133 2833; x_wconf 77' lang='lat' dir='ltr'>Altissimi</span> <span class='ocrx_word' id='word_1_635' title='bbox 1165 2796 1370 2832; x_wconf 86' lang='lat' dir='ltr'>merebitur</span> <span class='ocrx_word' id='word_1_636' title='bbox 1403 2792 1598 2839; x_wconf 80' lang='lat' dir='ltr'>appellari.</span> <span class='ocrx_word' id='word_1_637' title='bbox 1637 2792 1742 2829; x_wconf 60' lang='lat' dir='ltr'>Undev</span> 
     </span>
    </p>
   </div>
  </div>
 </body>
</html>
