1902 3126
604 149 656 184 DE
692 149 946 186 MUTATIONE
985 153 1108 192 AQUAE
1145 155 1187 188 lx
1232 157 1386 191 VINUM.
1756 160 1810 195 221

177 228 363 267 intellexit
382 227 483 265 enim
504 226 543 262 in
566 225 641 261 illis
658 224 783 261 verbis
804 226 954 262 Domini

177 276 299 323 ipsum
317 287 388 312 non
409 277 688 319 exasperatum
705 275 742 308 et
761 272 845 309 ideo
865 274 959 310 fidu-

175 323 323 360 cialiter
343 319 539 367 imperavit
575 318 771 363 ministris,
794 323 834 355 ut
860 331 956 366 prae-

175 374 284 424 cepta
303 369 500 415 implerent
522 366 600 401 Filii
613 366 794 412 jubentis.
808 367 955 404 Sciebat

178 428 276 454 enim
296 426 380 452 eum
399 417 512 450 tantae
536 413 806 449 misericordiae
820 418 854 450 et
877 415 956 460 pie-

174 464 276 507 tatis,
309 463 406 508 quod
442 463 724 506 compateretur
753 460 955 508 indigenti-

174 511 245 548 bus
271 513 308 545 et
335 510 474 544 faceret
499 507 600 554 quod
631 509 844 554 petebatur,
871 509 957 545 licet

172 567 308 603 aspere
330 555 430 601 loqui
449 558 486 591 et
507 565 646 601 negare
666 554 869 592 videretur.
894 558 957 593 Sa-

172 614 223 640 na
249 603 423 639 doctrina
448 601 611 638 Viroinis
633 603 774 647 Mariae,
797 607 836 639 ut
857 614 955 640 sem—

170 660 240 698 per
273 650 481 686 debeamus
509 629 657 686 &bristo
692 650 847 687 obedire
881 663 889 687 ε
919 654 956 687 et

172 708 242 745 per
266 698 336 734 hoc
361 697 473 733 etiam
504 707 702 733 monemur
725 698 772 733 de
794 698 955 735 Domino

172 755 249 781 non
268 745 486 791 desperare,
500 743 531 779 si
553 744 676 788 nobis,
690 755 774 781 cum
786 756 953 791 oramus,

171 791 345 828 videatur
364 792 411 827 de
431 792 529 827 sacto
551 791 681 827 durius
708 793 953 838 respondere,

171 839 238 876 sed
264 850 348 876 cum
389 840 500 875 beata
538 838 692 884 Virgine
731 840 957 876 fiducialiter

170 887 253 933 ejus
287 885 588 922 misericordiam
622 890 852 933 exspectare.
883 888 955 924 Sed

170 944 255 970 cum
289 933 459 971 Christus
485 932 686 970 maximam
704 934 955 970 reverentiam

171 980 280 1018 Matri
307 981 499 1025 detulerit,
523 980 658 1017 mirum
686 981 834 1018 videtur
856 982 957 1028 quod

172 1027 226 1065 sic
247 1033 424 1065 extranee
453 1027 485 1064 ei
514 1028 721 1074 respondit.
752 1030 854 1065 Dura
873 1029 956 1075 qui-

172 1075 258 1112 dem
295 1076 444 1111 videtur
481 1075 663 1122 praedicta
704 1076 853 1112 Domini
893 1087 956 1112 re-

170 1122 337 1170 sponsio.
361 1123 445 1164 Sed,
464 1123 670 1159 secuudum
690 1124 954 1167 Auqzzscinum,

170 1169 416 1206 instructoria
436 1174 516 1212 est;
537 1170 625 1216 quia
646 1170 683 1206 in
699 1170 849 1215 divinis,
873 1182 956 1217 quae

170 1217 238 1254 Dei
266 1221 366 1262 sunt,
393 1219 551 1253 Matrem
586 1228 858 1264 recognoscere
881 1230 956 1254 non

170 1264 366 1301 debemus
408 1266 451 1301 Et
501 1264 674 1301 similiter
697 1293 706 1310 ,
749 1266 955 1302 secundum

170 1313 412 1353 Bernardum,
427 1311 474 1348 ad
489 1311 776 1348 instructionem
789 1317 955 1349 nostram

173 1359 256 1403 fuit,
275 1359 335 1405 qui
359 1359 405 1395 de
423 1359 591 1395 hocloco
613 1359 666 1395 sic
680 1359 767 1395 dicit
790 1372 798 1396 ε
820 1374 837 1393 «
859 1360 955 1403 Quid

171 1406 238 1443 tibi
261 1411 296 1442 et
321 1406 388 1449 illi,
412 1406 597 1442 Domine?
615 1408 746 1443 Nonne
769 1408 868 1453 quod
897 1407 954 1443 Fi-

170 1453 221 1490 lio
241 1457 278 1490 et
299 1453 439 1490 Matri?
462 1454 558 1497 Quid
579 1453 626 1489 ad
654 1454 757 1490 illam
785 1454 955 1501 pertines

171 1500 325 1548 quaeris,
363 1512 448 1537 cum
482 1501 532 1536 sis
565 1501 788 1537 benedictus
811 1502 955 1537 fructus

170 1550 312 1585 ventris
346 1548 400 1585 sui
429 1548 697 1584 immaculati?
719 1550 848 1585 Nonne
875 1549 957 1595 ipsa

169 1599 239 1640 est,
276 1606 358 1642 quae
393 1595 495 1631 salvo
520 1596 667 1642 pudore
701 1596 886 1642 concepit,
918 1599 955 1632 et

170 1643 252 1679 sine
279 1642 521 1689 corruptione
547 1646 584 1678 te
618 1643 794 1689 peperit?
825 1644 955 1679 Nonne

167 1690 251 1737 ipsa
271 1694 341 1733 est,
361 1690 399 1725 in
416 1691 523 1736 cujus
544 1693 651 1726 utero
667 1701 801 1726 novem
820 1690 955 1727 mensi-

168 1737 240 1775 bus
258 1741 427 1774 moratus
445 1748 485 1774 es
504 1752 512 1774 :
535 1738 641 1784 cujus
661 1737 840 1785 virgineis
862 1739 954 1774 ube-

168 1785 274 1822 ribus
301 1785 460 1821 lactatus
487 1795 528 1821 es
556 1798 566 1820 :
592 1795 675 1821 cum
701 1795 777 1831 qua
809 1786 953 1822 duode-

169 1832 242 1868 cim
261 1843 448 1868 annorum
467 1832 588 1868 factus
603 1832 649 1869 de
668 1833 877 1869 Jerusalem
894 1833 955 1869 de-

170 1879 365 1923 scendisti,
389 1884 425 1915 et
443 1891 527 1916 eras
541 1880 714 1916 subditus
734 1880 817 1916 illi?
833 1880 952 1916 Dicis:

170 1927 266 1971 Quid
292 1926 382 1962 mihi
405 1931 441 1962 et
463 1927 558 1963 tibi?
590 1927 747 1963 Multum
771 1938 839 1974 per
873 1938 953 1964 om-

170 1985 256 2010 nem
279 1974 458 2018 modum;
488 1974 553 2010 sed
575 1974 773 2010 manifeste
798 1976 878 2020 Jam
900 1975 953 2010 vi-

169 2021 255 2065 deo,
277 2021 379 2067 quod
407 2032 481 2056 non
508 2021 609 2056 velut
645 2021 860 2068 indignans,
891 2025 955 2058 aut

169 2069 400 2105 confundere
422 2068 551 2104 volens
572 2067 738 2113 Virginis
768 2073 804 2104 et
825 2069 954 2105 Matris

168 2119 338 2152 teneram
361 2115 641 2158 verecundiam,
664 2115 802 2151 dixeris
827 2128 835 2151 z
859 2116 954 2159 Quid

170 2163 263 2200 mihi
286 2169 322 2199 et
344 2162 439 2199 tibi?
460 2173 543 2198 cum
564 2162 804 2199 venientibus
834 2164 882 2199 ad
902 2167 952 2209 te,

174 2211 274 2247 'uxta
295 2213 524 2257 praereptum
546 2210 642 2256 ejus,
671 2209 866 2254 ministris,
896 2210 953 2246 ni-

167 2221 223 2294 inl
243 2262 454 2302 cunctatus,
478 2258 593 2294 facias
621 2258 721 2304 quod
749 2258 950 2304 suggessit.

171 2305 309 2351 thuid
331 2316 435 2348 ergo,
461 2306 611 2349 fratres,
640 2304 772 2351 utquid
793 2316 951 2351 respon-

170 2351 279 2388 derat
315 2352 446 2398 prius?
477 2353 610 2398 Utique
634 2356 789 2398 propter
816 2363 887 2388 nos
916 2355 954 2388 et

171 2409 376 2435 conversos
396 2400 443 2435 ad
460 2400 660 2436 Dominum
684 2411 691 2435 :
717 2403 756 2435 ut
769 2400 849 2446 jam
874 2411 951 2436 non

171 2445 347 2482 sollicitet
371 2447 579 2483 carnalium
617 2457 707 2483 cura
732 2451 949 2493 parentum,

171 2496 209 2530 et
229 2493 534 2530 necessitudines
556 2494 628 2530 illae
648 2505 723 2530 non
747 2494 954 2540 impediant

170 2541 376 2578 exercitum
407 2541 614 2587 spirituale.
647 2542 833 2585 Quamdiu
852 2542 951 2578 enim

169 2587 217 2624 de
237 2589 377 2624 mundo
399 2590 543 2632 sumus,
567 2588 757 2625 debitores
777 2600 845 2626 nos
866 2600 951 2626 con-

169 2638 243 2672 stat
264 2646 346 2671 esse
362 2636 593 2682 parentibus.
606 2637 668 2681 At,
679 2641 880 2683 postquam
896 2647 952 2673 re-

169 2681 360 2729 liquimus·
382 2683 646 2730 nosmetipsos,
686 2684 803 2720 multo
831 2684 950 2731 magis

170 2730 218 2767 ab
229 2740 358 2766 eorum
375 2730 627 2768 sollicitudine
644 2730 791 2768 liberati
803 2742 947 2768 sumus.

171 2777 276 2815 Unde
296 2777 456 2824 Legimus
489 2778 644 2816 fratrem
677 2779 892 2826 quemdam,
911 2779 950 2816 in

1034 234 1161 260 eremo
1192 229 1490 271 conversantem,
1526 238 1610 265 cum
1649 229 1696 266 ad
1723 241 1812 268 eum

1034 271 1198 307 carnalis
1216 273 1343 317 frater,
1365 274 1491 310 auxilii
1514 277 1649 321 gratia,
1672 277 1811 315 adven-

1034 320 1164 361 tasset,
1187 320 1441 365 respondisse,
1457 326 1493 358 ut
1513 323 1634 359 adiret
1651 324 1813 362 alterum

1033 363 1188 416 fratrem
1216 376 1362 410 eorum,
1385 379 1467 404 cum
1498 369 1558 406 ille
1585 371 1711 417 utique
1734 373 1815 419 jam

1033 410 1202 446 obiisset.
1235 412 1327 448 Cum
1357 415 1578 461 admiratus,
1612 419 1674 463 qui
1706 431 1818 457 vene-

1033 462 1104 510 rat,
1127 459 1375 504 responderet
1396 462 1483 513 quia
1506 463 1567 500 ille
1595 466 1704 509 obiit,
1734 478 1817 504 ere-

1033 509 1125 540 mita
1147 516 1187 541 se
1214 516 1364 551 quoque
1388 509 1561 546 similitor
1593 513 1736 550 obiisse
1757 526 1818 552 re-

1033 552 1198 598 spondit.
1226 553 1374 598 Optime
1395 566 1485 600 ergo
1504 568 1572 593 nos
1594 560 1723 596 docuit
1744 563 1816 598 Do-

1032 599 1172 652 minus,
1192 610 1238 636 ne
1271 600 1419 653 solliciti
1451 603 1567 640 simus
1589 617 1706 652 super
1735 619 1819 655 pro-

1032 656 1193 692 pinquos
1230 657 1356 684 carnis
1392 653 1546 694 nostrae,
1577 654 1660 697 plus
1702 666 1817 699 quam

1032 694 1164 740 religio
1192 695 1370 740 postulet,
1407 698 1557 741 quando
1587 699 1665 743 ipse
1691 702 1814 747 Matri,

1030 746 1068 777 et
1091 741 1157 777 tali
1186 741 1294 777 Matri
1324 744 1519 789 respondit
1539 755 1547 779 :
1571 745 1665 788 Quid
1688 748 1753 783 tibi
1779 753 1816 785 et

1032 788 1124 824 mihi
1146 792 1216 834 est,
1240 789 1403 826 mulier?
1421 791 1480 827 Sic
1504 795 1538 827 et
1561 791 1598 827 in
1622 793 1696 829 alio
1716 795 1813 841 loc0,

1031 846 1118 872 cum
1140 841 1362 883 suggereret
1382 838 1414 873 ei
1438 837 1608 884 quidam,
1632 841 1813 886 quoniam

1033 885 1152 920 Mater
1174 885 1255 930 eJus
1294 888 1330 920 et
1352 885 1487 921 fratres
1514 887 1595 932 eJus
1626 888 1717 924 foris
1737 893 1813 926 sta-

1032 934 1131 975 rent,
1158 935 1370 977 quaerentes
1394 932 1427 968 ei
1449 932 1565 979 loqui,
1588 936 1783 980 respondit
1803 948 1811 973 z

1033 979 1118 1020 Quae
1147 982 1200 1014 est
1226 981 1345 1014 Mater
1379 991 1470 1021 mea,
1493 985 1527 1016 et
1555 983 1692 1025 fratres
1714 986 1816 1020 mei?

1034 1025 1101 1061 Ubi
1125 1025 1236 1062 modo
1277 1029 1376 1071 sunt,
1399 1027 1463 1073 qui
1488 1031 1565 1063 tam
1597 1031 1814 1076 carnaliter,

1032 1076 1069 1108 et
1089 1072 1265 1118 inaniter,
1289 1085 1401 1118 super
1422 1075 1640 1112 carnalibus
1663 1078 1816 1124 propin-

1032 1120 1114 1165 quis
1146 1120 1224 1157 suis
1249 1120 1398 1157 solliciti
1435 1126 1535 1167 sunt,
1564 1134 1607 1159 ac
1636 1124 1665 1159 si
1694 1126 1818 1162 adhuc

1032 1167 1202 1203 viverent
1222 1173 1258 1205 et
1275 1167 1346 1216 ipsi
1371 1179 1456 1205 cum
1477 1170 1530 1206 eis
1548 1169 1566 1205 ἰ)
1592 1184 1609 1204 »
1631 1172 1711 1208 haec
1728 1175 1817 1209 Ber-

1030 1215 1183 1250 nardus.

1079 1265 1098 1297 5
1122 1264 1269 1297 Hrnmffi:
1288 1274 1385 1303 Aoni¹
1406 1275 1586 1301 mnnxrcn
1604 1277 1817 1303 mrtem.—

1030 1311 1150 1345 Erant
1169 1313 1288 1345 autem
1314 1311 1368 1345 ibi
1394 1312 1548 1356 lapideae
1571 1313 1712 1357 hydriae
1736 1325 1815 1357 sex,

1027 1358 1156 1402 positae
1196 1358 1392 1392 secundum
1425 1361 1736 1404 purificationem,
1778 1361 1817 1399 id

1031 1408 1087 1439 est
1116 1404 1323 1440 secundum
1353 1415 1496 1441 morem
1516 1411 1553 1442 et
1580 1408 1691 1444 ritum
1714 1408 1817 1454 puri·

1031 1450 1231 1495 ficationis,
1271 1452 1494 1493 Judaeorum,
1530 1454 1600 1490 hoc
1630 1459 1687 1490 est
1724 1466 1814 1493 vasa

1030 1498 1218 1545 aquatica,
1235 1501 1271 1534 et
1287 1509 1472 1544 aquarum
1494 1502 1659 1548 receptui
1680 1507 1814 1548 parata

1030 1551 1076 1587 ab
1110 1548 1213 1597 υδωρ,
1242 1552 1344 1597 quod
1378 1556 1435 1588 est
1462 1563 1562 1599 aqua
1588 1554 1640 1590 sic
1679 1555 1812 1600 dicta3

1029 1601 1071 1633 ut
1090 1597 1119 1633 si
1142 1599 1239 1634 sorte
1255 1598 1473 1643 contigisset
1488 1600 1653 1647 aliquem
1667 1602 1713 1638 de
1729 1614 1815 1638 con-

1029 1644 1137 1690 vivis,
1162 1644 1220 1681 vel
1240 1645 1286 1681 de
1320 1646 1503 1683 ministris
1525 1648 1651 1685 lavare
1683 1660 1736 1694 se,
1756 1650 1815 1687 vel

1030 1703 1133 1738 vasa,
1156 1703 1294 1738 aquam
1306 1693 1354 1729 ad
1376 1694 1447 1730 hoc
1468 1695 1668 1740 inveniret,
1691 1700 1727 1733 et
1746 1698 1814 1734 ha·

1029 1740 1138 1776 beret
1161 1744 1347 1786 paratam.
1382 1742 1523 1778 Crebro
1552 1743 1652 1779 enim
1681 1755 1815 1782 manus

1030 1791 1067 1823 et
1088 1798 1178 1823 vasa
1189 1788 1402 1834 epulatoria
1413 1789 1535 1826 Judaei
1556 1791 1813 1837 baptizabant,

1030 1834 1068 1870 id
1086 1838 1144 1871 est
1163 1835 1341 1871 lavabant
1367 1839 1403 1872 et
1425 1837 1697 1883 purificabant;
1728 1844 1763 1876 et
1785 1840 1814 1876 si

1030 1893 1119 1918 casu
1147 1882 1383 1919 immundum
1407 1884 1552 1930 aliquid
1588 1886 1814 1932 tetigissent,

1030 1929 1103 1965 nisi
1129 1929 1235 1975 prius
1256 1929 1338 1974 loti,
1360 1942 1436 1967 non
1458 1933 1721 1969 comedebant.
1747 1935 1814 1971 Ca-

1027 1977 1194 2022 piebant,
1218 1980 1358 2021 autem,
1379 1980 1547 2022 είηριιῐεε,
1570 1980 1727 2026 hydriae,
1745 1992 1816 2017 me-

1031 2028 1156 2065 tretas,
1193 2023 1231 2059 id
1268 2027 1325 2059 est
1360 2035 1570 2070 mensuras,
1612 2028 1717 2063 binas
1760 2029 1816 2064 ¹cel

1030 2080 1165 2117 ternas,
1189 2075 1357 2123 ειμέτρον,
1376 2078 1477 2123 quod
1499 2082 1556 2114 est
1574 2090 1750 2117 mensura
1762 2081 1815 2118 sic

1029 2123 1141 2159 dicta.
1179 2124 1392 2160 Secundum
1424 2127 1619 2168 Isidorum,
1653 2132 1814 2165 metreta

1029 2170 1202 2216 quaedam
1225 2181 1403 2208 mensura
1424 2176 1481 2208 est
1511 2175 1711 2211 continens
1746 2177 1813 2213 de-

1029 2228 1108 2253 cem
1128 2218 1328 2262 sextarios3
1346 2222 1382 2255 et
1396 2221 1604 2257 secundum
1621 2224 1811 2269 eumdem,

1029 2265 1213 2301 sextarius
1226 2266 1394 2303 continet
1408 2270 1554 2304 tantum
1567 2269 1660 2305 duas
1681 2270 1812 2317 libras,

1029 2312 1108 2357 qui,
1130 2312 1188 2348 bis
1212 2317 1443 2360 assumptus,
1465 2319 1622 2352 vocatur
1650 2317 1810 2354 bilibris.

1027 2361 1075 2396 Et
1104 2360 1199 2396 dicit
1227 2362 1331 2397 Jesus
1363 2364 1427 2403 cis,
1449 2362 1487 2398 id
1509 2367 1566 2399 est
1598 2363 1779 2401 ministris
1803 2377 1810 2401 :

1026 2408 1177 2453 Implete
1202 2408 1356 2453 hydrias
1390 2420 1501 2455 aqua.
1531 2410 1680 2456 Aliquid
1713 2412 1813 2448 enim

1027 2454 1074 2491 de
1094 2465 1193 2501 aqua
1214 2455 1319 2502 prius
1343 2457 1467 2502 posita
1487 2457 1573 2493 inde
1598 2468 1813 2505 assumpse-

1026 2506 1113 2538 rant
1135 2502 1182 2538 ad
1205 2503 1512 2549 purificationem
1540 2515 1717 2541 vasorum
1744 2519 1754 2540 :
1777 2510 1815 2542 et

1025 2549 1111 2586 ideo
1123 2550 1237 2596 jussit
1254 2552 1365 2588 Jesus
1384 2551 1549 2597 suppleri
1567 2552 1668 2597 quod
1691 2554 1816 2591 suerat

1026 2602 1210 2634 amotum.
1235 2599 1374 2635 Euntes
1401 2598 1515 2644 igitur
1537 2598 1698 2634 ministri
1724 2601 1817 2637 hau·

1026 2648 1159 2681 serunt
1174 2655 1312 2692 aquam
1334 2646 1380 2681 de
1398 2649 1511 2691 puteo
1533 2646 1595 2691 qui
1615 2647 1739 2683 adhuc
1762 2647 1813 2684 ibi

1026 2703 1109 2729 esse
1139 2691 1291 2737 dicitur,
1327 2696 1432 2728 extra
1469 2692 1631 2729 viculum
1654 2705 1662 2737 ;
1686 2698 1720 2730 et
1747 2697 1814 2731 im-

1020 2741 1215 2786 pleverunt
1233 2740 1387 2786 hydrias
1407 2749 1522 2786 usque
1545 2741 1593 2775 ad
1610 2751 1805 2778 summum.

1025 2787 1116 2831 Quae
1157 2798 1241 2825 cum
1278 2786 1437 2824 fuissent
1479 2787 1644 2835 impletae
1683 2800 1806 2837 aqua,
