1897 3167
476 148 528 181 DE
566 148 864 182 CONCEI‘TIONE
903 149 1172 183 SAvaTORls
1211 150 1390 183 NtlSTlll.
1716 150 1750 182 >¹12

111 230 207 258 anus
227 223 264 256 et
281 219 458 266 pariturae
481 217 637 260 induxit,
656 216 892 263 seniorisque

111 267 261 304 feminae
281 270 319 302 et
342 264 480 301 sterilis
506 263 737 309 inopinatam
765 264 892 300 secun-

110 314 267 351 ditatem
281 311 425 358 Virgini
441 310 641 354 nuntiavit,
654 315 691 347 ut
707 314 895 347 assereret

110 360 237 399 omnia
268 358 438 396 decentia
474 360 549 394 Deo
576 358 790 411 possibilia,
813 370 895 404 qua}

112 408 222 446 solito
243 405 374 442 ordine
392 408 534 442 naturae
558 405 729 441 videntur
749 410 897 442 contra-

110 455 186 498 ria;
209 456 246 490 et
266 452 328 499 qui
347 462 461 498 supra
481 456 653 488 naturam
673 456 894 499 conceptum

110 501 214 538 dedit
233 499 366 543 sterili,
385 500 542 535 daturus
564 510 638 535 non
658 500 896 536 dubitaretur

110 552 147 585 et
164 547 322 594 Virgini.
337 548 382 582 Et
398 551 437 583 ut
456 546 601 583 facilius
615 547 744 583 credat
766 559 773 582 ε
791 549 893 588 Ecce,

109 594 245 641 inquit,
267 595 457 631 Elisabeth
484 598 637 639 cognata
660 598 736 635 tua,
760 598 793 630 et
813 596 896 640 ipsa

110 644 273 688 concepit
295 643 426 687 filium,
446 652 512 688 per
544 641 607 677 Dei
642 641 833 683 virtutem,
856 644 896 677 in

109 692 290 726 senectute
314 700 401 731 sua,·
423 693 456 724 et
476 690 533 724 hic
550 691 683 724 mensis
700 693 825 724 sextus
846 692 897 724 est

108 738 182 778 illi,
204 747 285 782 quae
310 740 460 772 vocatur
484 738 635 776 sterilis,
658 739 811 782 propter
832 747 898 771 no-

111 787 189 820 tam
207 783 432 830 ‚iamdudum
456 783 536 828 ejus
556 783 805 819 sterilitatem.
829 785 898 819 Ta-

114 841 203 868 men
235 830 323 876 quia
356 830 455 866 istud
489 830 701 876 exemplum
734 841 809 866 non
843 834 900 866 est

113 888 388 924 usquequaque
412 878 633 924 perfectum,
659 877 747 923 quia
778 878 899 923 majus

111 929 169 962 est
196 924 381 971 virginem
410 924 606 970 concipere
642 935 754 970 quam
790 925 898 961 steri-

112 972 201 1017 lem,
223 975 260 1009 et
285 972 370 1008 ideo
391 972 556 1017 Angelus
579 972 722 1008 inducit
739 971 896 1008 rationis

113 1019 335 1063 efficaciam,
354 1029 397 1055 ex
436 1019 500 1055 Dei
530 1019 819 1065 omnipotentia,
846 1019 898 1054 di-

115 1077 204 1104 cens
223 1079 233 1102 ε
252 1067 347 1110 Quia
367 1077 436 1102 non
463 1069 530 1102 crit
552 1067 778 1112 impossibile
798 1067 898 1112 apud

113 1116 226 1150 Deum
239 1124 340 1150 omne
357 1114 517 1154 verbum,
545 1113 581 1149 id
603 1118 671 1157 est,
695 1113 817 1149 omnis
837 1124 898 1149 res

115 1160 233 1207 digna
267 1161 382 1197 verbo
406 1189 414 1205 ,
452 1160 541 1207 quin
580 1160 738 1207 implere
780 1160 898 1206 possit

114 1218 226 1245 omne
245 1208 361 1244 verbo
383 1219 450 1244 suo
471 1207 697 1254 promissum
714 1208 794 1243 :vel
818 1219 898 1244 ver-

114 1256 221 1299 bum,
242 1255 282 1291 id
315 1258 385 1299 est,
417 1255 679 1300 quodcumque
712 1265 806 1301 opus
841 1255 897 1290 vel

116 1303 271 1346 sactum,
301 1301 341 1337 in
374 1303 455 1348 eJus
490 1302 738 1348 dispositione
774 1301 898 1347 provi-

116 1360 212 1386 sum.
236 1350 329 1385 Nam
354 1349 479 1385 dicere
508 1349 572 1385 Dei
593 1352 649 1385 est
670 1350 806 1392 iacere,
841 1359 898 1384 se-

115 1397 278 1433 cundum
300 1396 393 1432 illud
433 1396 571 1432 Psalmi
603 1408 610 1431 :
640 1398 719 1441 lpse
746 1397 845 1431 dimit
866 1400 900 1431 et

114 1445 217 1488 facta
249 1447 348 1485 sunt,
371 1443 553 1489 quidquid
580 1442 681 1478 enim
709 1442 898 1479 contradi-

114 1491 279 1527 ctionem
302 1501 377 1526 non
397 1490 576 1536 implicat,
598 1493 720 1526 totum
744 1493 801 1526 est
823 1491 897 1525 Deo

114 1537 309 1585 possibile,
329 1537 539 1583 cujusmodi
559 1541 615 1572 est
635 1537 819 1582 virginem
832 1547 897 1583 pa-

115 1595 218 1629 rere;
261 1584 327 1621 sed
363 1595 446 1630 quae
474 1583 667 1630 implicant
707 1583 898 1620 contradi-

114 1632 291 1676 ctionem,
305 1635 359 1676 ut,
373 1631 665 1667 contradictoria
685 1630 796 1667 simul
817 1642 898 1667 esse

117 1689 217 1723 vera,
240 1683 296 1723 ut,
318 1690 363 1715 ea
380 1690 462 1724 quae
481 1679 577 1715 sarta
592 1681 692 1722 sunt,
712 1679 807 1714 fiant
824 1689 898 1715 non

113 1727 226 1771 sacta,
245 1730 334 1771 etc.,
349 1726 579 1772 hujusmodi,
601 1725 691 1761 talia
713 1737 788 1762 non
811 1730 900 1762 sunt

114 1775 192 1811 Deo
210 1773 420 1820 possibilia,
450 1784 526 1809 non
548 1777 701 1819 propter
725 1773 897 1819 impossi-

114 1821 300 1858 bilitatem
323 1820 403 1864 Dei,
427 1821 492 1856 sed
516 1824 670 1867 propter
689 1819 900 1866 impossibi-

114 1867 260 1905 litatem
282 1867 350 1904 rei.
375 1867 487 1911 Quasi
510 1869 674 1912 doceret,
698 1878 765 1914 per
787 1867 900 1903 virtu-

115 1919 192 1952 tem
213 1918 250 1952 et
275 1915 462 1951 actionem
486 1919 646 1959 naturae,
673 1925 742 1951 nee
762 1914 900 1951 sterilis

115 1973 185 1999 nec
196 1962 302 2009 virgo
316 1966 441 2009 potest
461 1962 672 2008 concipere,
689 1962 755 1999 sed
773 1961 902 1998 divina

115 2010 285 2057 potentia
320 2013 444 2056 potest
482 2010 553 2046 hoc
583 2010 720 2045 facere.
761 2010 901 2046 Secun-

116 2057 207 2094 dum
243 2057 471 2094 Bernardum
488 2085 498 2098 ‚
539 2056 630 2092 dicit
668 2067 778 2092 omne
818 2067 902 2093 ver-

115 2105 220 2149 bum,
260 2108 296 2140 et
325 2115 403 2140 non
442 2115 552 2140 omne
591 2103 755 2140 factibile
771 2131 779 2147 ,
816 2103 904 2150 quia

117 2161 230 2199 quam
269 2151 379 2188 facile
404 2155 563 2198 possunt
591 2151 763 2187 homines
801 2150 903 2196 loqui

117 2198 207 2246 quid
236 2199 378 2243 volunt,
409 2198 461 2235 sic
485 2198 830 2244 incomparabiliter
850 2199 903 2234 fa-

118 2245 226 2283 cilius
265 2249 389 2292 potest
443 2247 541 2282 Deus
601 2245 758 2292 implere
794 2244 902 2291 quid-

119 2292 209 2339 quid
246 2296 405 2339 possunt
435 2293 488 2328 illi
526 2293 640 2329 verbo
680 2291 901 2339 exprimere.

119 2341 310 2376 Praeterea
330 2340 535 2376 secundum
560 2339 734 2376 eumdem
752 2342 906 2375 Ber-nar-

120 2387 207 2423 dum
229 2415 238 2427 ,
274 2391 475 2433 conceptus
520 2387 710 2423 Elisabeth
760 2386 903 2434 Virgini

120 2433 316 2471 nuntiatur
339 2463 347 2477 ,
376 2438 417 2470 ut
455 2434 543 2470 dum
577 2434 798 2471 miraculum
833 2434 902 2470 mi-

119 2481 248 2518 raculo
281 2481 433 2517 additur
456 2509 464 2525 ,
501 2481 638 2528 gaudio
679 2481 901 2518 cumuletur.

121 2530 228 2573 Item,
243 2528 331 2574 quia
351 2529 604 2565 occultaverat
625 2539 678 2573 se,
695 2533 731 2565 et
747 2529 826 2575 Jam
846 2539 905 2565 oc-

122 2575 264 2612 cultare
291 2587 366 2612 non
392 2579 554 2622 poterat,
577 2575 805 2613 conveniens
837 2575 905 2612 suit

123 2622 223 2670 quod
245 2627 331 2659 ante
364 2627 512 2659 ceteros
547 2622 660 2670 Virgo
680 2624 751 2660 hoc
777 2623 902 2659 sciret.

124 2671 231 2714 Item,
253 2674 294 2706 ut
320 2674 395 2706 tam
414 2671 677 2715 PraecursoriS,
699 2681 810 2717 quam
830 2670 906 2707 Sal-

125 2717 265 2754 vatoris
283 2721 397 2801 (gesta
422 2717 547 2761 sciret,
586 2728 668 2764 quae
705 2717 907 2765 scriptores

125 2764 262 2801 docere
310 2766 458 2802 ebebat.
482 2767 573 2801 Item
594 2769 748 2813 propter
770 2765 906 2802 sancti—

970 218 1185 254 ficationem
1208 219 1399 265 Baptista),
1425 230 1538 266 quem
1566 219 1688 255 adhuc
1712 218 1751 254 in

971 269 1077 301 utero
1117 266 1247 301 matris
1286 267 1447 311 positum
1491 269 1599 303 ,Iesus
1638 265 1754 302 voluit

971 311 1219 348 sanctificare.
1236 314 1567 360 lte1n,utautiquu=
1583 317 1753 358 cognatae
1796 310 1800 316 '

972 358 1196 404 obsequium
1222 360 1420 404 praeberet,
1442 365 1478 395 et
1500 365 1537 396 ut
1562 360 1752 396 bumilita-

972 410 1047 442 tem
1064 405 1250 451 impleret.
1275 406 1392 441 Maria
1413 407 1550 453 quippe
1579 412 1615 443 et
1639 408 1753 443 Elisa·

972 454 1061 489 beth
1097 456 1283 499 cognatae,
1315 463 1380 488 seu
1409 455 1643 490 consobrinae
1677 456 1753 490 sue-

974 503 1060 536 runt
1086 499 1125 536 in
1162 500 1325 536 secundo
1362 500 1504 546 gradu,
1541 502 1628 554 quia
1668 501 1754 536 tiliae

972 551 1083 583 erant
1101 547 1259 583 duarum
1275 557 1463 589 sororum,
1482 547 1621 583 scilicet
1639 550 1755 584 Anna:

972 598 1009 630 et
1049 594 1277 640 Hysmeriae3
1312 593 1381 629 suit
1413 593 1526 629 etiam
1567 595 1755 631 Elisabeth

973 642 1019 678 de
1038 642 1136 678 tribu
1156 642 1266 685 Juda,
1290 641 1384 677 sicut
1401 643 1437 676 et
1460 641 1588 677 Maria.

1022 702 1063 725 22
1084 690 1325 724 ExsracrxTio
1347 700 1522 724 Assssxscs
1551 690 1689 725 Mxiuiz.
1712 711 1756 715 —

974 738 1122 772 Intuere
1144 735 1204 771 hic
1225 739 1261 771 et
1287 735 1469 771 meditare
1500 736 1660 781 qualiter
1682 740 1758 772 tota

973 783 1138 819 Trinitas
1176 787 1233 819 est
1268 782 1320 819 ibi
1358 793 1526 828 praesens
1549 811 1557 826 ‚
1601 794 1755 829 respon-

974 831 1118 867 sionem
1154 831 1265 876 hujus
1310 840 1386 866 sure
1427 829 1513 865 filiae
1555 830 1757 875 singulariS

975 880 1207 924 exspectans,
1231 881 1268 913 et
1296 880 1468 913 amanter
1489 888 1532 913 ac
1552 877 1755 914 delectabi-

975 925 1060 961 liter
1079 925 1160 971 ejus
1182 924 1449 960 verecundiam
1467 928 1503 960 et
1523 935 1646 960 mores
1661 924 1758 970 aspi-

974 972 1090 1016 ciens,
1115 976 1151 1008 et
1180 972 1296 1008 verba
1326 971 1556 1007 auscultans.
1581 972 1608 1007 O
1636 971 1758 1017 qualis

973 1023 1030 1056 est
1049 1019 1289 1062 domuncula,
1309 1018 1371 1055 ubi
1394 1019 1487 1055 tales
1502 1022 1601 1062 sunt,
1615 1023 1650 1055 et
1669 1019 1758 1055 talia

974 1067 1219 1103 exercentur!
1243 1067 1335 1102 Nam
1364 1065 1451 1102 licet
1484 1070 1614 1102 sancta
1641 1066 1758 1102 Trini-

974 1119 1030 1150 tas
1051 1113 1099 1150 sit
1120 1113 1271 1159 ubique,
1295 1113 1345 1149 ibi
1365 1116 1492 1149 tamen
1515 1124 1611 1149 nunc
1629 1113 1755 1159 aliquo

975 1161 1086 1197 inodo
1117 1160 1298 1207 singulari
1331 1171 1415 1196 eam
1445 1171 1529 1196 esse
1564 1160 1758 1196 mediteris

973 1208 1120 1244 ratione
1133 1207 1336 1253 singularis
1350 1207 1593 1254 operationis.
1606 1209 1756 1243 Intuere

975 1255 1089 1292 etiam
1114 1258 1151 1291 et
1186 1255 1383 1299 meditare,
1407 1254 1568 1300 qualiter
1591 1255 1758 1300 Angelus

973 1313 1058 1338 cum
1099 1301 1310 1338 reverentia
1333 1330 1341 1345 ,
1382 1302 1560 1348 vultuque
1606 1301 1753 1347 placido

974 1349 1173 1386 Dominam
1189 1359 1295 1385 suam
1316 1348 1518 1394 diligenter
1539 1349 1695 1392 inducit,
1718 1351 1756 1384 et

974 1397 1091 1433 verba
1110 1407 1177 1432 sua
1201 1396 1392 1441 sapienter
1407 1395 1570 1439 ordinat,
1588 1399 1626 1431 ut
1642 1405 1756 1441 super

974 1444 1045 1479 hoc
1079 1454 1192 1489 opere
1229 1442 1386 1478 mirifico
1415 1443 1648 1478 voluntatem
1687 1444 1756 1478 Do-

975 1490 1065 1526 mini
1093 1489 1149 1526 sui
1180 1490 1361 1535 perticere
1391 1490 1537 1530 valeat:
1580 1494 1616 1525 et
1642 1489 1756 1525 etiam

974 1537 1136 1583 qualiter
1172 1537 1254 1583 ipsa
1292 1547 1331 1572 se
1362 1537 1476 1572 habet
1514 1537 1688 1573 timorate
1722 1541 1759 1572 et

973 1583 1180 1628 humiliter,
1202 1583 1296 1619 facie
1317 1584 1520 1629 pudorosa,
1536 1583 1641 1630 quasi
1658 1587 1695 1619 et
1712 1583 1758 1619 de

973 1630 1176 1678 improviso
1195 1631 1242 1667 ab
1259 1631 1402 1675 Angelo
1421 1632 1546 1667 verbis
1567 1631 1648 1667 istis
1664 1641 1759 1677 prae-

973 1682 1098 1715 venta.
1122 1680 1203 1714 Non
1225 1677 1426 1722 extollitur,
1441 1688 1566 1724 neque
1588 1689 1626 1714 se
1651 1688 1758 1725 repu-

973 1729 1052 1770 tat;
1090 1729 1128 1762 et
1153 1736 1239 1761 cum
1274 1725 1378 1761 audit
1405 1725 1596 1771 magnalia
1626 1726 1671 1762 de
1700 1736 1754 1769 se,

974 1773 1102 1819 qualia
1130 1783 1339 1818 numquam
1372 1772 1482 1809 alicui
1512 1773 1612 1808 dicta
1636 1773 1755 1816 fuere,

973 1832 1050 1856 non
1077 1819 1161 1864 sibi,
1189 1821 1255 1856 sed
1277 1823 1396 1856 totum
1416 1820 1598 1857 adscribit
1625 1820 1756 1867 gratiae

974 1867 1123 1904 divinae.
1155 1869 1239 1904 Jam
1277 1878 1367 1914 ergo
1397 1867 1574 1913 Angelus,
1609 1868 1756 1914 expleto

974 1925 1073 1951 nunc
1110 1914 1374 1951 ambasiatoris
1400 1915 1540 1958 officio,
1569 1918 1759 1960 exspectat

975 1961 1139 2007 Virginis
1156 1972 1392 2007 responsum.
1407 1962 1512 1998 Unde
1522 1962 1731 1998 Bernardus
1746 1975 1756 1996 .-

977 2024 995 2042 «
1017 2008 1177 2053 Audisti,
1198 2009 1327 2055 Virgo,
1351 2009 1439 2056 quia
1460 2009 1664 2055 concipies,
1691 2020 1757 2045 au-

975 2055 1062 2092 disti
1083 2056 1172 2102 quia
1192 2067 1268 2092 non
1290 2067 1357 2102 per
1376 2056 1583 2100 hominem,
1606 2057 1673 2092 sed
1693 2067 1760 2102 per

977 2103 1155 2150 Spiritum
1177 2104 1375 2147 Sanctum;
1396 2103 1760 2150 exspectatAngelus

977 2161 1201 2197 responsum
1216 2154 1345 2187 tuum:
1367 2154 1516 2197 tempus
1530 2155 1586 2187 est
1604 2151 1705 2186 enim
1719 2153 1761 2186 ut

976 2201 1187 2234 revertatur
1208 2198 1256 2234 ad
1279 2199 1411 2243 Deum,
1435 2198 1497 2244 qui
1519 2198 1620 2234 misit
1638 2198 1758 2234 illum.

975 2247 1241 2292 Exspectamus
1262 2248 1300 2281 et
1325 2256 1406 2289 nos,
1428 2256 1449 2281 0
1481 2245 1654 2289 Domina,
1678 2255 1760 2281 ver-

975 2293 1065 2329 bum
1086 2292 1354 2336 miserationis,
1383 2303 1476 2338 quos
1494 2292 1762 2329 miserabiliter

975 2340 1113 2386 premit
1146 2339 1335 2376 sententia
1372 2340 1635 2376 damnationis.
1667 2341 1760 2376 Ecce

975 2387 1040 2424 tibi
1068 2387 1232 2434 pretium
1261 2387 1420 2424 offertur
1444 2391 1585 2424 nostrae
1613 2386 1759 2431 salutis,

975 2434 1177 2481 statimque
1222 2434 1442 2478 liberamur,
1471 2434 1500 2471 si
1541 2433 1758 2478 consentis;

976 2482 1046 2518 hoc
1071 2481 1257 2528 supplicat
1275 2481 1380 2526 item,
1400 2481 1462 2529 pia
1479 2481 1607 2528 Virgo,
1624 2481 1760 2517 tlebilis

974 2529 1108 2573 Adam,
1149 2539 1234 2565 cum
1267 2529 1405 2565 misera
1441 2529 1570 2565 sobole
1596 2528 1678 2564 exul
1711 2528 1757 2564 de

977 2576 1177 2622 paradiso;
1200 2576 1271 2612 hoc
1292 2576 1405 2612 ceteri
1437 2576 1607 2622 flagitant
1631 2578 1758 2621 patres

976 2623 1044 2668 tui,
1076 2623 1139 2670 qui
1170 2626 1207 2659 et
1232 2623 1303 2670 ipsi
1330 2623 1502 2660 habitant
1539 2623 1576 2658 in
1602 2621 1758 2668 regione

977 2671 1121 2707 umbrae
1163 2670 1316 2715 mortis;
1356 2671 1427 2706 hoc
1460 2672 1558 2706 totus
1594 2669 1758 2705 mundus

977 2718 1052 2754 tuis
1088 2717 1247 2765 genibus
1290 2718 1508 2764 provolutus
1551 2719 1754 2763 exspectat.

979 2765 1007 2802 O
1047 2765 1219 2807 Domina,
1249 2765 1435 2811 responde
1470 2764 1624 2800 verbum
1655 2763 1756 2810 quod
