<?xml version="1.0" encoding="UTF-8"?>
<!DOCTYPE html PUBLIC "-//W3C//DTD XHTML 1.0 Transitional//EN"
    "http://www.w3.org/TR/xhtml1/DTD/xhtml1-transitional.dtd">
<html xmlns="http://www.w3.org/1999/xhtml" xml:lang="en" lang="en">
 <head>
  <title>
</title>
<meta http-equiv="Content-Type" content="text/html;charset=utf-8" />
  <meta name='ocr-system' content='tesseract 3.04.00' />
  <meta name='ocr-capabilities' content='ocr_page ocr_carea ocr_par ocr_line ocrx_word'/>
</head>
<body>
  <div class='ocr_page' id='page_1' title='image "./vitajesuchristie01ludouoft_0241.png"; bbox 0 0 1902 3126; ppageno 0'>
   <div class='ocr_carea' id='block_1_1' title="bbox 350 185 1751 230">
    <p class='ocr_par' dir='ltr' id='par_1_1' title="bbox 350 185 1751 230">
     <span class='ocr_line' id='line_1_1' title="bbox 350 185 1751 230; baseline 0.008 -11"><span class='ocrx_word' id='word_1_1' title='bbox 350 186 399 220; x_wconf 85' lang='lat' dir='ltr'>DE</span> <span class='ocrx_word' id='word_1_2' title='bbox 439 186 575 219; x_wconf 69' lang='lat' dir='ltr'>Plini-A</span> <span class='ocrx_word' id='word_1_3' title='bbox 612 185 852 219; x_wconf 73' lang='lat' dir='ltr'>EJECTIONE</span> <span class='ocrx_word' id='word_1_4' title='bbox 892 186 1175 224; x_wconf 63' lang='lat' dir='ltr'>vlixbltx&#39;rluii</span> <span class='ocrx_word' id='word_1_5' title='bbox 1215 192 1264 225; x_wconf 68' lang='lat' dir='ltr'>ni:</span> <span class='ocrx_word' id='word_1_6' title='bbox 1302 194 1495 229; x_wconf 54' lang='lat'>1&#39;13311‘120.</span> <span class='ocrx_word' id='word_1_7' title='bbox 1691 195 1751 230; x_wconf 73' lang='lat'>227</span> 
     </span>
    </p>
   </div>
   <div class='ocr_carea' id='block_1_2' title="bbox 852 322 1023 360">
    <p class='ocr_par' dir='ltr' id='par_1_2' title="bbox 852 322 1023 360">
     <span class='ocr_line' id='line_1_2' title="bbox 852 322 1023 360; baseline -0.012 0"><span class='ocrx_word' id='word_1_8' title='bbox 852 322 1023 360; x_wconf 84' lang='lat' dir='ltr'>ORATIO</span> 
     </span>
    </p>
   </div>
   <div class='ocr_carea' id='block_1_3' title="bbox 95 428 1749 859">
    <p class='ocr_par' dir='ltr' id='par_1_3' title="bbox 95 428 1749 859">
     <span class='ocr_line' id='line_1_3' title="bbox 149 428 1721 483; baseline 0.006 -17"><span class='ocrx_word' id='word_1_9' title='bbox 149 430 304 466; x_wconf 82' lang='lat' dir='ltr'>Domine</span> <span class='ocrx_word' id='word_1_10' title='bbox 322 430 406 464; x_wconf 86' lang='lat' dir='ltr'>Jesu</span> <span class='ocrx_word' id='word_1_11' title='bbox 429 428 590 471; x_wconf 77' lang='lat' dir='ltr'>Christe,</span> <span class='ocrx_word' id='word_1_12' title='bbox 614 429 677 474; x_wconf 90' lang='lat' dir='ltr'>qui</span> <span class='ocrx_word' id='word_1_13' title='bbox 712 429 771 464; x_wconf 92' lang='lat' dir='ltr'>die</span> <span class='ocrx_word' id='word_1_14' title='bbox 803 429 928 474; x_wconf 81' lang='lat' dir='ltr'>tertia,</span> <span class='ocrx_word' id='word_1_15' title='bbox 952 429 1096 465; x_wconf 86' lang='lat' dir='ltr'>scilicet</span> <span class='ocrx_word' id='word_1_16' title='bbox 1124 433 1295 475; x_wconf 85' lang='lat' dir='ltr'>tempore</span> <span class='ocrx_word' id='word_1_17' title='bbox 1331 435 1476 479; x_wconf 56' lang='lat' dir='ltr'>gratiae,</span> <span class='ocrx_word' id='word_1_18' title='bbox 1499 437 1546 472; x_wconf 74' lang='lat' dir='ltr'>ad</span> <span class='ocrx_word' id='word_1_19' title='bbox 1575 440 1721 483; x_wconf 79' lang='lat' dir='ltr'>nuptias</span> 
     </span>
     <span class='ocr_line' id='line_1_4' title="bbox 98 469 1739 527; baseline 0.003 -13"><span class='ocrx_word' id='word_1_20' title='bbox 98 477 239 514; x_wconf 82' lang='lat' dir='ltr'>scilicet</span> <span class='ocrx_word' id='word_1_21' title='bbox 261 476 534 522; x_wconf 83' lang='lat' dir='ltr'>conjunctionis</span> <span class='ocrx_word' id='word_1_22' title='bbox 554 475 607 511; x_wconf 87' lang='lat' dir='ltr'>tui</span> <span class='ocrx_word' id='word_1_23' title='bbox 632 481 669 511; x_wconf 87' lang='lat' dir='ltr'>et</span> <span class='ocrx_word' id='word_1_24' title='bbox 688 476 878 521; x_wconf 86' lang='lat' dir='ltr'>Ecclesiae,</span> <span class='ocrx_word' id='word_1_25' title='bbox 903 487 968 522; x_wconf 82' lang='lat' dir='ltr'>per</span> <span class='ocrx_word' id='word_1_26' title='bbox 989 487 1142 513; x_wconf 86' lang='lat' dir='ltr'>carnem</span> <span class='ocrx_word' id='word_1_27' title='bbox 1168 478 1315 524; x_wconf 77' lang='lat' dir='ltr'>venisti,</span> <span class='ocrx_word' id='word_1_28' title='bbox 1336 485 1372 515; x_wconf 86' lang='lat' dir='ltr'>et</span> <span class='ocrx_word' id='word_1_29' title='bbox 1393 493 1529 527; x_wconf 42' lang='lat' dir='ltr'>aduam</span> <span class='ocrx_word' id='word_1_30' title='bbox 1550 485 1586 520; x_wconf 88' lang='lat' dir='ltr'>in</span> <span class='ocrx_word' id='word_1_31' title='bbox 1611 469 1739 524; x_wconf 61' lang='lat' dir='ltr'>vinnai</span> 
     </span>
     <span class='ocr_line' id='line_1_5' title="bbox 97 522 1737 575; baseline 0.005 -13"><span class='ocrx_word' id='word_1_32' title='bbox 97 522 328 567; x_wconf 63' lang='lat' dir='ltr'>convertisti,</span> <span class='ocrx_word' id='word_1_33' title='bbox 351 523 440 559; x_wconf 88' lang='lat' dir='ltr'>dum</span> <span class='ocrx_word' id='word_1_34' title='bbox 461 534 504 558; x_wconf 90' lang='lat' dir='ltr'>ea</span> <span class='ocrx_word' id='word_1_35' title='bbox 525 533 609 569; x_wconf 82' lang='lat' dir='ltr'>quae</span> <span class='ocrx_word' id='word_1_36' title='bbox 631 524 668 559; x_wconf 91' lang='lat' dir='ltr'>in</span> <span class='ocrx_word' id='word_1_37' title='bbox 690 523 885 570; x_wconf 83' lang='lat' dir='ltr'>Scriptura</span> <span class='ocrx_word' id='word_1_38' title='bbox 918 525 1034 560; x_wconf 84' lang='lat' dir='ltr'>veteri</span> <span class='ocrx_word' id='word_1_39' title='bbox 1073 525 1238 561; x_wconf 83' lang='lat' dir='ltr'>carnalia</span> <span class='ocrx_word' id='word_1_40' title='bbox 1267 527 1505 575; x_wconf 77' lang='lat' dir='ltr'>videbantur,</span> <span class='ocrx_word' id='word_1_41' title='bbox 1527 533 1737 573; x_wconf 69' lang='lat' dir='ltr'>spiritualia</span> 
     </span>
     <span class='ocr_line' id='line_1_6' title="bbox 95 571 1738 626; baseline 0.005 -17"><span class='ocrx_word' id='word_1_42' title='bbox 95 571 304 614; x_wconf 83' lang='lat' dir='ltr'>ostendisti,</span> <span class='ocrx_word' id='word_1_43' title='bbox 327 572 424 606; x_wconf 86' lang='lat' dir='ltr'>unde</span> <span class='ocrx_word' id='word_1_44' title='bbox 445 571 564 615; x_wconf 82' lang='lat' dir='ltr'>plenae</span> <span class='ocrx_word' id='word_1_45' title='bbox 585 575 672 606; x_wconf 86' lang='lat' dir='ltr'>sunt</span> <span class='ocrx_word' id='word_1_46' title='bbox 693 572 850 618; x_wconf 68' lang='lat' dir='ltr'>hydriae,</span> <span class='ocrx_word' id='word_1_47' title='bbox 874 573 959 618; x_wconf 85' lang='lat' dir='ltr'>quia</span> <span class='ocrx_word' id='word_1_48' title='bbox 986 572 1149 616; x_wconf 72' lang='lat' dir='ltr'>impletoe</span> <span class='ocrx_word' id='word_1_49' title='bbox 1170 576 1256 608; x_wconf 79' lang='lat' dir='ltr'>sunt</span> <span class='ocrx_word' id='word_1_50' title='bbox 1277 576 1484 619; x_wconf 64' lang='lat' dir='ltr'>prophetice</span> <span class='ocrx_word' id='word_1_51' title='bbox 1508 579 1738 626; x_wconf 67' lang='lat' dir='ltr'>:C1›11verte,</span> 
     </span>
     <span class='ocr_line' id='line_1_7' title="bbox 100 618 1740 671; baseline 0.006 -18"><span class='ocrx_word' id='word_1_52' title='bbox 100 629 241 666; x_wconf 88' lang='lat' dir='ltr'>quaeso,</span> <span class='ocrx_word' id='word_1_53' title='bbox 263 619 429 654; x_wconf 85' lang='lat' dir='ltr'>animam</span> <span class='ocrx_word' id='word_1_54' title='bbox 458 629 580 654; x_wconf 83' lang='lat' dir='ltr'>meam</span> <span class='ocrx_word' id='word_1_55' title='bbox 607 618 781 663; x_wconf 68' lang='lat' dir='ltr'>frigidam</span> <span class='ocrx_word' id='word_1_56' title='bbox 811 621 848 654; x_wconf 91' lang='lat' dir='ltr'>in</span> <span class='ocrx_word' id='word_1_57' title='bbox 883 618 1076 655; x_wconf 84' lang='lat' dir='ltr'>charitalis</span> <span class='ocrx_word' id='word_1_58' title='bbox 1107 625 1181 656; x_wconf 84' lang='lat' dir='ltr'>tuae</span> <span class='ocrx_word' id='word_1_59' title='bbox 1215 620 1421 666; x_wconf 78' lang='lat' dir='ltr'>servorem3</span> <span class='ocrx_word' id='word_1_60' title='bbox 1459 624 1673 671; x_wconf 76' lang='lat' dir='ltr'>insipidam,</span> <span class='ocrx_word' id='word_1_61' title='bbox 1702 629 1740 664; x_wconf 90' lang='lat' dir='ltr'>in</span> 
     </span>
     <span class='ocr_line' id='line_1_8' title="bbox 97 667 1746 718; baseline 0.004 -14"><span class='ocrx_word' id='word_1_62' title='bbox 97 667 292 704; x_wconf 88' lang='lat' dir='ltr'>suavitatis</span> <span class='ocrx_word' id='word_1_63' title='bbox 327 671 401 702; x_wconf 81' lang='lat' dir='ltr'>tuae</span> <span class='ocrx_word' id='word_1_64' title='bbox 432 676 629 710; x_wconf 78' lang='lat' dir='ltr'>saporem;</span> <span class='ocrx_word' id='word_1_65' title='bbox 665 667 870 702; x_wconf 78' lang='lat' dir='ltr'>fluxibilem</span> <span class='ocrx_word' id='word_1_66' title='bbox 895 672 932 703; x_wconf 89' lang='lat' dir='ltr'>et</span> <span class='ocrx_word' id='word_1_67' title='bbox 961 667 1188 710; x_wconf 75' lang='lat' dir='ltr'>instabilem,</span> <span class='ocrx_word' id='word_1_68' title='bbox 1215 668 1250 704; x_wconf 91' lang='lat' dir='ltr'>in</span> <span class='ocrx_word' id='word_1_69' title='bbox 1284 669 1431 705; x_wconf 81' lang='lat' dir='ltr'>virtutis</span> <span class='ocrx_word' id='word_1_70' title='bbox 1457 676 1493 706; x_wconf 89' lang='lat' dir='ltr'>et</span> <span class='ocrx_word' id='word_1_71' title='bbox 1513 672 1645 718; x_wconf 60' lang='lat' dir='ltr'>gratiae</span> <span class='ocrx_word' id='word_1_72' title='bbox 1674 679 1746 711; x_wconf 76' lang='lat' dir='ltr'>tuae</span> 
     </span>
     <span class='ocr_line' id='line_1_9' title="bbox 100 713 1749 760; baseline 0.002 -8"><span class='ocrx_word' id='word_1_73' title='bbox 100 713 377 752; x_wconf 84' lang='lat' dir='ltr'>constantiam:</span> <span class='ocrx_word' id='word_1_74' title='bbox 405 720 552 749; x_wconf 73' lang='lat' dir='ltr'>{nutans</span> <span class='ocrx_word' id='word_1_75' title='bbox 586 724 723 759; x_wconf 77' lang='lat' dir='ltr'>aquam</span> <span class='ocrx_word' id='word_1_76' title='bbox 765 715 878 751; x_wconf 85' lang='lat' dir='ltr'>totius</span> <span class='ocrx_word' id='word_1_77' title='bbox 913 725 1005 751; x_wconf 72' lang='lat' dir='ltr'>meze</span> <span class='ocrx_word' id='word_1_78' title='bbox 1040 715 1301 760; x_wconf 75' lang='lat' dir='ltr'>indevotionis,</span> <span class='ocrx_word' id='word_1_79' title='bbox 1328 717 1364 753; x_wconf 90' lang='lat' dir='ltr'>in</span> <span class='ocrx_word' id='word_1_80' title='bbox 1384 718 1512 754; x_wconf 84' lang='lat' dir='ltr'>vinum</span> <span class='ocrx_word' id='word_1_81' title='bbox 1549 718 1749 757; x_wconf 79' lang='lat' dir='ltr'>fructuosae</span> 
     </span>
     <span class='ocr_line' id='line_1_10' title="bbox 101 761 1749 809; baseline 0.004 -11"><span class='ocrx_word' id='word_1_82' title='bbox 101 761 416 809; x_wconf 73' lang='lat' dir='ltr'>cumpunctionis,</span> <span class='ocrx_word' id='word_1_83' title='bbox 430 772 502 807; x_wconf 87' lang='lat' dir='ltr'>quo</span> <span class='ocrx_word' id='word_1_84' title='bbox 525 772 582 797; x_wconf 91' lang='lat' dir='ltr'>me</span> <span class='ocrx_word' id='word_1_85' title='bbox 602 772 781 797; x_wconf 82' lang='lat' dir='ltr'>miserum</span> <span class='ocrx_word' id='word_1_86' title='bbox 806 773 955 807; x_wconf 79' lang='lat' dir='ltr'>semper</span> <span class='ocrx_word' id='word_1_87' title='bbox 973 767 1116 808; x_wconf 72' lang='lat' dir='ltr'>potare,</span> <span class='ocrx_word' id='word_1_88' title='bbox 1131 767 1167 798; x_wconf 86' lang='lat' dir='ltr'>ct</span> <span class='ocrx_word' id='word_1_89' title='bbox 1188 764 1391 809; x_wconf 84' lang='lat' dir='ltr'>inebriare,</span> <span class='ocrx_word' id='word_1_90' title='bbox 1417 776 1460 802; x_wconf 90' lang='lat' dir='ltr'>ac</span> <span class='ocrx_word' id='word_1_91' title='bbox 1484 765 1576 803; x_wconf 88' lang='lat' dir='ltr'>illud</span> <span class='ocrx_word' id='word_1_92' title='bbox 1596 768 1749 805; x_wconf 87' lang='lat' dir='ltr'>tandem</span> 
     </span>
     <span class='ocr_line' id='line_1_11' title="bbox 105 810 1579 859; baseline 0.003 -13"><span class='ocrx_word' id='word_1_93' title='bbox 105 810 143 847; x_wconf 91' lang='lat' dir='ltr'>in</span> <span class='ocrx_word' id='word_1_94' title='bbox 169 812 296 846; x_wconf 87' lang='lat' dir='ltr'>vinum</span> <span class='ocrx_word' id='word_1_95' title='bbox 311 810 557 856; x_wconf 80' lang='lat' dir='ltr'>jucunditatis</span> <span class='ocrx_word' id='word_1_96' title='bbox 577 813 796 845; x_wconf 85' lang='lat' dir='ltr'>convertere</span> <span class='ocrx_word' id='word_1_97' title='bbox 818 810 864 846; x_wconf 88' lang='lat' dir='ltr'>de</span> <span class='ocrx_word' id='word_1_98' title='bbox 884 814 946 847; x_wconf 88' lang='lat' dir='ltr'>tua</span> <span class='ocrx_word' id='word_1_99' title='bbox 966 810 1224 848; x_wconf 82' lang='lat' dir='ltr'>misericordia</span> <span class='ocrx_word' id='word_1_100' title='bbox 1243 811 1422 859; x_wconf 81' lang='lat' dir='ltr'>digneris.</span> <span class='ocrx_word' id='word_1_101' title='bbox 1447 814 1579 850; x_wconf 88' lang='lat' dir='ltr'>Amen.</span> 
     </span>
    </p>
   </div>
   <div class='ocr_carea' id='block_1_4' title="bbox 742 1023 1103 1071">
    <p class='ocr_par' dir='ltr' id='par_1_4' title="bbox 742 1023 1103 1071">
     <span class='ocr_line' id='line_1_12' title="bbox 742 1023 1103 1071; baseline 0.006 -2"><span class='ocrx_word' id='word_1_102' title='bbox 742 1023 923 1070; x_wconf 90' lang='lat' dir='ltr'><strong>CAPUT</strong></span> <span class='ocrx_word' id='word_1_103' title='bbox 959 1025 1103 1071; x_wconf 83' lang='lat' dir='ltr'>XXVI</span> 
     </span>
    </p>
   </div>
   <div class='ocr_carea' id='block_1_5' title="bbox 200 1169 1626 1210">
    <p class='ocr_par' dir='ltr' id='par_1_5' title="bbox 200 1169 1626 1210">
     <span class='ocr_line' id='line_1_13' title="bbox 200 1169 1626 1210; baseline 0.004 -12"><span class='ocrx_word' id='word_1_104' title='bbox 200 1170 249 1198; x_wconf 82' lang='lat' dir='ltr'>DE</span> <span class='ocrx_word' id='word_1_105' title='bbox 281 1170 398 1198; x_wconf 78' lang='lat' dir='ltr'>PRIMA</span> <span class='ocrx_word' id='word_1_106' title='bbox 427 1169 638 1199; x_wconf 83' lang='lat' dir='ltr'>EJECTIONE</span> <span class='ocrx_word' id='word_1_107' title='bbox 680 1170 939 1199; x_wconf 73' lang='lat' dir='ltr'>VENDENTIUM</span> <span class='ocrx_word' id='word_1_108' title='bbox 969 1171 1018 1198; x_wconf 87' lang='lat' dir='ltr'>DE</span> <span class='ocrx_word' id='word_1_109' title='bbox 1049 1171 1216 1210; x_wconf 73' lang='lat' dir='ltr'>TEMPLO,</span> <span class='ocrx_word' id='word_1_110' title='bbox 1248 1172 1299 1200; x_wconf 87' lang='lat' dir='ltr'>ET</span> <span class='ocrx_word' id='word_1_111' title='bbox 1329 1172 1379 1200; x_wconf 85' lang='lat' dir='ltr'>DE</span> <span class='ocrx_word' id='word_1_112' title='bbox 1410 1173 1626 1203; x_wconf 82' lang='lat' dir='ltr'><strong>NICODEMO.</strong></span> 
     </span>
    </p>
   </div>
   <div class='ocr_carea' id='block_1_6' title="bbox 687 1282 1147 1329">
    <p class='ocr_par' dir='ltr' id='par_1_6' title="bbox 687 1282 1147 1329">
     <span class='ocr_line' id='line_1_14' title="bbox 687 1282 1147 1329; baseline 0.004 -12"><span class='ocrx_word' id='word_1_113' title='bbox 687 1282 844 1318; x_wconf 87' lang='lat' dir='ltr'>Joannis</span> <span class='ocrx_word' id='word_1_114' title='bbox 871 1293 953 1329; x_wconf 75' lang='lat' dir='ltr'>cap.</span> <span class='ocrx_word' id='word_1_115' title='bbox 974 1284 1004 1318; x_wconf 89' lang='lat' dir='ltr'>Il</span> <span class='ocrx_word' id='word_1_116' title='bbox 1026 1287 1062 1318; x_wconf 88' lang='lat' dir='ltr'>et</span> <span class='ocrx_word' id='word_1_117' title='bbox 1086 1284 1147 1319; x_wconf 89' lang='lat'><em>111.</em></span> 
     </span>
    </p>
   </div>
   <div class='ocr_carea' id='block_1_7' title="bbox 66 1411 871 2836">
    <p class='ocr_par' dir='ltr' id='par_1_7' title="bbox 66 1411 871 2740">
     <span class='ocr_line' id='line_1_15' title="bbox 142 1411 871 1449; baseline -0.003 0"><span class='ocrx_word' id='word_1_118' title='bbox 142 1428 153 1449; x_wconf 88' lang='lat'><em>1</em></span> <span class='ocrx_word' id='word_1_119' title='bbox 192 1412 367 1448; x_wconf 69' lang='lat' dir='ltr'>Cnmsrcs</span> <span class='ocrx_word' id='word_1_120' title='bbox 403 1422 594 1446; x_wconf 68' lang='lat' dir='ltr'>nescexnir</span> <span class='ocrx_word' id='word_1_121' title='bbox 627 1411 871 1448; x_wconf 19' lang='lat' dir='ltr'>Carnvmxxc-‚i</span> 
     </span>
     <span class='ocr_line' id='line_1_16' title="bbox 88 1460 870 1495; baseline -0.001 0"><span class='ocrx_word' id='word_1_122' title='bbox 88 1471 130 1495; x_wconf 78' lang='lat' dir='ltr'>ET</span> <span class='ocrx_word' id='word_1_123' title='bbox 167 1471 300 1495; x_wconf 42' lang='grc' dir='ltr'><strong>Ροεηλ</strong></span> <span class='ocrx_word' id='word_1_124' title='bbox 334 1460 592 1495; x_wconf 63' lang='lat' dir='ltr'>,lenes-omum</span> <span class='ocrx_word' id='word_1_125' title='bbox 619 1469 800 1495; x_wconf 62' lang='lat' dir='ltr'>asemon.</span> <span class='ocrx_word' id='word_1_126' title='bbox 829 1480 870 1485; x_wconf 89' lang='lat'>—-</span> 
     </span>
     <span class='ocr_line' id='line_1_17' title="bbox 86 1507 869 1551; baseline -0.003 -8"><span class='ocrx_word' id='word_1_127' title='bbox 86 1508 173 1543; x_wconf 77' lang='lat' dir='ltr'>Post</span> <span class='ocrx_word' id='word_1_128' title='bbox 191 1508 268 1547; x_wconf 84' lang='lat' dir='ltr'>hoc,</span> <span class='ocrx_word' id='word_1_129' title='bbox 294 1507 328 1541; x_wconf 89' lang='lat' dir='ltr'>id</span> <span class='ocrx_word' id='word_1_130' title='bbox 365 1512 419 1542; x_wconf 80' lang='lat' dir='ltr'>est</span> <span class='ocrx_word' id='word_1_131' title='bbox 438 1509 593 1551; x_wconf 81' lang='lat' dir='ltr'>prael&#39;ato</span> <span class='ocrx_word' id='word_1_132' title='bbox 616 1507 810 1550; x_wconf 84' lang='lat' dir='ltr'>miraculo,</span> <span class='ocrx_word' id='word_1_133' title='bbox 833 1507 869 1541; x_wconf 89' lang='lat' dir='ltr'>in</span> 
     </span>
     <span class='ocr_line' id='line_1_18' title="bbox 83 1553 870 1596; baseline -0.004 -5"><span class='ocrx_word' id='word_1_134' title='bbox 83 1564 210 1591; x_wconf 86' lang='lat' dir='ltr'>mense</span> <span class='ocrx_word' id='word_1_135' title='bbox 230 1555 410 1590; x_wconf 72' lang='lat' dir='ltr'>Jannario</span> <span class='ocrx_word' id='word_1_136' title='bbox 437 1555 548 1596; x_wconf 79' lang='lat' dir='ltr'>sacto,</span> <span class='ocrx_word' id='word_1_137' title='bbox 573 1564 719 1589; x_wconf 87' lang='lat' dir='ltr'>moram</span> <span class='ocrx_word' id='word_1_138' title='bbox 753 1553 870 1589; x_wconf 76' lang='lat' dir='ltr'>traxit</span> 
     </span>
     <span class='ocr_line' id='line_1_19' title="bbox 83 1601 869 1646; baseline -0.003 -8"><span class='ocrx_word' id='word_1_139' title='bbox 83 1602 189 1638; x_wconf 88' lang='lat' dir='ltr'>Jesus</span> <span class='ocrx_word' id='word_1_140' title='bbox 221 1602 257 1636; x_wconf 90' lang='lat' dir='ltr'>in</span> <span class='ocrx_word' id='word_1_141' title='bbox 287 1602 440 1637; x_wconf 63' lang='lat' dir='ltr'>Galilaea</span> <span class='ocrx_word' id='word_1_142' title='bbox 469 1611 583 1646; x_wconf 63' lang='lat' dir='ltr'>usque</span> <span class='ocrx_word' id='word_1_143' title='bbox 616 1601 705 1636; x_wconf 90' lang='lat' dir='ltr'>dum</span> <span class='ocrx_word' id='word_1_144' title='bbox 731 1612 869 1646; x_wconf 85' lang='lat' dir='ltr'>appro-</span> 
     </span>
     <span class='ocr_line' id='line_1_20' title="bbox 78 1647 868 1696; baseline -0.003 -11"><span class='ocrx_word' id='word_1_145' title='bbox 78 1648 280 1696; x_wconf 85' lang='lat' dir='ltr'>pinquaret</span> <span class='ocrx_word' id='word_1_146' title='bbox 302 1648 442 1684; x_wconf 83' lang='lat' dir='ltr'>mensis</span> <span class='ocrx_word' id='word_1_147' title='bbox 462 1647 599 1694; x_wconf 89' lang='lat' dir='ltr'>Aprilis</span> <span class='ocrx_word' id='word_1_148' title='bbox 626 1647 664 1683; x_wconf 88' lang='lat' dir='ltr'>in</span> <span class='ocrx_word' id='word_1_149' title='bbox 689 1659 764 1694; x_wconf 83' lang='lat' dir='ltr'>quo</span> <span class='ocrx_word' id='word_1_150' title='bbox 787 1652 868 1684; x_wconf 88' lang='lat' dir='ltr'>erat</span> 
     </span>
     <span class='ocr_line' id='line_1_21' title="bbox 81 1695 864 1739; baseline -0.003 -6"><span class='ocrx_word' id='word_1_151' title='bbox 81 1697 224 1734; x_wconf 85' lang='lat' dir='ltr'>Pascha</span> <span class='ocrx_word' id='word_1_152' title='bbox 244 1696 480 1739; x_wconf 80' lang='lat' dir='ltr'>Judae.›rum;</span> <span class='ocrx_word' id='word_1_153' title='bbox 498 1699 534 1731; x_wconf 88' lang='lat' dir='ltr'>et</span> <span class='ocrx_word' id='word_1_154' title='bbox 547 1699 648 1739; x_wconf 84' lang='lat' dir='ltr'>tunc,</span> <span class='ocrx_word' id='word_1_155' title='bbox 664 1695 864 1737; x_wconf 67' lang='lat' dir='ltr'>descendit,</span> 
     </span>
     <span class='ocr_line' id='line_1_22' title="bbox 79 1743 866 1786; baseline -0.004 -5"><span class='ocrx_word' id='word_1_156' title='bbox 79 1744 285 1781; x_wconf 85' lang='lat' dir='ltr'>secundum</span> <span class='ocrx_word' id='word_1_157' title='bbox 307 1744 376 1780; x_wconf 83' lang='lat' dir='ltr'>loci</span> <span class='ocrx_word' id='word_1_158' title='bbox 396 1743 522 1786; x_wconf 88' lang='lat' dir='ltr'>situm,</span> <span class='ocrx_word' id='word_1_159' title='bbox 549 1743 595 1779; x_wconf 90' lang='lat' dir='ltr'>de</span> <span class='ocrx_word' id='word_1_160' title='bbox 617 1744 719 1779; x_wconf 87' lang='lat' dir='ltr'>Cana</span> <span class='ocrx_word' id='word_1_161' title='bbox 740 1743 779 1779; x_wconf 91' lang='lat' dir='ltr'>in</span> <span class='ocrx_word' id='word_1_162' title='bbox 802 1745 866 1780; x_wconf 84' lang='lat' dir='ltr'>Ca-</span> 
     </span>
     <span class='ocr_line' id='line_1_23' title="bbox 74 1791 866 1839; baseline -0.001 -12"><span class='ocrx_word' id='word_1_163' title='bbox 74 1793 297 1839; x_wconf 78' lang='lat' dir='ltr'>pharnaum,</span> <span class='ocrx_word' id='word_1_164' title='bbox 324 1791 563 1837; x_wconf 77' lang='lat' dir='ltr'>metropolim</span> <span class='ocrx_word' id='word_1_165' title='bbox 589 1791 768 1834; x_wconf 66' lang='lat' dir='ltr'>Galilaeae,</span> <span class='ocrx_word' id='word_1_166' title='bbox 789 1793 866 1836; x_wconf 81' lang='lat' dir='ltr'>ipse</span> 
     </span>
     <span class='ocr_line' id='line_1_24' title="bbox 79 1838 866 1884; baseline -0.003 -8"><span class='ocrx_word' id='word_1_167' title='bbox 79 1842 112 1876; x_wconf 82' lang='lat' dir='ltr'>et</span> <span class='ocrx_word' id='word_1_168' title='bbox 129 1841 248 1875; x_wconf 76' lang='lat' dir='ltr'>Mater</span> <span class='ocrx_word' id='word_1_169' title='bbox 268 1839 371 1884; x_wconf 72' lang='lat' dir='ltr'>ejus‚·</span> <span class='ocrx_word' id='word_1_170' title='bbox 397 1838 673 1875; x_wconf 87' lang='lat' dir='ltr'>descenderunt</span> <span class='ocrx_word' id='word_1_171' title='bbox 691 1838 866 1874; x_wconf 84' lang='lat' dir='ltr'>similiter</span> 
     </span>
     <span class='ocr_line' id='line_1_25' title="bbox 79 1886 865 1932; baseline -0.001 -9"><span class='ocrx_word' id='word_1_172' title='bbox 79 1890 113 1923; x_wconf 76' lang='lat' dir='ltr'>et</span> <span class='ocrx_word' id='word_1_173' title='bbox 131 1888 268 1931; x_wconf 80' lang='lat' dir='ltr'>fratres</span> <span class='ocrx_word' id='word_1_174' title='bbox 288 1887 380 1931; x_wconf 61' lang='lat' dir='ltr'>ejch,</span> <span class='ocrx_word' id='word_1_175' title='bbox 395 1886 432 1921; x_wconf 90' lang='lat' dir='ltr'>id</span> <span class='ocrx_word' id='word_1_176' title='bbox 450 1890 520 1928; x_wconf 90' lang='lat' dir='ltr'>est,</span> <span class='ocrx_word' id='word_1_177' title='bbox 535 1886 685 1931; x_wconf 81' lang='lat' dir='ltr'>cognati</span> <span class='ocrx_word' id='word_1_178' title='bbox 707 1887 788 1932; x_wconf 78' lang='lat' dir='ltr'>eJus</span> <span class='ocrx_word' id='word_1_179' title='bbox 810 1897 865 1922; x_wconf 85' lang='lat' dir='ltr'>se-</span> 
     </span>
     <span class='ocr_line' id='line_1_26' title="bbox 79 1933 864 1979; baseline -0.004 -8"><span class='ocrx_word' id='word_1_180' title='bbox 79 1934 245 1971; x_wconf 89' lang='lat' dir='ltr'>cundum</span> <span class='ocrx_word' id='word_1_181' title='bbox 261 1944 428 1975; x_wconf 82' lang='lat' dir='ltr'>carnem,</span> <span class='ocrx_word' id='word_1_182' title='bbox 441 1933 584 1969; x_wconf 86' lang='lat' dir='ltr'>scilicet</span> <span class='ocrx_word' id='word_1_183' title='bbox 594 1933 864 1979; x_wconf 81' lang='lat' dir='ltr'>consanguinei</span> 
     </span>
     <span class='ocr_line' id='line_1_27' title="bbox 78 1981 862 2027; baseline -0.003 -9"><span class='ocrx_word' id='word_1_184' title='bbox 78 1981 207 2018; x_wconf 86' lang='lat' dir='ltr'>Matris</span> <span class='ocrx_word' id='word_1_185' title='bbox 229 1982 284 2017; x_wconf 90' lang='lat' dir='ltr'>vel</span> <span class='ocrx_word' id='word_1_186' title='bbox 305 1982 459 2027; x_wconf 84' lang='lat' dir='ltr'>Joseph,</span> <span class='ocrx_word' id='word_1_187' title='bbox 485 1981 546 2027; x_wconf 87' lang='lat' dir='ltr'>qui</span> <span class='ocrx_word' id='word_1_188' title='bbox 570 1984 677 2026; x_wconf 83' lang='lat' dir='ltr'>pater</span> <span class='ocrx_word' id='word_1_189' title='bbox 702 1982 862 2027; x_wconf 89' lang='lat' dir='ltr'>putaba-</span> 
     </span>
     <span class='ocr_line' id='line_1_28' title="bbox 78 2028 865 2074; baseline -0.004 -8"><span class='ocrx_word' id='word_1_190' title='bbox 78 2032 198 2073; x_wconf 55' lang='lat' dir='ltr'>tumet</span> <span class='ocrx_word' id='word_1_191' title='bbox 208 2030 386 2074; x_wconf 71' lang='lat' dir='ltr'>discipuli</span> <span class='ocrx_word' id='word_1_192' title='bbox 403 2029 494 2073; x_wconf 63' lang='lat' dir='ltr'>rjus,</span> <span class='ocrx_word' id='word_1_193' title='bbox 514 2028 576 2074; x_wconf 78' lang='lat' dir='ltr'>qui</span> <span class='ocrx_word' id='word_1_194' title='bbox 598 2039 665 2074; x_wconf 90' lang='lat' dir='ltr'>per</span> <span class='ocrx_word' id='word_1_195' title='bbox 678 2039 765 2064; x_wconf 89' lang='lat' dir='ltr'>eum</span> <span class='ocrx_word' id='word_1_196' title='bbox 783 2039 865 2064; x_wconf 88' lang='lat' dir='ltr'>eru-</span> 
     </span>
     <span class='ocr_line' id='line_1_29' title="bbox 77 2076 862 2121; baseline -0.003 -8"><span class='ocrx_word' id='word_1_197' title='bbox 77 2076 290 2113; x_wconf 90' lang='lat' dir='ltr'>diebantur.</span> <span class='ocrx_word' id='word_1_198' title='bbox 314 2076 401 2112; x_wconf 88' lang='lat' dir='ltr'>Ideo</span> <span class='ocrx_word' id='word_1_199' title='bbox 423 2080 550 2111; x_wconf 87' lang='lat' dir='ltr'>autem</span> <span class='ocrx_word' id='word_1_200' title='bbox 580 2076 862 2121; x_wconf 88' lang='lat' dir='ltr'>Capharnaum‚</span> 
     </span>
     <span class='ocr_line' id='line_1_30' title="bbox 78 2123 862 2172; baseline -0.003 -12"><span class='ocrx_word' id='word_1_201' title='bbox 78 2134 162 2172; x_wconf 81' lang='lat' dir='ltr'>quae</span> <span class='ocrx_word' id='word_1_202' title='bbox 199 2127 280 2160; x_wconf 64' lang='lat' dir='ltr'>erat</span> <span class='ocrx_word' id='word_1_203' title='bbox 314 2123 546 2170; x_wconf 84' lang='lat' dir='ltr'>metropolis,</span> <span class='ocrx_word' id='word_1_204' title='bbox 574 2123 690 2159; x_wconf 84' lang='lat' dir='ltr'>voluit</span> <span class='ocrx_word' id='word_1_205' title='bbox 720 2123 862 2167; x_wconf 87' lang='lat' dir='ltr'>venire,</span> 
     </span>
     <span class='ocr_line' id='line_1_31' title="bbox 78 2170 867 2219; baseline -0.003 -11"><span class='ocrx_word' id='word_1_206' title='bbox 78 2171 166 2219; x_wconf 85' lang='lat' dir='ltr'>quia</span> <span class='ocrx_word' id='word_1_207' title='bbox 180 2172 260 2218; x_wconf 68' lang='lat' dir='ltr'>¹jam</span> <span class='ocrx_word' id='word_1_208' title='bbox 282 2171 474 2218; x_wconf 83' lang='lat' dir='ltr'>inceperat</span> <span class='ocrx_word' id='word_1_209' title='bbox 488 2170 647 2217; x_wconf 79' lang='lat' dir='ltr'>gloriam</span> <span class='ocrx_word' id='word_1_210' title='bbox 665 2181 771 2206; x_wconf 89' lang='lat' dir='ltr'>suam</span> <span class='ocrx_word' id='word_1_211' title='bbox 791 2181 867 2206; x_wconf 90' lang='lat' dir='ltr'>ma-</span> 
     </span>
     <span class='ocr_line' id='line_1_32' title="bbox 77 2218 864 2256; baseline -0.004 0"><span class='ocrx_word' id='word_1_212' title='bbox 77 2218 268 2256; x_wconf 81' lang='lat' dir='ltr'>nifestare.</span> <span class='ocrx_word' id='word_1_213' title='bbox 291 2221 337 2255; x_wconf 75' lang='lat' dir='ltr'>Ec</span> <span class='ocrx_word' id='word_1_214' title='bbox 364 2220 416 2254; x_wconf 73' lang='lat' dir='ltr'>ibi</span> <span class='ocrx_word' id='word_1_215' title='bbox 436 2223 646 2254; x_wconf 73' lang='lat' dir='ltr'>manserunt</span> <span class='ocrx_word' id='word_1_216' title='bbox 664 2229 735 2254; x_wconf 85' lang='lat' dir='ltr'>non</span> <span class='ocrx_word' id='word_1_217' title='bbox 768 2220 864 2253; x_wconf 71' lang='lat' dir='ltr'>nucl-</span> 
     </span>
     <span class='ocr_line' id='line_1_33' title="bbox 75 2266 862 2312; baseline -0.003 -9"><span class='ocrx_word' id='word_1_218' title='bbox 75 2268 124 2303; x_wconf 82' lang='lat' dir='ltr'>tis</span> <span class='ocrx_word' id='word_1_219' title='bbox 148 2267 289 2310; x_wconf 72' lang='lat' dir='ltr'>diebus,</span> <span class='ocrx_word' id='word_1_220' title='bbox 319 2266 406 2312; x_wconf 78' lang='lat' dir='ltr'>quia</span> <span class='ocrx_word' id='word_1_221' title='bbox 447 2266 546 2302; x_wconf 86' lang='lat' dir='ltr'>cives</span> <span class='ocrx_word' id='word_1_222' title='bbox 581 2267 862 2312; x_wconf 89' lang='lat' dir='ltr'>Capharnaum,</span> 
     </span>
     <span class='ocr_line' id='line_1_34' title="bbox 74 2313 864 2359; baseline -0.001 -10"><span class='ocrx_word' id='word_1_223' title='bbox 74 2313 183 2350; x_wconf 89' lang='lat' dir='ltr'>valde</span> <span class='ocrx_word' id='word_1_224' title='bbox 208 2313 389 2359; x_wconf 87' lang='lat' dir='ltr'>corrupti,</span> <span class='ocrx_word' id='word_1_225' title='bbox 430 2325 504 2349; x_wconf 89' lang='lat' dir='ltr'>non</span> <span class='ocrx_word' id='word_1_226' title='bbox 543 2324 582 2350; x_wconf 88' lang='lat' dir='ltr'>se</span> <span class='ocrx_word' id='word_1_227' title='bbox 613 2314 864 2349; x_wconf 82' lang='lat' dir='ltr'>exhibuerunt</span> 
     </span>
     <span class='ocr_line' id='line_1_35' title="bbox 74 2360 861 2408; baseline -0.003 -10"><span class='ocrx_word' id='word_1_228' title='bbox 74 2360 230 2398; x_wconf 85' lang='lat' dir='ltr'>devotos</span> <span class='ocrx_word' id='word_1_229' title='bbox 284 2361 332 2396; x_wconf 88' lang='lat' dir='ltr'>ad</span> <span class='ocrx_word' id='word_1_230' title='bbox 384 2361 663 2408; x_wconf 83' lang='lat' dir='ltr'>suscipiendam</span> <span class='ocrx_word' id='word_1_231' title='bbox 724 2360 861 2397; x_wconf 82' lang='lat' dir='ltr'>Christi</span> 
     </span>
     <span class='ocr_line' id='line_1_36' title="bbox 72 2408 859 2454; baseline -0.001 -9"><span class='ocrx_word' id='word_1_232' title='bbox 72 2408 310 2452; x_wconf 89' lang='lat' dir='ltr'>doctrinam;</span> <span class='ocrx_word' id='word_1_233' title='bbox 332 2411 368 2444; x_wconf 87' lang='lat' dir='ltr'>et</span> <span class='ocrx_word' id='word_1_234' title='bbox 389 2408 476 2454; x_wconf 81' lang='lat' dir='ltr'>quia</span> <span class='ocrx_word' id='word_1_235' title='bbox 507 2409 730 2444; x_wconf 79' lang='lat' dir='ltr'>imminebat</span> <span class='ocrx_word' id='word_1_236' title='bbox 764 2412 859 2444; x_wconf 90' lang='lat' dir='ltr'>tem-</span> 
     </span>
     <span class='ocr_line' id='line_1_37' title="bbox 69 2455 858 2503; baseline -0.003 -10"><span class='ocrx_word' id='word_1_237' title='bbox 69 2465 141 2503; x_wconf 83' lang='lat' dir='ltr'>pus</span> <span class='ocrx_word' id='word_1_238' title='bbox 162 2456 273 2492; x_wconf 89' lang='lat' dir='ltr'>eundi</span> <span class='ocrx_word' id='word_1_239' title='bbox 298 2455 335 2491; x_wconf 90' lang='lat' dir='ltr'>in</span> <span class='ocrx_word' id='word_1_240' title='bbox 352 2456 575 2500; x_wconf 82' lang='lat' dir='ltr'>Jerusalem,</span> <span class='ocrx_word' id='word_1_241' title='bbox 597 2460 753 2502; x_wconf 87' lang='lat' dir='ltr'>propter</span> <span class='ocrx_word' id='word_1_242' title='bbox 770 2466 858 2502; x_wconf 94' lang='lat' dir='ltr'>pro-</span> 
     </span>
     <span class='ocr_line' id='line_1_38' title="bbox 69 2503 859 2549; baseline -0.001 -9"><span class='ocrx_word' id='word_1_243' title='bbox 69 2503 211 2540; x_wconf 82' lang='lat' dir='ltr'>ximum</span> <span class='ocrx_word' id='word_1_244' title='bbox 256 2504 398 2539; x_wconf 79' lang='lat' dir='ltr'>Pascha</span> <span class='ocrx_word' id='word_1_245' title='bbox 433 2504 664 2539; x_wconf 81' lang='lat' dir='ltr'>Judaeorum.</span> <span class='ocrx_word' id='word_1_246' title='bbox 685 2505 732 2539; x_wconf 80' lang='lat' dir='ltr'>Ec</span> <span class='ocrx_word' id='word_1_247' title='bbox 770 2503 859 2549; x_wconf 85' lang='lat' dir='ltr'>quia</span> 
     </span>
     <span class='ocr_line' id='line_1_39' title="bbox 66 2551 857 2598; baseline -0.001 -11"><span class='ocrx_word' id='word_1_248' title='bbox 66 2561 181 2598; x_wconf 83' lang='lat' dir='ltr'>prope</span> <span class='ocrx_word' id='word_1_249' title='bbox 199 2555 277 2586; x_wconf 77' lang='lat' dir='ltr'>erat</span> <span class='ocrx_word' id='word_1_250' title='bbox 292 2552 430 2587; x_wconf 59' lang='lat' dir='ltr'>Pascha</span> <span class='ocrx_word' id='word_1_251' title='bbox 447 2552 666 2593; x_wconf 61' lang='lat' dir='ltr'>Jwteorwn,</span> <span class='ocrx_word' id='word_1_252' title='bbox 690 2551 857 2586; x_wconf 67' lang='lat' dir='ltr'>ascendit</span> 
     </span>
     <span class='ocr_line' id='line_1_40' title="bbox 69 2598 855 2645; baseline -0.001 -11"><span class='ocrx_word' id='word_1_253' title='bbox 69 2599 186 2644; x_wconf 80' lang='lat' dir='ltr'>Jesus,</span> <span class='ocrx_word' id='word_1_254' title='bbox 218 2609 304 2634; x_wconf 89' lang='lat' dir='ltr'>cum</span> <span class='ocrx_word' id='word_1_255' title='bbox 334 2598 527 2645; x_wconf 83' lang='lat' dir='ltr'>discipulis</span> <span class='ocrx_word' id='word_1_256' title='bbox 561 2598 653 2643; x_wconf 88' lang='lat' dir='ltr'>suis,</span> <span class='ocrx_word' id='word_1_257' title='bbox 673 2599 855 2643; x_wconf 69' lang='lat' dir='ltr'>Jerosoly-</span> 
     </span>
     <span class='ocr_line' id='line_1_41' title="bbox 70 2646 856 2692; baseline 0 -10"><span class='ocrx_word' id='word_1_258' title='bbox 70 2655 181 2690; x_wconf 86' lang='lat' dir='ltr'>mam,</span> <span class='ocrx_word' id='word_1_259' title='bbox 212 2646 450 2692; x_wconf 89' lang='lat' dir='ltr'>metropolim</span> <span class='ocrx_word' id='word_1_260' title='bbox 474 2646 629 2690; x_wconf 73' lang='lat' dir='ltr'>Judaeae,</span> <span class='ocrx_word' id='word_1_261' title='bbox 650 2646 856 2682; x_wconf 86' lang='lat' dir='ltr'>secundum</span> 
     </span>
     <span class='ocr_line' id='line_1_42' title="bbox 73 2692 445 2740; baseline -0.003 -10"><span class='ocrx_word' id='word_1_262' title='bbox 73 2692 182 2740; x_wconf 85' lang='lat' dir='ltr'>Legis</span> <span class='ocrx_word' id='word_1_263' title='bbox 203 2698 445 2740; x_wconf 67' lang='lat' dir='ltr'>praeceptum.</span> 
     </span>
    </p>

    <p class='ocr_par' dir='ltr' id='par_1_8' title="bbox 72 2742 864 2836">
     <span class='ocr_line' id='line_1_43' title="bbox 122 2742 864 2778; baseline -0.001 -1"><span class='ocrx_word' id='word_1_264' title='bbox 122 2753 140 2777; x_wconf 82' lang='lat'>2</span> <span class='ocrx_word' id='word_1_265' title='bbox 160 2742 273 2778; x_wconf 73' lang='lat' dir='ltr'>Encu·</span> <span class='ocrx_word' id='word_1_266' title='bbox 294 2754 314 2777; x_wconf 75' lang='grc' dir='ltr'><strong><em>ε</em></strong></span> <span class='ocrx_word' id='word_1_267' title='bbox 330 2753 467 2777; x_wconf 70' lang='lat' dir='ltr'>murm</span> <span class='ocrx_word' id='word_1_268' title='bbox 476 2752 681 2777; x_wconf 59' lang='lat' dir='ltr'>vmnawrns</span> <span class='ocrx_word' id='word_1_269' title='bbox 693 2752 736 2777; x_wconf 75' lang='lat' dir='ltr'>ET</span> <span class='ocrx_word' id='word_1_270' title='bbox 754 2751 864 2777; x_wconf 61' lang='lat' dir='ltr'>enex-</span> 
     </span>
     <span class='ocr_line' id='line_1_44' title="bbox 72 2789 863 2836; baseline 0 -12"><span class='ocrx_word' id='word_1_271' title='bbox 72 2798 150 2824; x_wconf 70' lang='lat' dir='ltr'>·rns.</span> <span class='ocrx_word' id='word_1_272' title='bbox 173 2808 217 2815; x_wconf 91' lang='lat'>—</span> <span class='ocrx_word' id='word_1_273' title='bbox 238 2791 284 2825; x_wconf 73' lang='lat' dir='ltr'>Et</span> <span class='ocrx_word' id='word_1_274' title='bbox 306 2791 442 2825; x_wconf 61' lang='lat' dir='ltr'>invenit</span> <span class='ocrx_word' id='word_1_275' title='bbox 463 2792 500 2824; x_wconf 83' lang='grc' dir='ltr'>ἰη</span> <span class='ocrx_word' id='word_1_276' title='bbox 521 2791 652 2836; x_wconf 81' lang='lat' dir='ltr'>templo</span> <span class='ocrx_word' id='word_1_277' title='bbox 672 2789 863 2825; x_wconf 70' lang='lat' dir='ltr'>rendentes</span> 
     </span>
    </p>
   </div>
   <div class='ocr_carea' id='block_1_8' title="bbox 936 1412 1751 2836">
    <p class='ocr_par' dir='ltr' id='par_1_9' title="bbox 936 1412 1751 2836">
     <span class='ocr_line' id='line_1_45' title="bbox 948 1412 1742 1459; baseline 0.01 -12"><span class='ocrx_word' id='word_1_278' title='bbox 948 1412 1064 1455; x_wconf 61' lang='lat' dir='ltr'>bot-cs,</span> <span class='ocrx_word' id='word_1_279' title='bbox 1087 1416 1121 1448; x_wconf 78' lang='lat' dir='ltr'>et</span> <span class='ocrx_word' id='word_1_280' title='bbox 1147 1423 1241 1457; x_wconf 74' lang='lat' dir='ltr'>ores,</span> <span class='ocrx_word' id='word_1_281' title='bbox 1265 1417 1299 1449; x_wconf 71' lang='lat' dir='ltr'>et</span> <span class='ocrx_word' id='word_1_282' title='bbox 1325 1414 1523 1459; x_wconf 76' lang='lat' dir='ltr'>columbas,</span> <span class='ocrx_word' id='word_1_283' title='bbox 1546 1420 1580 1452; x_wconf 80' lang='lat' dir='ltr'>et</span> <span class='ocrx_word' id='word_1_284' title='bbox 1612 1428 1742 1454; x_wconf 79' lang='lat' dir='ltr'>numu-</span> 
     </span>
     <span class='ocr_line' id='line_1_46' title="bbox 946 1460 1739 1510; baseline 0.009 -15"><span class='ocrx_word' id='word_1_285' title='bbox 946 1460 1060 1495; x_wconf 63' lang='lat' dir='ltr'>las-tos</span> <span class='ocrx_word' id='word_1_286' title='bbox 1092 1460 1267 1496; x_wconf 75' lang='lat' dir='ltr'>sedentes.</span> <span class='ocrx_word' id='word_1_287' title='bbox 1304 1461 1463 1497; x_wconf 82' lang='lat' dir='ltr'>Nomine</span> <span class='ocrx_word' id='word_1_288' title='bbox 1495 1465 1622 1510; x_wconf 91' lang='lat' dir='ltr'>templi</span> <span class='ocrx_word' id='word_1_289' title='bbox 1663 1477 1739 1502; x_wconf 91' lang='lat' dir='ltr'>non</span> 
     </span>
     <span class='ocr_line' id='line_1_47' title="bbox 945 1507 1738 1556; baseline 0.009 -14"><span class='ocrx_word' id='word_1_290' title='bbox 945 1507 1130 1553; x_wconf 80' lang='lat' dir='ltr'>accipitur</span> <span class='ocrx_word' id='word_1_291' title='bbox 1151 1507 1211 1542; x_wconf 90' lang='lat' dir='ltr'>hic</span> <span class='ocrx_word' id='word_1_292' title='bbox 1240 1507 1323 1554; x_wconf 88' lang='lat' dir='ltr'>ipsa</span> <span class='ocrx_word' id='word_1_293' title='bbox 1353 1508 1487 1544; x_wconf 88' lang='lat' dir='ltr'>domus</span> <span class='ocrx_word' id='word_1_294' title='bbox 1511 1511 1674 1556; x_wconf 86' lang='lat' dir='ltr'>Domini,</span> <span class='ocrx_word' id='word_1_295' title='bbox 1700 1513 1738 1550; x_wconf 87' lang='lat' dir='ltr'>in</span> 
     </span>
     <span class='ocr_line' id='line_1_48' title="bbox 944 1554 1738 1601; baseline 0.009 -12"><span class='ocrx_word' id='word_1_296' title='bbox 944 1564 1018 1599; x_wconf 78' lang='lat' dir='ltr'>qua</span> <span class='ocrx_word' id='word_1_297' title='bbox 1038 1557 1118 1590; x_wconf 86' lang='lat' dir='ltr'>erat</span> <span class='ocrx_word' id='word_1_298' title='bbox 1139 1554 1258 1590; x_wconf 84' lang='lat' dir='ltr'>altare</span> <span class='ocrx_word' id='word_1_299' title='bbox 1279 1555 1537 1601; x_wconf 80' lang='lat' dir='ltr'>thymiamatis</span> <span class='ocrx_word' id='word_1_300' title='bbox 1553 1562 1589 1593; x_wconf 90' lang='lat' dir='ltr'>et</span> <span class='ocrx_word' id='word_1_301' title='bbox 1602 1561 1738 1596; x_wconf 86' lang='lat' dir='ltr'>cande-</span> 
     </span>
     <span class='ocr_line' id='line_1_49' title="bbox 943 1601 1735 1651; baseline 0.01 -15"><span class='ocrx_word' id='word_1_302' title='bbox 943 1601 1110 1645; x_wconf 87' lang='lat' dir='ltr'>labrum;</span> <span class='ocrx_word' id='word_1_303' title='bbox 1146 1612 1215 1637; x_wconf 86' lang='lat' dir='ltr'>nec</span> <span class='ocrx_word' id='word_1_304' title='bbox 1248 1602 1387 1638; x_wconf 85' lang='lat' dir='ltr'>atrium</span> <span class='ocrx_word' id='word_1_305' title='bbox 1416 1605 1669 1651; x_wconf 79' lang='lat' dir='ltr'>sacerdotum,</span> <span class='ocrx_word' id='word_1_306' title='bbox 1699 1607 1735 1644; x_wconf 89' lang='lat' dir='ltr'>in</span> 
     </span>
     <span class='ocr_line' id='line_1_50' title="bbox 943 1650 1735 1698; baseline 0.01 -15"><span class='ocrx_word' id='word_1_307' title='bbox 943 1659 1017 1694; x_wconf 77' lang='lat' dir='ltr'>quo</span> <span class='ocrx_word' id='word_1_308' title='bbox 1043 1651 1126 1685; x_wconf 88' lang='lat' dir='ltr'>erat</span> <span class='ocrx_word' id='word_1_309' title='bbox 1149 1650 1266 1685; x_wconf 82' lang='lat' dir='ltr'>altare</span> <span class='ocrx_word' id='word_1_310' title='bbox 1304 1651 1639 1698; x_wconf 86' lang='lat' dir='ltr'>holocaustorum;</span> <span class='ocrx_word' id='word_1_311' title='bbox 1669 1655 1735 1691; x_wconf 89' lang='lat' dir='ltr'>sed</span> 
     </span>
     <span class='ocr_line' id='line_1_51' title="bbox 941 1697 1732 1747; baseline 0.008 -15"><span class='ocrx_word' id='word_1_312' title='bbox 941 1697 1132 1742; x_wconf 83' lang='lat' dir='ltr'>quoddam</span> <span class='ocrx_word' id='word_1_313' title='bbox 1145 1697 1282 1733; x_wconf 87' lang='lat' dir='ltr'>atrium</span> <span class='ocrx_word' id='word_1_314' title='bbox 1295 1699 1357 1733; x_wconf 89' lang='lat' dir='ltr'>ubi</span> <span class='ocrx_word' id='word_1_315' title='bbox 1377 1699 1548 1735; x_wconf 85' lang='lat' dir='ltr'>homines</span> <span class='ocrx_word' id='word_1_316' title='bbox 1559 1702 1732 1747; x_wconf 88' lang='lat' dir='ltr'>orabant,</span> 
     </span>
     <span class='ocr_line' id='line_1_52' title="bbox 941 1745 1733 1789; baseline 0.008 -10"><span class='ocrx_word' id='word_1_317' title='bbox 941 1748 978 1779; x_wconf 87' lang='lat' dir='ltr'>et</span> <span class='ocrx_word' id='word_1_318' title='bbox 1017 1745 1191 1780; x_wconf 89' lang='lat' dir='ltr'>doctores</span> <span class='ocrx_word' id='word_1_319' title='bbox 1227 1745 1429 1789; x_wconf 84' lang='lat' dir='ltr'>docebant,</span> <span class='ocrx_word' id='word_1_320' title='bbox 1453 1751 1490 1782; x_wconf 87' lang='lat' dir='ltr'>et</span> <span class='ocrx_word' id='word_1_321' title='bbox 1518 1747 1569 1783; x_wconf 91' lang='lat' dir='ltr'>ibi</span> <span class='ocrx_word' id='word_1_322' title='bbox 1592 1750 1733 1786; x_wconf 89' lang='lat' dir='ltr'>vende-</span> 
     </span>
     <span class='ocr_line' id='line_1_53' title="bbox 941 1792 1732 1840; baseline 0.009 -14"><span class='ocrx_word' id='word_1_323' title='bbox 941 1792 1079 1827; x_wconf 86' lang='lat' dir='ltr'>bantur</span> <span class='ocrx_word' id='word_1_324' title='bbox 1097 1803 1155 1835; x_wconf 86' lang='lat' dir='ltr'>ea,</span> <span class='ocrx_word' id='word_1_325' title='bbox 1179 1802 1262 1838; x_wconf 75' lang='lat' dir='ltr'>quae</span> <span class='ocrx_word' id='word_1_326' title='bbox 1283 1792 1321 1828; x_wconf 89' lang='lat' dir='ltr'>in</span> <span class='ocrx_word' id='word_1_327' title='bbox 1342 1794 1482 1840; x_wconf 89' lang='lat' dir='ltr'>templo</span> <span class='ocrx_word' id='word_1_328' title='bbox 1516 1796 1732 1833; x_wconf 75' lang='lat' dir='ltr'>offereban-</span> 
     </span>
     <span class='ocr_line' id='line_1_54' title="bbox 940 1839 1732 1887; baseline 0.009 -14"><span class='ocrx_word' id='word_1_329' title='bbox 940 1842 1013 1874; x_wconf 85' lang='lat' dir='ltr'>tur.</span> <span class='ocrx_word' id='word_1_330' title='bbox 1040 1841 1083 1875; x_wconf 87' lang='lat' dir='ltr'>Et</span> <span class='ocrx_word' id='word_1_331' title='bbox 1104 1839 1193 1885; x_wconf 86' lang='lat' dir='ltr'>quia</span> <span class='ocrx_word' id='word_1_332' title='bbox 1205 1840 1252 1876; x_wconf 88' lang='lat' dir='ltr'>de</span> <span class='ocrx_word' id='word_1_333' title='bbox 1273 1840 1481 1887; x_wconf 72' lang='lat' dir='ltr'>longinquo</span> <span class='ocrx_word' id='word_1_334' title='bbox 1503 1843 1637 1879; x_wconf 78' lang='lat' dir='ltr'>adduci</span> <span class='ocrx_word' id='word_1_335' title='bbox 1658 1855 1732 1881; x_wconf 88' lang='lat' dir='ltr'>non</span> 
     </span>
     <span class='ocr_line' id='line_1_55' title="bbox 940 1887 1736 1936; baseline 0.009 -15"><span class='ocrx_word' id='word_1_336' title='bbox 940 1890 1130 1932; x_wconf 85' lang='lat' dir='ltr'>poterant,</span> <span class='ocrx_word' id='word_1_337' title='bbox 1145 1887 1228 1923; x_wconf 86' lang='lat' dir='ltr'>ideo</span> <span class='ocrx_word' id='word_1_338' title='bbox 1250 1889 1480 1932; x_wconf 81' lang='lat' dir='ltr'>sacerdotes,</span> <span class='ocrx_word' id='word_1_339' title='bbox 1499 1890 1559 1935; x_wconf 90' lang='lat' dir='ltr'>qui</span> <span class='ocrx_word' id='word_1_340' title='bbox 1584 1895 1736 1936; x_wconf 88' lang='lat' dir='ltr'>propter</span> 
     </span>
     <span class='ocr_line' id='line_1_56' title="bbox 939 1934 1732 1979; baseline 0.006 -10"><span class='ocrx_word' id='word_1_341' title='bbox 939 1934 1187 1979; x_wconf 87' lang='lat' dir='ltr'>cupiditatem</span> <span class='ocrx_word' id='word_1_342' title='bbox 1218 1935 1378 1971; x_wconf 76' lang='lat' dir='ltr'>diversis</span> <span class='ocrx_word' id='word_1_343' title='bbox 1398 1936 1732 1974; x_wconf 87' lang='lat' dir='ltr'>adinventionibus</span> 
     </span>
     <span class='ocr_line' id='line_1_57' title="bbox 940 1982 1730 2027; baseline 0.006 -11"><span class='ocrx_word' id='word_1_344' title='bbox 940 1982 1119 2027; x_wconf 85' lang='lat' dir='ltr'>populum</span> <span class='ocrx_word' id='word_1_345' title='bbox 1157 1982 1480 2027; x_wconf 87' lang='lat' dir='ltr'>depauperabant,</span> <span class='ocrx_word' id='word_1_346' title='bbox 1517 1989 1730 2021; x_wconf 86' lang='lat' dir='ltr'>statuerunt</span> 
     </span>
     <span class='ocr_line' id='line_1_58' title="bbox 939 2028 1730 2076; baseline 0.006 -13"><span class='ocrx_word' id='word_1_347' title='bbox 939 2028 1112 2064; x_wconf 88' lang='lat' dir='ltr'>homines</span> <span class='ocrx_word' id='word_1_348' title='bbox 1144 2029 1206 2075; x_wconf 82' lang='lat' dir='ltr'>qui</span> <span class='ocrx_word' id='word_1_349' title='bbox 1239 2029 1330 2065; x_wconf 84' lang='lat' dir='ltr'>talia</span> <span class='ocrx_word' id='word_1_350' title='bbox 1366 2029 1417 2066; x_wconf 90' lang='lat' dir='ltr'>ibi</span> <span class='ocrx_word' id='word_1_351' title='bbox 1440 2031 1666 2076; x_wconf 84' lang='lat' dir='ltr'>vendebant,</span> <span class='ocrx_word' id='word_1_352' title='bbox 1690 2036 1730 2069; x_wconf 86' lang='lat' dir='ltr'>ut</span> 
     </span>
     <span class='ocr_line' id='line_1_59' title="bbox 941 2076 1730 2122; baseline 0.008 -12"><span class='ocrx_word' id='word_1_353' title='bbox 941 2076 1134 2111; x_wconf 84' lang='lat' dir='ltr'>venientes</span> <span class='ocrx_word' id='word_1_354' title='bbox 1153 2076 1199 2112; x_wconf 90' lang='lat' dir='ltr'>de</span> <span class='ocrx_word' id='word_1_355' title='bbox 1213 2076 1431 2122; x_wconf 77' lang='lat' dir='ltr'>longinquo,</span> <span class='ocrx_word' id='word_1_356' title='bbox 1449 2079 1730 2117; x_wconf 78' lang='lat' dir='ltr'>excusationem</span> 
     </span>
     <span class='ocr_line' id='line_1_60' title="bbox 939 2123 1731 2164; baseline 0.008 -6"><span class='ocrx_word' id='word_1_357' title='bbox 939 2123 985 2159; x_wconf 89' lang='lat' dir='ltr'>de</span> <span class='ocrx_word' id='word_1_358' title='bbox 1006 2123 1264 2159; x_wconf 74' lang='lat' dir='ltr'>oblationibus</span> <span class='ocrx_word' id='word_1_359' title='bbox 1279 2124 1515 2161; x_wconf 87' lang='lat' dir='ltr'>dimittendis</span> <span class='ocrx_word' id='word_1_360' title='bbox 1535 2137 1608 2162; x_wconf 92' lang='lat' dir='ltr'>non</span> <span class='ocrx_word' id='word_1_361' title='bbox 1619 2128 1731 2164; x_wconf 88' lang='lat' dir='ltr'>habc-</span> 
     </span>
     <span class='ocr_line' id='line_1_61' title="bbox 940 2169 1731 2217; baseline 0.006 -12"><span class='ocrx_word' id='word_1_362' title='bbox 940 2174 1036 2206; x_wconf 90' lang='lat' dir='ltr'>rent.</span> <span class='ocrx_word' id='word_1_363' title='bbox 1058 2169 1181 2217; x_wconf 73' lang='lat' dir='ltr'>Aliqui</span> <span class='ocrx_word' id='word_1_364' title='bbox 1211 2171 1325 2208; x_wconf 89' lang='lat' dir='ltr'>etiam</span> <span class='ocrx_word' id='word_1_365' title='bbox 1346 2172 1629 2210; x_wconf 83' lang='lat' dir='ltr'>advenientium</span> <span class='ocrx_word' id='word_1_366' title='bbox 1657 2186 1731 2211; x_wconf 83' lang='lat' dir='ltr'>non</span> 
     </span>
     <span class='ocr_line' id='line_1_62' title="bbox 940 2218 1731 2265; baseline 0.008 -12"><span class='ocrx_word' id='word_1_367' title='bbox 940 2218 1130 2254; x_wconf 83' lang='lat' dir='ltr'>habebant</span> <span class='ocrx_word' id='word_1_368' title='bbox 1162 2219 1376 2265; x_wconf 79' lang='lat' dir='ltr'>pecuniam.</span> <span class='ocrx_word' id='word_1_369' title='bbox 1409 2224 1446 2256; x_wconf 85' lang='lat' dir='ltr'>et</span> <span class='ocrx_word' id='word_1_370' title='bbox 1479 2220 1563 2257; x_wconf 91' lang='lat' dir='ltr'>ideo</span> <span class='ocrx_word' id='word_1_371' title='bbox 1593 2225 1731 2259; x_wconf 88' lang='lat' dir='ltr'>statue-</span> 
     </span>
     <span class='ocr_line' id='line_1_63' title="bbox 939 2265 1730 2313; baseline 0.008 -13"><span class='ocrx_word' id='word_1_372' title='bbox 939 2269 1025 2301; x_wconf 89' lang='lat' dir='ltr'>rant</span> <span class='ocrx_word' id='word_1_373' title='bbox 1056 2265 1103 2302; x_wconf 92' lang='lat' dir='ltr'>ibi</span> <span class='ocrx_word' id='word_1_374' title='bbox 1127 2277 1356 2313; x_wconf 85' lang='lat' dir='ltr'>campsores,</span> <span class='ocrx_word' id='word_1_375' title='bbox 1380 2267 1442 2313; x_wconf 87' lang='lat' dir='ltr'>qui</span> <span class='ocrx_word' id='word_1_376' title='bbox 1464 2269 1534 2304; x_wconf 88' lang='lat' dir='ltr'>sub</span> <span class='ocrx_word' id='word_1_377' title='bbox 1556 2270 1730 2307; x_wconf 86' lang='lat' dir='ltr'>cautione</span> 
     </span>
     <span class='ocr_line' id='line_1_64' title="bbox 938 2313 1727 2361; baseline 0.006 -13"><span class='ocrx_word' id='word_1_378' title='bbox 938 2313 1139 2350; x_wconf 74' lang='lat' dir='ltr'>tradebant</span> <span class='ocrx_word' id='word_1_379' title='bbox 1177 2325 1282 2358; x_wconf 81' lang='lat' dir='ltr'>eam3</span> <span class='ocrx_word' id='word_1_380' title='bbox 1325 2319 1361 2351; x_wconf 89' lang='lat' dir='ltr'>et</span> <span class='ocrx_word' id='word_1_381' title='bbox 1399 2326 1486 2352; x_wconf 89' lang='lat' dir='ltr'>cum</span> <span class='ocrx_word' id='word_1_382' title='bbox 1512 2317 1596 2361; x_wconf 85' lang='lat' dir='ltr'>hoc,</span> <span class='ocrx_word' id='word_1_383' title='bbox 1629 2318 1727 2354; x_wconf 89' lang='lat' dir='ltr'>ultra</span> 
     </span>
     <span class='ocr_line' id='line_1_65' title="bbox 938 2361 1726 2409; baseline 0.005 -13"><span class='ocrx_word' id='word_1_384' title='bbox 938 2365 1094 2405; x_wconf 81' lang='lat' dir='ltr'>sortem,</span> <span class='ocrx_word' id='word_1_385' title='bbox 1117 2361 1347 2408; x_wconf 86' lang='lat' dir='ltr'>recipiebant</span> <span class='ocrx_word' id='word_1_386' title='bbox 1368 2363 1496 2409; x_wconf 83' lang='lat' dir='ltr'>aliqua</span> <span class='ocrx_word' id='word_1_387' title='bbox 1523 2374 1726 2400; x_wconf 88' lang='lat' dir='ltr'>munuscu-</span> 
     </span>
     <span class='ocr_line' id='line_1_66' title="bbox 938 2408 1728 2457; baseline 0.005 -14"><span class='ocrx_word' id='word_1_388' title='bbox 938 2408 987 2451; x_wconf 75' lang='lat' dir='ltr'>la,</span> <span class='ocrx_word' id='word_1_389' title='bbox 1026 2419 1102 2445; x_wconf 92' lang='lat' dir='ltr'>non</span> <span class='ocrx_word' id='word_1_390' title='bbox 1130 2412 1257 2446; x_wconf 87' lang='lat' dir='ltr'>tamen</span> <span class='ocrx_word' id='word_1_391' title='bbox 1286 2410 1501 2456; x_wconf 91' lang='lat' dir='ltr'>pecuniam,</span> <span class='ocrx_word' id='word_1_392' title='bbox 1539 2422 1585 2446; x_wconf 91' lang='lat' dir='ltr'>ue</span> <span class='ocrx_word' id='word_1_393' title='bbox 1616 2421 1728 2457; x_wconf 87' lang='lat' dir='ltr'>argu-</span> 
     </span>
     <span class='ocr_line' id='line_1_67' title="bbox 937 2457 1751 2494; baseline 0.004 -3"><span class='ocrx_word' id='word_1_394' title='bbox 937 2459 1091 2492; x_wconf 88' lang='lat' dir='ltr'>erentur</span> <span class='ocrx_word' id='word_1_395' title='bbox 1116 2457 1314 2494; x_wconf 85' lang='lat' dir='ltr'>manifeste</span> <span class='ocrx_word' id='word_1_396' title='bbox 1338 2458 1461 2494; x_wconf 78' lang='lat' dir='ltr'>facere</span> <span class='ocrx_word' id='word_1_397' title='bbox 1495 2461 1628 2494; x_wconf 84' lang='lat' dir='ltr'>contra</span> <span class='ocrx_word' id='word_1_398' title='bbox 1662 2460 1751 2494; x_wconf 41' lang='lat' dir='ltr'>Len</span> 
     </span>
     <span class='ocr_line' id='line_1_68' title="bbox 937 2504 1725 2549; baseline 0.003 -10"><span class='ocrx_word' id='word_1_399' title='bbox 937 2514 1036 2549; x_wconf 83' lang='lat' dir='ltr'>gem,</span> <span class='ocrx_word' id='word_1_400' title='bbox 1059 2504 1185 2541; x_wconf 88' lang='lat' dir='ltr'>dando</span> <span class='ocrx_word' id='word_1_401' title='bbox 1203 2505 1250 2540; x_wconf 85' lang='lat' dir='ltr'>ad</span> <span class='ocrx_word' id='word_1_402' title='bbox 1272 2516 1438 2541; x_wconf 89' lang='lat' dir='ltr'>usuram.</span> <span class='ocrx_word' id='word_1_403' title='bbox 1459 2508 1505 2541; x_wconf 82' lang='lat' dir='ltr'>Et</span> <span class='ocrx_word' id='word_1_404' title='bbox 1524 2516 1602 2540; x_wconf 79' lang='lat' dir='ltr'>cum</span> <span class='ocrx_word' id='word_1_405' title='bbox 1619 2507 1725 2548; x_wconf 75' lang='lat' dir='ltr'>fecis-</span> 
     </span>
     <span class='ocr_line' id='line_1_69' title="bbox 936 2553 1722 2598; baseline 0.001 -11"><span class='ocrx_word' id='word_1_406' title='bbox 936 2555 989 2587; x_wconf 80' lang='lat' dir='ltr'>set</span> <span class='ocrx_word' id='word_1_407' title='bbox 1009 2553 1117 2588; x_wconf 88' lang='lat' dir='ltr'>Jesus</span> <span class='ocrx_word' id='word_1_408' title='bbox 1145 2554 1255 2598; x_wconf 80' lang='lat' dir='ltr'>quasi</span> <span class='ocrx_word' id='word_1_409' title='bbox 1272 2554 1513 2598; x_wconf 71' lang='lat' dir='ltr'>slaqellamde</span> <span class='ocrx_word' id='word_1_410' title='bbox 1527 2554 1722 2596; x_wconf 71' lang='lat' dir='ltr'>funiculis,</span> 
     </span>
     <span class='ocr_line' id='line_1_70' title="bbox 937 2599 1726 2646; baseline 0.003 -12"><span class='ocrx_word' id='word_1_411' title='bbox 937 2599 1042 2644; x_wconf 75' lang='lat' dir='ltr'>ejecit</span> <span class='ocrx_word' id='word_1_412' title='bbox 1079 2611 1212 2646; x_wconf 86' lang='lat' dir='ltr'>omnes,</span> <span class='ocrx_word' id='word_1_413' title='bbox 1251 2600 1391 2636; x_wconf 87' lang='lat' dir='ltr'>scilicet</span> <span class='ocrx_word' id='word_1_414' title='bbox 1430 2600 1650 2644; x_wconf 83' lang='lat' dir='ltr'>vendentes,</span> <span class='ocrx_word' id='word_1_415' title='bbox 1689 2603 1726 2636; x_wconf 90' lang='lat' dir='ltr'>et</span> 
     </span>
     <span class='ocr_line' id='line_1_71' title="bbox 937 2647 1725 2693; baseline 0.001 -10"><span class='ocrx_word' id='word_1_416' title='bbox 937 2647 1184 2692; x_wconf 88' lang='lat' dir='ltr'>numularios,</span> <span class='ocrx_word' id='word_1_417' title='bbox 1205 2659 1300 2684; x_wconf 72' lang='grc' dir='ltr'>,ουεε</span> <span class='ocrx_word' id='word_1_418' title='bbox 1326 2658 1467 2693; x_wconf 77' lang='lat' dir='ltr'>quoque</span> <span class='ocrx_word' id='word_1_419' title='bbox 1487 2651 1520 2683; x_wconf 81' lang='lat' dir='ltr'>et</span> <span class='ocrx_word' id='word_1_420' title='bbox 1541 2648 1656 2690; x_wconf 78' lang='lat' dir='ltr'>boves,</span> <span class='ocrx_word' id='word_1_421' title='bbox 1678 2647 1725 2684; x_wconf 83' lang='lat' dir='ltr'>de</span> 
     </span>
     <span class='ocr_line' id='line_1_72' title="bbox 937 2694 1725 2741; baseline 0 -10"><span class='ocrx_word' id='word_1_422' title='bbox 937 2696 1092 2741; x_wconf 86' lang='lat' dir='ltr'>templo,</span> <span class='ocrx_word' id='word_1_423' title='bbox 1115 2700 1149 2731; x_wconf 78' lang='lat' dir='ltr'>et</span> <span class='ocrx_word' id='word_1_424' title='bbox 1183 2697 1475 2731; x_wconf 79' lang='lat' dir='ltr'>numulariorum</span> <span class='ocrx_word' id='word_1_425' title='bbox 1499 2705 1559 2738; x_wconf 62' lang='grc' dir='ltr'>«τε,</span> <span class='ocrx_word' id='word_1_426' title='bbox 1596 2694 1632 2730; x_wconf 88' lang='lat' dir='ltr'>id</span> <span class='ocrx_word' id='word_1_427' title='bbox 1667 2698 1725 2731; x_wconf 85' lang='lat' dir='ltr'>est</span> 
     </span>
     <span class='ocr_line' id='line_1_73' title="bbox 937 2741 1725 2789; baseline 0 -11"><span class='ocrx_word' id='word_1_428' title='bbox 937 2742 1151 2788; x_wconf 87' lang='lat' dir='ltr'>pecuniam,</span> <span class='ocrx_word' id='word_1_429' title='bbox 1172 2743 1314 2789; x_wconf 74' lang='lat' dir='ltr'>effudit,</span> <span class='ocrx_word' id='word_1_430' title='bbox 1329 2745 1365 2778; x_wconf 91' lang='lat' dir='ltr'>et</span> <span class='ocrx_word' id='word_1_431' title='bbox 1388 2741 1425 2777; x_wconf 92' lang='lat' dir='ltr'>in</span> <span class='ocrx_word' id='word_1_432' title='bbox 1447 2741 1596 2778; x_wconf 87' lang='lat' dir='ltr'>diversa</span> <span class='ocrx_word' id='word_1_433' title='bbox 1618 2752 1725 2788; x_wconf 86' lang='lat' dir='ltr'>spar-</span> 
     </span>
     <span class='ocr_line' id='line_1_74' title="bbox 937 2789 1722 2836; baseline 0.001 -11"><span class='ocrx_word' id='word_1_434' title='bbox 937 2789 998 2833; x_wconf 86' lang='lat' dir='ltr'>sit,</span> <span class='ocrx_word' id='word_1_435' title='bbox 1021 2794 1055 2825; x_wconf 83' lang='lat' dir='ltr'>et</span> <span class='ocrx_word' id='word_1_436' title='bbox 1073 2801 1216 2826; x_wconf 77' lang='lat' dir='ltr'>mensas</span> <span class='ocrx_word' id='word_1_437' title='bbox 1237 2800 1475 2836; x_wconf 80' lang='lat' dir='ltr'>eorum,‹1uae</span> <span class='ocrx_word' id='word_1_438' title='bbox 1493 2792 1602 2826; x_wconf 88' lang='lat' dir='ltr'>erant</span> <span class='ocrx_word' id='word_1_439' title='bbox 1616 2789 1722 2836; x_wconf 84' lang='lat' dir='ltr'>qua‘si</span> 
     </span>
    </p>
   </div>
  </div>
 </body>
</html>
