1876 3126
88 163 149 198 282
562 166 705 201 PRIMAE
742 166 899 204 PARTIS
936 169 1072 204 CAPUT
1108 168 1260 203 XXXIV

106 232 176 267 hoc
197 231 379 277 percipiat
403 231 636 270 occasionem
662 234 783 271 ruinae
809 235 878 272 sibi

108 278 352 322 imminentis,
373 289 440 324 per
460 283 583 316 ortum
602 280 762 328 alicujus
776 282 880 319 sami-

109 325 280 361 liaritatis
307 327 430 369 matae,
455 327 512 363 vel
536 328 753 365 tentationis
780 329 878 375 peri-

106 372 257 415 culostr,
279 373 390 409 debet
410 373 503 410 illud
520 375 659 411 bonum
680 375 726 412 de
741 387 879 422 genere

105 418 315 463 dimittere,
343 431 389 456 ne
420 424 499 457 tota
529 421 721 468 congeries
760 424 878 459 bono-

93 476 191 548 Xilim
223 467 416 512 subjaceat
448 467 584 505 ruinae.
603 471 646 505 Et
672 469 757 507 ideo
790 470 880 506 dicit

146 523 265 548 anus.-

101 584 144 620 Sz'
180 587 300 621 vitare
326 588 416 622 velis
441 589 625 633 Venerem,
667 589 756 630 loca,
791 593 878 625 tem-

636 636 740 681 [pora
766 639 844 671 vita
863 649 873 680 ;

145 680 193 714 Ec
212 680 308 715 locus
323 683 356 716 et
369 683 521 726 tempus,
534 682 676 727 pabula
698 684 809 718 donat
830 685 875 718 ei.

108 750 152 786 Et
177 749 277 786 idem
303 750 512 787 remedium
540 755 595 787 est
623 752 661 787 in
689 753 876 788 omnibus.

107 797 212 832 Unde
243 799 375 833 Seneca
404 811 414 832 .·
438 812 456 831 (ι
480 798 548 841 Qui
585 799 772 844 deponere
800 800 880 834 vult

80 886 84 889 ,
105 843 293 880 desid-ria
332 855 459 880 rerum
497 844 678 887 omnium,
717 856 877 890 quarum

104 890 308 936 cupiditate
330 890 515 936 flagravit,
547 895 583 926 et
604 892 731 927 oculos
753 895 789 926 et
814 902 879 928 au-

104 948 179 981 res,
205 938 250 973 ab
282 938 341 972 his
368 948 451 982 quae
484 937 650 981 reliquit,
677 942 833 973 avertat.
859 952 876 972 »

105 984 149 1020 Et
170 985 238 1019 hoc
258 987 358 1029 patet
376 994 417 1017 cx
441 993 484 1018 eo
513 985 613 1028 quod
634 983 725 1020 dicit
744 984 844 1021 idem
867 997 875 1020 :

106 1044 124 1064 a
146 1030 304 1066 Avarior
336 1030 467 1073 redeo,
497 1030 747 1075 ambitiosior,
778 1032 880 1068 luxu-

104 1076 253 1119 riosior,
274 1076 348 1111 imo
363 1087 450 1112 vero
464 1077 666 1122 crudelior,
680 1078 768 1124 quia
781 1078 879 1115 inter

102 1123 276 1159 homines
298 1122 350 1158 t'ui
372 1135 379 1158 :
402 1137 419 1157 »
442 1124 522 1159 haec
542 1126 688 1161 Seneca.
706 1126 786 1169 Vel,
814 1137 876 1162 ac-

100 1170 180 1216 cipe
205 1169 264 1205 hic
286 1170 436 1206 oculum
470 1174 507 1206 et
536 1182 690 1208 manum
719 1172 878 1209 interio-

99 1227 192 1261 rem,
211 1216 352 1252 scilicet
381 1217 517 1263 cordis,
541 1219 640 1264 quod
665 1221 877 1256 membrum

100 1264 272 1300 dextrum
292 1264 353 1299 hic
374 1264 512 1300 dicitur
532 1267 811 1312 comparatione
833 1267 880 1302 si-

102 1310 213 1346 nistri
251 1314 286 1346 et
317 1311 526 1355 exterioris,
550 1312 690 1349 scilicet
713 1314 880 1360 corporis

105 1358 323 1403 fragilioris.
348 1358 383 1395 Si
421 1369 509 1404 ergo
545 1360 698 1397 dextera
720 1361 880 1397 scanda-

104 1404 190 1440 lizat
230 1405 434 1450 sinistram,
471 1406 563 1452 quid
602 1407 744 1443 faciet?
782 1408 877 1444 Audi

103 1454 361 1497 Hieronymum
391 1465 397 1489 :
435 1466 451 1486 ((
489 1454 705 1490 Cavendum
741 1458 797 1490 est
831 1466 878 1490 ne

104 1499 205 1544 quod
227 1499 262 1534 in
284 1498 393 1535 nobis
426 1502 482 1535 est
511 1500 708 1545 optimum,
731 1502 880 1537 labatur

101 1545 140 1582 in
162 1545 306 1581 vitium.
334 1546 368 1582 Si
398 1547 499 1582 enim
524 1548 653 1583 dexter
686 1549 817 1584 oculus
843 1553 880 1584 et

104 1593 258 1629 dextera
280 1604 416 1628 manus
443 1594 711 1639 scandalizant,
739 1599 878 1641 quanto

102 1639 224 1685 magis
243 1650 300 1679 ea,
317 1650 401 1684 quae
418 1640 454 1675 in
475 1640 584 1676 nobis
602 1641 753 1677 sinistra
768 1642 880 1678 sunt?

102 1686 141 1722 Si
166 1685 293 1722 anima
314 1686 464 1731 labitur,
488 1692 625 1732 quanto
657 1688 776 1733 magis
797 1700 878 1724 cor-

106 1743 190 1779 pus,
207 1734 307 1777 quod
319 1737 373 1768 est
391 1734 437 1769 ad
455 1738 607 1779 peccata
621 1735 876 1780 proclivius?»

103 1780 200 1816 Audi
219 1785 254 1815 et
274 1782 582 1825 chrysostommn:
601 1796 616 1815 «
634 1782 791 1818 Oculum
803 1782 877 1826 nic,

100 1827 159 1863 vel
181 1838 347 1871 manum,
369 1838 442 1862 non
464 1827 631 1874 corporis
651 1829 803 1865 humani
826 1829 876 1865 si-

99 1873 267 1920 gnificat,
287 1875 352 1909 sed
373 1875 538 1919 oculum,
553 1876 608 1910 vel
627 1887 781 1911 manum
796 1887 878 1912 cor-

100 1920 171 1966 dis,
208 1921 245 1956 id
278 1924 334 1956 est
372 1932 524 1957 sensum
560 1924 669 1958 malae
701 1922 878 1969 concupi-

104 1967 271 2011 scentiae,
292 1971 329 2003 et
346 1968 508 2004 carnalis
537 1969 715 2005 desiderii
734 1969 879 2015 cogita-

100 2013 256 2058 tionem,
286 2025 399 2059 quam
431 2025 498 2061 per
534 2016 647 2051 fidem
688 2017 878 2052 coelestem

100 2061 196 2104 erui,
214 2066 247 2097 et
265 2061 433 2097 abscindi
453 2073 476 2098 a
493 2062 670 2098 cordibus
694 2063 877 2110 praecipit,

100 2108 201 2144 unde
223 2107 351 2143 omnia
371 2109 469 2144 mala
486 2110 706 2155 procedunt.
731 2124 748 2143 n
772 2112 877 2146 Unde

99 2154 161 2190 hio
204 2154 324 2199 magis
364 2157 533 2191 membra
563 2156 741 2193 vitiorum
769 2159 879 2194 malae

100 2201 239 2237 mentis
279 2205 315 2236 et
351 2212 475 2246 pravae
512 2203 751 2248 cogitationis
787 2204 881 2241 exci-

101 2248 190 2284 dere
216 2258 285 2283 nos
312 2248 494 2284 Dominus
520 2250 702 2296 praecipit,
727 2256 880 2298 propter

101 2304 260 2340 regnum
291 2294 486 2338 coelorum,
510 2307 556 2331 ne
597 2298 879 2335 dominantibus

102 2340 215 2385 vitiis,
244 2344 279 2376 et
307 2351 442 2386 corpus
472 2345 507 2377 et
529 2343 667 2388 anima,
686 2345 723 2380 id
744 2350 800 2381 est
820 2348 877 2381 to—

100 2392 160 2424 tus
178 2389 304 2431 homo,
317 2398 404 2423 reus
420 2388 607 2425 efficiatur
622 2391 717 2435 ignis
733 2394 876 2428 aeterni.

161 2448 199 2470 12
222 2436 437 2478 Divonrimi,
456 2447 538 2471 omi
557 2448 777 2483 romaum,
795 2452 881 2475 DAM-

107 2493 238 2518 NATUR.
272 2503 318 2507 -
351 2482 490 2518 Deinde
525 2487 722 2529 postquam
755 2486 880 2522 docuit

106 2529 268 2566 alienam
297 2539 451 2564 uxorem
479 2540 552 2565 non
585 2541 666 2566 esse
702 2533 878 2578 concupi-

107 2576 298 2620 scendam,
319 2580 595 2621 consequenter
627 2578 735 2613 docet
772 2590 878 2615 suam

107 2633 186 2659 non
212 2633 295 2658 esse
318 2622 601 2668 dimittendam3
624 2627 661 2660 et
685 2625 747 2660 dat
770 2625 879 2661 intel-

104 2669 242 2706 lectum
276 2670 469 2715 cujusdam
496 2671 666 2716 permissi
692 2671 731 2707 in
759 2673 876 2719 Lege,

105 2716 249 2752 scilicet
281 2717 326 2752 de
353 2718 477 2753 uxoris
508 2717 739 2764 dimissione,
761 2723 799 2755 et
833 2719 877 2754 li-

104 2763 193 2800 belli
210 2763 355 2810 repudii
369 2764 533 2802 datione.
549 2765 759 2803 Credebant
777 2766 877 2802 enim

948 236 1080 281 Judaei,
1094 236 1192 282 quod
1211 237 1283 272 hoe
1297 239 1394 272 esset
1412 235 1630 282 simpliciter
1644 237 1723 274 lici-

949 286 1048 328 tum;
1074 284 1137 319 sed
1165 287 1221 320 est
1247 284 1394 328 falsum,
1426 283 1514 329 quia
1539 284 1623 320 ideo
1649 285 1723 321 hoc

949 331 1248 377 permittebatur,
1269 341 1345 366 non
1369 330 1456 376 quia
1479 330 1633 375 licitum,
1656 331 1723 368 sed

951 379 997 414 ad
1022 378 1237 414 evitandum
1264 378 1384 423 majus
1407 378 1560 422 malum,
1582 378 1724 415 scilicet

951 425 1208 461 uxoricidium.
1230 424 1350 460 Minus
1368 425 1467 461 enim
1485 425 1625 461 malum
1642 428 1724 462 erat

950 482 1082 507 uxores
1115 471 1318 515 dimittere,
1344 482 1455 517 quam
1489 483 1552 508 eas
1582 472 1725 508 interfi-

951 529 1036 554 cere
1058 529 1066 553 :
1089 521 1126 554 et
1154 518 1237 554 ideo
1260 529 1334 554 non
1362 523 1443 555 erat
1468 519 1623 563 licitum,
1649 517 1724 555 nisi

949 568 1104 610 propter
1119 564 1417 610 fornicationem,
1433 577 1585 602 uxorem
1601 565 1725 602 dimit-

950 616 1042 646 tere.
1066 613 1107 646 ln
1127 612 1222 655 Lege
1241 621 1328 655 ergo
1351 613 1495 658 Moyses
1510 612 1622 658 jussit
1641 611 1723 649 dari

950 657 1118 693 libellum
1161 657 1321 702 repudii,
1358 662 1511 704 propter
1547 659 1724 696 duritiam

951 703 1074 739 cordis
1101 704 1340 748 maritorum,
1365 705 1451 740 odio
1477 716 1610 741 uxores
1636 715 1725 742 suas

950 750 1184 794 habentium,
1199 762 1273 787 non
1286 750 1481 787 dissidium
1497 752 1722 797 concedens,

951 798 1016 833 sed
1042 797 1284 833 homicidium
1311 799 1504 842 auferens;
1536 802 1573 834 et
1599 799 1723 835 minus

950 845 1089 880 malum
1107 844 1343 890 permittens,
1362 849 1401 881 ut
1418 846 1538 891 majus
1557 845 1725 882 abscide-

950 894 1021 935 ret,
1034 902 1081 926 ne
1097 891 1237 935 mariti,
1253 895 1405 937 propter
1420 893 1560 937 odium,
1578 891 1726 939 sangui·

950 948 1038 974 nem
1060 938 1272 974 funderent.
1293 938 1460 975 Christus
1478 942 1602 974 autem
1619 940 1726 985 jubet

951 995 1102 1021 uxorem
1130 996 1205 1020 non
1228 985 1366 1021 dimitti
1393 986 1542 1029 debere,
1572 988 1726 1032 excepta

949 1031 1206 1068 fornicationis
1240 1043 1373 1077 causa,
1402 1032 1490 1078 quia
1522 1036 1610 1068 tune
1643 1032 1726 1079 ipsa

948 1089 1040 1115 uxor
1072 1089 1152 1114 esse
1186 1078 1308 1125 primo
1339 1079 1471 1123 noluit,
1495 1090 1577 1125 quae
1610 1080 1724 1116 fidem

948 1126 1184 1171 conjugalem
1199 1126 1334 1162 marito
1344 1137 1419 1162 non
1436 1126 1607 1162 servavit..
1619 1128 1724 1163 Tunc

949 1173 1053 1209 enim
1068 1172 1209 1208 licitum
1224 1177 1280 1208 est
1295 1183 1378 1209 eam
1392 1173 1593 1217 dimittere,
1607 1184 1724 1219 quan-

949 1223 1029 1255 tum
1045 1221 1092 1256 ad
1113 1220 1442 1263 cohabitationem,
1456 1224 1492 1256 et
1509 1220 1626 1256 debiti
1642 1220 1726 1256 red-

949 1267 1154 1310 ditionem3
1197 1271 1323 1302 manet
1368 1271 1495 1302 tamen
1536 1267 1727 1303 vinculum

951 1313 1196 1358 matrimonii,
1214 1324 1282 1359 per
1300 1316 1417 1349 totam
1439 1324 1568 1349 eorum
1589 1314 1724 1358 vitam;

952 1364 988 1396 et
1008 1361 1093 1397 ideo
1117 1360 1146 1395 si
1174 1360 1328 1396 dimissa
1349 1360 1457 1396 nubit
1480 1361 1600 1406 alteri,
1623 1371 1725 1397 com-

951 1407 1065 1443 mittit
1083 1407 1322 1452 adulterium,
1339 1411 1375 1443 et
1392 1407 1565 1443 similiter
1582 1407 1644 1454 qui
1662 1408 1728 1444 du-

951 1454 1001 1490 cit
1021 1466 1117 1490 eam.
1139 1454 1313 1500 Quisquis
1330 1458 1455 1490 tamen
1474 1465 1588 1490 causa
1608 1455 1726 1490 forni-

951 1501 1109 1538 cationis
1131 1502 1208 1537 vult
1234 1512 1387 1537 uxorem
1411 1501 1594 1547 abjicere,
1620 1501 1727 1547 prius

950 1549 1062 1584 debet
1093 1560 1115 1584 a
1149 1548 1394 1584 fornicatione
1420 1552 1601 1594 purgatus
1626 1559 1723 1584 esse.

950 1595 1055 1640 Quia,
1084 1596 1288 1631 secundum
1315 1597 1586 1640 Hieronymum,
1616 1595 1724 1641 quid-

950 1642 1038 1687 quid
1058 1642 1147 1678 viris
1169 1643 1334 1687 Jubetur‚
1358 1643 1429 1677 hoc
1448 1645 1724 1688 consequenter

948 1689 1135 1725 redundat
1170 1690 1207 1724 in
1242 1690 1398 1724 seminas
1426 1700 1433 1723 :
1464 1699 1584 1734 neque
1623 1690 1724 1725 enim

949 1736 1118 1771 adultera
1144 1747 1236 1771 uxor
1262 1735 1485 1771 dimittenda
1511 1738 1580 1780 est,
1606 1739 1642 1772 et
1668 1735 1724 1772 vir

949 1783 1113 1818 niaechus
1133 1783 1335 1818 tenendus.

1000 1833 1039 1865 15
1064 1831 1245 1865 Docmm
1271 1830 1415 1865 Cnmsri
1441 1841 1495 1877 DE>
1517 1840 1724 1865 JURAMENTO

950 1888 1175 1912 rnffisrmno.
1187 1876 1381 1911 —Deinde
1389 1879 1587 1922 postquam
1598 1876 1724 1912 docuit

949 1923 1128 1959 Dominus
1148 1934 1225 1958 non
1251 1933 1332 1959 esse
1358 1923 1534 1968 injuriam
1555 1922 1724 1968 proximo

948 1970 1197 2011 inferendam,
1214 1969 1448 2016 prohibendo
1469 1969 1563 2005 iram
1582 1973 1618 2005 et
1639 1980 1723 2006 eon-

949 2017 1227 2063 cupiscentiam,
1250 2020 1524 2062 consequenter
1549 2017 1658 2052 docet
1677 2017 1724 2054 ab

948 2064 1087 2110 injuria
1108 2064 1172 2100 Dei
1193 2063 1469 2108 abstinendum,
1487 2063 1724 2110 prohibendo

948 2111 1155 2157 perjurium
1176 2115 1213 2147 et
1228 2113 1496 2156 ‚juramentum
1516 2112 1559 2146 Et
1579 2111 1643 2146 dat
1665 2110 1724 2146 in·

949 2159 1139 2194 tellectum
1180 2158 1373 2205 cujusdam
1410 2157 1608 2204 praecepti,
1650 2168 1724 2210 qup

949 2205 1172 2251 prohibetur
1188 2204 1395 2251 perjurium
1415 2205 1452 2239 in
1472 2206 1567 2250 Lege
1582 2205 1723 2249 Vetem,

949 2252 1049 2288 circa
1064 2253 1163 2298 quod
1183 2253 1358 2288 errabant
1374 2253 1392 2288 J
1398 2251 1507 2296 udaei,
1525 2251 1721 2288 credentes

951 2300 1051 2345 quod
1065 2300 1184 2335 solum
1191 2299 1444 2345 juramentum
1455 2299 1614 2334 mendax
1625 2301 1724 2335 esset

948 2346 1192 2392 prohibitum,
1210 2349 1245 2382 et
1260 2346 1359 2392 quod
1375 2346 1632 2391 juramentum
1649 2344 1723 2380 illi-

949 2393 1063 2430 citum
1093 2396 1192 2429 esset
1217 2393 1460 2437 servandum;
1482 2396 1519 2428 et
1550 2392 1723 2428 similiter

949 2441 1047 2486 quod
1081 2441 1338 2486 juramentum
1377 2439 1582 2483 incautum,
1621 2438 1721 2485 quod

949 2487 1030 2523 sine
1067 2487 1290 2523 necessitate
1328 2486 1389 2531 fit,
1428 2490 1527 2523 esset
1564 2485 1719 2522 licitum.

950 2535 1107 2580 Propter
1127 2534 1227 2580 quod
1243 2534 1413 2570 Salvator
1427 2534 1479 2570 ait
1491 2545 1498 2568 :
1510 2536 1585 2578 qu
1603 2536 1722 2568 autem

949 2582 1028 2617 dieo
1050 2582 1163 2622 vobis,
1185 2592 1256 2616 non
1277 2581 1406 2626 jurare
1428 2584 1584 2621 omnino,
1607 2579 1644 2615 id
1665 2581 1721 2615 est

949 2639 991 2663 ex
1013 2638 1246 2674 quacumque
1266 2638 1391 2672 causa,
1413 2627 1475 2664 ubi
1498 2638 1575 2663 non
1597 2625 1720 2662 exclu-

949 2674 1050 2710 ditur
1064 2674 1204 2720 juratio
1225 2674 1449 2719 necessaria,
1472 2674 1537 2710 sed
1557 2673 1718 2709 incauta.

948 2721 1099 2757 Justitia
1134 2732 1222 2767 ergo
1257 2721 1532 2758 Pharisaeorum
1559 2723 1628 2772 est·
1643 2728 1720 2755 non

947 2769 1153 2814 perjurare.
1177 2770 1280 2806 Hanc
1306 2768 1504 2805 confirmat
1523 2768 1719 2811 Dommus,
