1897 3167
124 204 159 235 15
644 195 789 229 PRIMAE
827 195 982 229 PARTlS
1019 196 1161 230 CAPUT
1203 199 1234 230 11

121 271 185 306 scd
209 266 489 305 contradicebat
509 264 658 307 veritas,
688 273 813 299 secum
834 263 903 299 ha-

119 319 210 353 bcns
245 314 430 361 Justitiam
464 324 472 347 z
507 315 544 348 et
570 312 666 347 inter
686 321 749 346 eas
770 321 905 356 magna

119 361 373 399 controversia
409 360 505 396 facta
533 361 602 402 est,
636 360 744 404 prout
776 362 905 393 narrat

118 410 339 449 Rcrmaerclus,
365 409 475 453 longo
496 416 670 442 sermone
685 405 730 440 de
749 405 904 440 Annun-

118 457 294 499 tiatione3
314 455 380 491 sed
401 453 487 489 dicti
506 452 561 488 sui
579 462 725 488 summa
741 452 821 487 haec
835 455 903 486 est.

121 522 137 537 ‹«
166 504 318 540 Dicebat
355 499 615 537 misericordia
653 500 729 534 Deo
771 509 779 533 ;
815 499 905 542 Eget

118 550 360 587 miseratione
375 548 446 584 divi
456 559 502 583 na
514 549 684 582 creatura
696 544 903 587 rationalis,

119 598 297 645 quoniam
332 596 469 632 misera
507 594 604 629 facta
631 596 697 636 est,
732 596 767 627 et
798 591 905 626 valde

119 643 362 682 miserabilis:
393 644 489 677 venit
515 651 603 686 ergo
632 643 770 684 tempus
799 640 904 672 misc-

117 694 223 728 rcndi
246 692 337 737 ejus.
361 692 387 725 Ε
409 692 538 725 contra
561 686 697 722 veritas
720 685 867 720 dicebat
895 696 902 719 z

119 742 266 784 anso‚
305 736 474 778 Domine,
504 732 650 779 impleri
692 742 904 783 sermonem

119 798 230 833 quem
276 786 419 821 locutus
464 793 516 817 es.
566 782 677 832 Tot-us
725 782 907 831 morlatur

118 835 251 877 Adam,
279 842 361 868 cum
383 829 555 865 omnibus
576 838 637 872 qm
660 829 766 861 erant
786 836 823 860 111
846 836 904 868 eo,

119 881 268 927 quando
290 875 569 925 prarvaricando
583 884 733 919 pomum
751 872 905 907 vetitum

117 927 293 975 gnstavit.
323 923 528 970 Respondit
546 925 671 958 autem
693 919 905 955 misericor-

117 976 179 1011 dia
220 987 226 1010 :
268 971 403 1017 thuid
443 981 516 1013 me,
550 967 721 1009 Domine,
755 966 873 1002 Fecisti
890 966 906 1001 ζ)

117 1023 191 1059 Scit
209 1020 309 1057 enim
330 1019 410 1065 ipsa
425 1017 573 1059 veritas,
592 1015 691 1061 quod
712 1024 780 1058 ego
795 1013 903 1065 perii,

117 1070 146 1105 si
168 1077 374 1113 numquam
394 1063 596 1100 misereris.
616 1064 643 1097 E
661 1064 792 1097 contra
812 1071 906 1112 vteri-

115 1121 173 1152 tas
199 1128 207 1151 :
239 1115 275 1151 Si
305 1112 522 1159 praedictam
547 1114 647 1145 tuam
680 1111 904 1159 sententiam

115 1162 382 1210 przcvaricator
411 1157 584 1200 evaserit,
622 1155 732 1201 periit
768 1158 906 1189 veritas

116 1215 194 1252 tua,
233 1212 269 1244 et
306 1218 378 1242 non
413 1206 608 1251 permanet
641 1202 678 1237 in
707 1204 901 1236 aeternum.

117 1257 199 1293 Fuit
226 1259 351 1291 autem
378 1254 458 1288 11100
480 1249 634 1296 quaestio
661 1259 727 1294 per
756 1249 904 1283 Patrem

118 1304 233 1339 missa
268 1302 314 1338 ad
351 1299 496 1336 Filium.
533 1296 679 1333 Veritas
712 1298 837 1330 autem
870 1298 906 1329 et

118 1347 376 1386 misericordia
413 1355 539 1381 coram
573 1355 616 1379 eo
650 1342 781 1378 eadem
806 1341 905 1393 dice-

117 1399 220 1434 bant.
256 1398 336 1432 Non
365 1393 563 1429 videbatur
592 1389 779 1436 quomodo
808 1399 907 1423 circa

116 1444 309 1480 hominem
329 1443 455 1488 posset
476 1436 733 1474 misericordia
754 1439 789 1471 et
810 1435 905 1470 veri-

116 1496 175 1528 tas
208 1490 315 1527 simul
345 1485 573 1524 conservari.
600 1483 754 1529 Scripsit
781 1486 906 1518 autem

118 1541 192 1575 Rex
233 1535 459 1573 sententiam
505 1533 556 1567 510
597 1530 852 1566 continentem
897 1541 904 1564 :

119 1588 205 1622 11100
235 1584 323 1620 dicit
346 1595 353 1618 :
376 1580 486 1623 Perii,
521 1579 549 1614 si
578 1579 696 1614 Adam
723 1588 799 1612 non
826 1587 905 1612 mo-

117 1633 260 1675 riatur;
284 1634 320 1667 et
343 1631 422 1665 haec
444 1627 531 1663 dicit
551 1638 558 1661 :
580 1625 691 1669 Perii,
715 1624 743 1659 si
766 1623 908 1659 miseri-

119 1679 286 1716 cordiam
318 1688 393 1712 non
415 1677 676 1719 consequatur.
701 1671 779 1706 Fiat
806 1682 907 1706 mors

118 1728 232 1769 bona,
255 1729 290 1761 et
319 1724 433 1759 habet
455 1726 627 1765 utraque,
650 1723 689 1755 ut
711 1718 903 1770 postulat:

116 1778 153 1810 et
181 1774 279 1819 quod
311 1772 430 1807 Adam
459 1767 655 1809 moriatur,
693 1769 729 1800 et
759 1776 904 1800 miseri-

118 1821 284 1857 cordiam
325 1819 586 1862 consequatur.
628 1814 906 1858 Obstupucrunt

119 1879 249 1904 omnes
284 1867 322 1902 in
351 1865 466 1901 verbo
497 1860 711 1907 Sapientioe,
746 1863 782 1894 et
818 1870 904 1894 con-

119 1917 317 1951 senserunt
345 1911 443 1958 quod
474 1909 656 1945 moriatur
679 1906 812 1949 Adam,
841 1906 907 1941 rni-

119 1961 361 1998 sericordiam
390 1956 666 2002 consequendo.
702 1954 773 1989 Sed
803 1964 904 1998 qua}-

119 2013 205 2045 runt
223 2007 411 2054 quomodo
432 2015 533 2040 mors
550 2002 668 2049 possit
686 2000 768 2053 fieri
788 2001 902 2053 bona,

119 2068 202 2092 cum
236 2053 426 2091 horribilis
460 2052 506 2087 sit
543 2051 623 2097 ipso
654 2047 809 2085 auditu?
831 2048 902 2082 Re-

117 2103 269 2150 spondit
288 2105 413 2137 autem
435 2101 510 2135 Rex
531 2110 538 2134 :
561 2101 659 2134 Mors
674 2097 902 2142 peccatoram

114 2153 299 2196 pessimun,-
343 2147 408 2183 sed
451 2148 665 2183 Sanctorum
706 2152 811 2194 mors·
845 2145 902 2177 est

112 2199 289 2244 pretiosa,
330 2199 366 2230 et
400 2193 485 2228 vitae
517 2194 645 2239 janua.
684 2191 900 2225 Invenlatur

117 2256 205 2289 ergo
231 2243 293 2287 qui
322 2253 366 2277 ex
392 2240 574 2275 charitate
601 2237 797 2280 moriatur,
822 2246 897 2270 non

116 2290 298 2327 obnoxius
339 2287 471 2331 morti,
512 2290 549 2322 et
587 2285 639 2320 sic
678 2294 779 2318 mors
821 2293 896 2334 non

114 2337 253 2384 poterit
283 2340 412 2372 tenere
444 2333 653 2375 innoxium,
691 2330 756 2366 sed
786 2329 896 2364 fac1et

114 2385 152 2420 in
182 2395 227 2420 ea
260 2384 443 2423 foramen,
472 2391 538 2426 per
568 2379 666 2425 quod
698 2379 895 2412 transeant

114 2431 275 2468 liberati.
317 2428 459 2465 Placuit
503 2437 639 2462 sermo.
687 2424 771 2464 Sed,
815 2423 890 2465 ubi,

113 2479 231 2522 aiunt,
262 2477 346 2513 talis
372 2474 509 2521 poterit
537 2471 724 2509 inveniri?
753 2469 892 2507 Circuit

113 2537 202 2571 ergo
243 2525 372 2561 orbem
405 2526 591 2557 terrarum
626 2518 777 2561 x·e1·itas,
811 2520 847 2552 et
881 2528 888 2551 ε

111 2576 221 2610 Nemo
257 2571 411 2606 mumius
451 2580 472 2603 α
513 2568 628 2607 sorde,
665 2577 726 2600 nco
749 2565 890 2617 ‘infans

111 2622 219 2655 unius
245 2619 330 2653 diei.
361 2616 432 2653 Sed
465 2618 499 2650 et
527 2612 784 2649 misericordia
809 2621 891 2656 per-

112 2668 243 2702 lustrat
269 2665 416 2707 cffllum,
449 2665 484 2698 et
514 2660 701 2696 neminem
731 2657 886 2701 invenit,

113 2714 172 2759 qui
199 2712 445 2748 sufficientem
470 2709 517 2745 ad
550 2709 618 2743 hoc
640 2707 776 2742 habeat
800 2705 887 2739 cha-

112 2761 276 2795 ritatem.
300 2759 339 2794 Ei
370 2768 458 2802 ergo
488 2756 567 2791 11100
598 2753 752 2789 victoria
775 2752 886 2787 debe-

111 2808 235 2851 batur,
255 2817 326 2853 quo
344 2815 452 2841 nemo
469 2803 649 2848 majorem
667 2799 886 2836 charitatem

975 265 1144 308 haberet,
1172 269 1210 301 ut
1232 265 1395 300 animam
1421 276 1526 301 suam
1548 277 1616 311 pro
1639 266 1766 302 servis-

976 311 1168 347 inntilibns
1184 315 1352 357 poneret.
1374 312 1543 348 Redeunt
1560 312 1688 358 ,itaque
1708 313 1756 349 ad

976 358 1216 394 constitutum
1251 359 1350 394 diem
1383 360 1501 394 anxia]
1538 359 1756 405 plurimum,

976 416 1051 440 non
1070 406 1220 441 invento
1239 406 1338 451 quod
1362 406 1642 443 desiderabant.
1665 408 1767 442 Tan-⁷

975 453 1059 487 dem
1079 452 1233 487 seorsim
1250 463 1318 498 pax
1337 463 1400 488 eos
1421 453 1619 489 consolans
1638 453 1728 489 dixit
1745 464 1753 487 ε

976 499 1132 534 Nescitis
1147 499 1316 544 quianon
1335 503 1386 535 est
1404 502 1468 544 qui
1477 501 1596 543 faciat
1611 501 1753 539 bonum,

975 557 1044 580 non
1077 550 1128 580 est
1164 557 1276 590 usque
1304 547 1353 580 ad
1380 549 1524 581 unum?
1560 547 1627 590 Qui
1654 546 1757 582 dedit

976 592 1186 635 consilium,
1219 594 1313 627 ferat
1349 592 1540 628 auxilium.
1573 592 1757 629 Intellexit

974 640 1044 673 hoc
1068 641 1156 680 Rex,
1188 642 1224 674 et
1244 638 1295 674 ait
1332 650 1339 674 ε
1374 641 1524 674 Pocnz'tet
1554 650 1608 674 me
1629 641 1758 683 fecisse

976 687 1164 720 Innumero.
1201 687 1328 729 Poena,
1366 685 1499 731 inquit,
1534 689 1636 722 tenet
1670 697 1759 729 me;

976 743 1123 777 poenam
1157 732 1341 768 sustinere
1369 733 1551 769 incumbit
1572 732 1663 768 mihi
1688 743 1765 779 pro*

974 779 1126 814 homine
1153 790 1263 824 quem
1296 779 1432 816 creavi.
1458 780 1501 814 Et
1527 785 1657 816 vocato
1682 781 1757 815 An-

974 827 1057 871 gelo
1079 825 1227 862 Gabriel
1246 826 1336 862 dixit
1360 839 1367 863 t
1391 826 1506 870 Vade,
1531 830 1568 862 et
1587 826 1646 862 dic
1669 826 1758 862 filiae

975 873 1062 909 Sion
1086 884 1093 908 :
1116 875 1203 909 Ecce
1223 876 1300 909 Reae
1321 877 1403 909 tuus
1425 876 1533 909 venit.
1557 872 1756 910 Festinavit

974 920 1050 964 ille,
1072 923 1108 955 et
1128 920 1180 955 ait
1202 932 1209 955 :
1233 921 1382 956 Adorna
1407 922 1608 956 thalamum
1640 924 1755 959 tuum.

974 972 1006 1003 et
1027 969 1168 1013 suscipe
1199 969 1359 1012 Reqeml:
1383 982 1400 999 »
1433 968 1514 1003 haee
1534 968 1755 1003 Bernardus.

974 1014 1085 1050 Vides
1115 1025 1204 1060 ergo
1226 1025 1336 1059 quam
1367 1014 1493 1061 magni
1520 1013 1691 1060 periculi,
1722 1017 1756 1049 et

975 1064 1156 1107 quantum
1201 1061 1268 1096 fuit
1306 1066 1519 1107 peccatum3
1561 1064 1597 1096 et
1645 1071 1757 1107 quam

974 1119 1111 1154 magna
1140 1108 1341 1144 difficultas
1370 1109 1417 1144 sit
1445 1107 1614 1144 invenire
1640 1118 1758 1143 reme-

974 1155 1089 1191 dium.
1131 1157 1171 1190 In
1210 1156 1279 1191 1100
1320 1155 1445 1202 itaque
1487 1158 1756 1190 consenserunt

973 1202 1161 1248 praedictae
1191 1202 1360 1245 virtutes,
1388 1206 1424 1238 et
1450 1205 1537 1238 tunc.
1563 1201 1758 1248 impletum

974 1252 1029 1284 est
1062 1249 1154 1284 illud
1186 1250 1474 1295 propheticum:
1507 1249 1759 1284 Misericordia

975 1300 1007 1331 et
1027 1298 1163 1330 veritas
1189 1297 1423 1332 obviaverunt
1444 1296 1529 1336 sibi,
1547 1295 1698 1340 justitia
1727 1298 1764 1330 et

974 1354 1051 1389 pam
1071 1344 1240 1378 osculata?
1259 1347 1356 1379 sunt.

1024 1394 1042 1425 5
1065 1391 1253 1425 REMEan
1285 1402 1429 1426 [wicun.
1465 1409 1510 1416 —
1534 1388 1641 1426 Circa
1670 1399 1760 1424 vero

975 1436 1171 1483 praemissa
1210 1437 1261 1472 sic
1302 1436 1467 1483 loquitur
1504 1438 1573 1472 Leo
1610 1436 1713 1481 Papa
1750 1446 1759 1470 ε

979 1498 995 1515 «
1021 1484 1113 1527 Quia
1138 1495 1214 1519 non
1244 1483 1295 1519 ita
1318 1484 1355 1519 in
1383 1483 1547 1530 primum
1568 1482 1761 1518 hominem

975 1531 1148 1567 diabolus
1174 1530 1360 1566 violentus
1386 1530 1592 1574 exstiterat,
1612 1533 1654 1565 ut
1676 1540 1763 1565 eum

975 1578 1012 1612 in
1042 1581 1168 1624 partes
1198 1588 1284 1613 suas
1312 1577 1392 1613 sine
1419 1576 1565 1614 arbitrii
1601 1587 1761 1612 consen-

977 1625 1080 1661 sione
1115 1625 1361 1668 transserret3
1403 1624 1456 1660 sic
1493 1623 1760 1660 destruendum

976 1672 1044 1708 suit
1081 1675 1231 1717 pactum
1267 1670 1521 1707 voluntarium
1556 1673 1593 1707 et
1625 1670 1766 1706 hostile

976 1719 1186 1761 consilium,
1210 1722 1249 1754 ut
1278 1719 1376 1754 dono
1398 1718 1527 1765 gratice
1554 1728 1630 1753 non
1652 1717 1761 1753 obes-

976 1770 1032 1802 set
1064 1777 1197 1802 norma
1228 1765 1398 1812 justitiae.
1432 1767 1473 1800 In
1502 1764 1616 1801 totius
1648 1764 1766 1811 igitur

976 1813 1130 1849 humani
1180 1813 1328 1858 generis
1380 1816 1505 1857 strage
1556 1810 1763 1853 communi,

974 1871 1089 1896 unum
1132 1861 1252 1896 solum
1305 1859 1373 1896 fuit
1420 1858 1643 1903 remedium,
1692 1859 1762 1894 sub

974 1907 1109 1942 divinze
1137 1907 1295 1943 rationis
1321 1906 1479 1949 occulto,
1509 1905 1608 1952 quod
1634 1910 1762 1951 posset

974 1953 1174 1990 subvenire
1200 1953 1397 2000 prostratis
1420 1965 1428 1989 :
1451 1953 1481 1989 si
1503 1952 1639 1998 aliquis
1665 1952 1762 1988 tilio—

973 2012 1053 2037 rum
1078 2001 1196 2037 Adam
1219 2000 1412 2047 originalis
1441 1998 1761 2046 praevaricationis

972 2049 1116 2084 alienus
1154 2052 1266 2094 atque
1304 2048 1487 2083 innocens
1525 2049 1762 2090 nasceretur,

971 2095 1031 2141 qui
1084 2095 1218 2132 ceteris
1268 2095 1435 2141 exemplo
1473 2094 1682 2140 prodesset,
1722 2097 1759 2129 et

970 2142 1117 2179 merito.
1141 2143 1212 2179 Sed
1234 2142 1321 2188 quia
1340 2142 1419 2177 hcec
1440 2141 1622 2177 naturalis
1642 2151 1758 2186 gene-

968 2189 1063 2225 ratio
1099 2201 1174 2225 non
1210 2189 1370 2231 sinebat,
1406 2187 1588 2224 Dominus
1624 2187 1755 2230 David,

966 2237 1086 2272 factus
1107 2240 1164 2273 est
1185 2237 1283 2272 filius
1304 2235 1435 2280 David,
1457 2238 1493 2271 et
1512 2235 1559 2270 de
1579 2233 1756 2281 promissi

964 2283 1116 2329 generis
1149 2285 1272 2319 fructu
1301 2283 1427 2329 proles
1460 2284 1516 2318 est
1545 2285 1642 2326 orta,
1673 2281 1756 2317 sine

964 2331 1067 2366 vitio.
1112 2345 1129 2363 »
1178 2331 1283 2366 Unde
1327 2330 1440 2366 etiam
1494 2330 1690 2364 Anselmus
1740 2341 1751 2363 :

965 2392 981 2409 «
1004 2377 1145 2414 Natura
1164 2382 1292 2413 nostra
1312 2377 1359 2413 ad
1381 2375 1665 2412 similitudinem
1686 2375 1754 2411 Dei

960 2425 998 2459 in
1037 2425 1220 2471 principio
1264 2427 1389 2460 creata
1432 2422 1515 2467 fuit,
1563 2425 1749 2469 quatenus

958 2471 1217 2508 indesinenter
1242 2471 1323 2517 ipso
1363 2472 1437 2507 Deo
1473 2470 1674 2512 frueretur,
1710 2473 1747 2504 et

959 2519 1039 2564 ejus
1077 2519 1197 2565 gloria
1235 2519 1316 2554 sine
1361 2516 1461 2554 omni
1505 2515 1746 2561 corruptione

958 2569 993 2601 et
1031 2566 1279 2602 mutabilitate
1309 2564 1509 2610 aliquando
1543 2562 1742 2609 potiretur.

959 2614 1033 2647 Hoc
1068 2616 1145 2648 tam
1186 2612 1328 2658 grande
1366 2613 1505 2647 bonum
1541 2608 1668 2645 statim
1702 2608 1741 2645 in

956 2659 1088 2704 primis
1114 2660 1331 2706 parentibus
1362 2657 1537 2704 perdidit,
1565 2660 1677 2702 atque
1702 2655 1741 2691 in

955 2707 1066 2751 hujus
1088 2707 1215 2742 mundi
1242 2705 1411 2742 miserias
1441 2703 1568 2740 infelix
1588 2707 1624 2739 et
1642 2713 1739 2749 prae—

956 2763 1041 2799 ceps
1054 2753 1129 2789 ruit
1143 2754 1181 2789 in
1201 2757 1360 2789 {eternas
1377 2751 1562 2794 miserias,
1583 2750 1738 2786 decurso

955 2799 1038 2835 vitae
1059 2800 1218 2837 labentis
1237 2799 1406 2843 articulo,
1425 2799 1541 2834 multo
1556 2796 1740 2834 infelicius
