1876 3126
722 119 774 153 ΕΤ

811 118 1111 154 NUMERORUM.

266 286 418 324 CAPUT
437 285 513 321 XV.
531 304 576 311 —
595 285 647 320 De
667 293 705 318 eo
728 282 828 328 quod
848 293 940 328 puer
959 285 1063 320 Jesus
1083 287 1262 322 remansit
1295 287 1334 323 in
1353 288 1568 333 Jerusalem,

653 333 687 366 et
706 331 878 366 inventus
899 334 952 367 est
971 333 1012 367 in
1033 334 1194 380 Templo.

123 474 135 496 1
160 458 241 502 Quo
262 467 377 494 sensu
401 455 575 493 Christus
601 455 767 493 crevisse

143 505 309 542 dicitur?

121 568 139 590 2
159 552 399 590 Festivitates
434 552 578 598 legales
615 551 767 588 Judaeo-

140 611 240 638 rum.

118 651 139 685 5
167 647 337 686 Christus
373 646 561 684 duodenis
599 646 771 684 ascendit

141 696 355 734 Jerusalem
381 696 427 731 ad
450 695 550 731 diem
572 697 741 731 Paschae.

120 747 142 788 4
162 743 427 788 Moraliter‚de
444 743 550 779 sestis
573 744 770 779 celebran-

143 791 222 836 dis3
242 794 279 827 et
290 791 520 838 mystice,de
541 795 653 827 aetate
674 792 767 828 duo-

143 840 256 876 dene.

121 890 141 923 5
164 886 349 931 Christus,
372 886 596 933 parentibus
622 885 769 931 insciis,

144 934 183 971 in
201 935 415 971 Jerusalem
436 937 622 971 remanet.

119 985 141 1018 6
160 982 289 1019 Mariae
328 982 437 1019 dolor
475 983 522 1018 de
563 981 770 1018 amissione

146 1029 244 1067 Filii.

120 1093 140 1125 7
164 1078 239 1115 Cur
263 1079 350 1124 post
389 1076 558 1114 triduum
598 1076 774 1114 inventus

144 1124 258 1161 fuerit
279 1124 482 1161 Christus?

120 1176 141 1209 8
162 1172 259 1216 Quid
282 1172 452 1210 Christus
478 1172 517 1208 in
544 1172 686 1220 templo
714 1173 771 1209 fa·

143 1220 269 1257 ciebat
285 1221 302 1256 Ἰ

127 1284 148 1317 9
174 1267 294 1304 Maria
315 1268 526 1315 interrogat
547 1268 683 1305 Filium
709 1279 776 1305 cur

150 1314 190 1351 in
211 1316 353 1362 templo
376 1317 615 1353 remanserit.

102 1378 145 1401 10
166 1364 375 1410 Moraliter‚
395 1364 505 1401 dolor
527 1364 664 1402 animae
687 1374 772 1411 quae

822 517 886 551 127

823 602 889 637 128

823 709 890 744 129

825 852 891 885 129

825 948 837 970 μ

847 947 864 969 ὔῦ

870 950 890 982 (0

828 1043 840 1066 ..-

872 1044 892 1065 0

828 1141 840 1162 μ

873 1140 894 1161 0

850 1318 870 1352 01
829 1223 869 1257 εἰ
847 1128 867 1161 01
847 1032 867 1065 01

878 1235 890 1256 ,-

830 1330 842 1352 ..ι

879 1330 891 1351 >a

1011 455 1179 492 Christus
1212 457 1397 504 perdidit;
1422 463 1459 496 et
1497 460 1631 498 modus

1011 513 1084 549 quo
1107 504 1220 541 debet
1239 517 1326 542 eum
1349 518 1532 553 quaerere.

966 566 1003 588 11
1031 551 1240 598 Responsio
1306 554 1446 591 Christi
1512 556 1635 602 qualis

1009 599 1153 636 fuerit?

967 649 1134 731 12dDeus
1171 647 1394 695 parentibus
1432 652 1636 696 praeferen-

1039 706 1094 731 us.

968 746 1008 780 15
1031 742 1199 779 Primum
1276 744 1435 781 verbum
1497 747 1636 784 Christi

1012 790 1194 838 scriptum
1214 790 1277 828 hic
1298 792 1497 829 habemus.

969 842 1009 883 14
1031 840 1083 874 De
1122 838 1262 875 Christi
1302 840 1559 878 submissione
1598 840 1638 878 in

1012 889 1206 932 parentes.

968 937 1008 971 15
1031 933 1203 970 Christus
1248 935 1488 973 mendicasse
1533 948 1636 974 asse-

1012 981 1112 1017 ritur
1132 981 1170 1017 in
1188 982 1260 1018 hoc
1281 982 1422 1020 triduo.

970 1032 1010 1065 16
1032 1029 1240 1074 Moraliter,
1270 1030 1344 1067 tria
1369 1032 1540 1069 notanda
1570 1044 1638 1070 vo-

1013 1076 1106 1112 lenti
1128 1078 1205 1113 Deo
1232 1077 1443 1116 adhaerere.

970 1140 1009 1172 ¹7
1032 1124 1152 1161 Maria
1178 1125 1307 1162 omnia
1345 1126 1385 1163 in
1417 1128 1532 1164 corde
1569 1139 1637 1165 suo

1014 1176 1225 1210 conservat.

970 1223 1011 1257 18
1034 1220 1224 1257 proficere
1244 1221 1283 1257 in
1302 1221 1426 1267 gratia
1436 1226 1472 1259 et
1493 1222 1641 1269 sapien-

1014 1267 1067 1303 tia
1087 1272 1211 1314 potest
1230 1268 1368 1315 aliquis
1387 1271 1606 1317 dupliciter.

971 1329 1013 1363 19
1035 1315 1206 1369 Civitatis
1249 1318 1436 1355 Nazareth
1485 1318 1638 1366 privile-

1019 1374 1137 1410 glum.

251 1535 403 1573 CAPUT
423 1536 516 1572 XVI.
537 1555 583 1561 -
601 1535 699 1579 Quid
715 1535 845 1578 fecerit
861 1536 1038 1571 Dominus
1058 1536 1162 1572 Jesus
1182 1537 1228 1573 ab
1248 1548 1344 1574 anno
1362 1538 1588 1586 duodecimo,

551 1593 666 1629 usque
685 1583 735 1618 ad
754 1584 982 1630 principium
1003 1585 1094 1620 anni
1113 1586 1308 1630 triqesz'mz'.

126 1723 138 1745 1
164 1706 261 1751 Quid
282 1706 454 1744 Christus
478 1708 526 1744 ab
547 1718 648 1744 anno
676 1706 771 1743 duo-

144 1754 291 1792 decimo
312 1766 432 1802 usque
460 1755 508 1792 ad
534 1754 774 1802 trigesimum

145 1802 306 1839 fecerit?

124 1864 141 1887 2
158 1850 354 1887 Modestiae
369 1853 407 1887 et
420 1849 647 1888 humilitatis
663 1860 769 1886 com-

145 1898 355 1935 mendatio.

121 1949 142 1982 5
161 1945 322 1982 Humilis
343 1945 462 1982 animi
483 1945 637 1982 indicia.

121 1997 143 2038 4
165 1993 336 2030 Christus
364 1994 478 2040 coepit
507 1993 614 2040 prius
645 1993 770 2030 Facere

147 2052 262 2087 quam
283 2042 433 2078 docere.

123 2089 343 2133 5Quomodo
355 2088 566 2136 acquiritur
575 2087 771 2124 humilitas

122 2141 143 2173 6
170 2138 223 2174 De
248 2137 427 2173 exercitio
450 2136 678 2173 humilitatis
704 2147 772 2183 per

146 2184 329 2231 quinque.

123 2247 142 2279 7
166 2232 252 2270 Tria
269 2243 353 2280 quae
365 2235 532 2270 meretur
555 2231 765 2269 humilitas.

849 1805 867 1814 ›-

828 1806 892 1839 106

827 1901 891 1945 157

827 1960 891 1993 107

828 2044 893 2077 158

826 2092 892 2125 158

827 2187 892 2232 159

825 2236 890 2277 140

995 1710 1016 1743 8
1038 1707 1209 1745 Christus
1249 1709 1416 1758 propriis
1463 1713 1640 1751 manibus

1018 1755 1180 1792 laborat.

992 1820 1013 1852 9
1035 1803 1331 1858 Laetitia-Maria}
1353 1806 1399 1843 de
1427 1807 1523 1844 tanti
1557 1808 1641 1846 Filii

1015 1856 1234 1898 praesentia.

971 1915 1012 1936 lo
1035 1900 1276 1945 Sequendum
1313 1905 1370 1938 est
1392 1901 1530 1939 Christi
1557 1915 1640 1942 sese

1014 1947 1251 1984 humiliantis
1264 1950 1493 1996 exemplum.

970 2009 1007 2032 11
1032 1994 1376 2041 Considerandum,
1398 1999 1497 2044 quod
1513 1999 1637 2037 omnis

1014 2041 1185 2088 aptitudo
1207 2043 1255 2079 ad
1276 2044 1418 2081 bonum
1442 2047 1597 2092 profluit
1618 2059 1640 2085 a

1014 2089 1277 2127 misericordia
1311 2092 1390 2138 Dei,
1433 2098 1471 2130 et
1503 2095 1549 2131 de
1583 2106 1638 2132 se-

1014 2135 1097 2182 ipso
1129 2138 1395 2177 diffidendum.

970 2199 1009 2222 12
1033 2186 1114 2238 Sic·
1147 2191 1353 2232 generatur
1410 2189 1605 2227 humilitas
1628 2219 1637 2235 ‚

1014 2243 1184 2271 omnium
1207 2234 1388 2273 virtutum
1406 2241 1542 2274 mater.

377 2400 528 2437 CAPUT
549 2401 658 2437 XVII.
683 2420 728 2427 -
747 2402 798 2436 De
821 2401 942 2446 officio
963 2403 997 2436 et
1015 2401 1095 2437 vita
1112 2402 1477 2450 Joannis·Baptz·stae.

129 2539 143 2562 1
166 2524 317 2561 Transit
352 2528 485 2562 auctor
521 2526 569 2562 ad
603 2524 771 2562 officium

149 2573 518 2619 Joannis-Baptistae.

129 2633 147 2656 2
171 2622 296 2657 Status
319 2620 495 2667 politicus
520 2621 676 2657 Judaeae.

128 2671 149 2704 5
170 2668 228 2704 Fit
244 2670 400 2705 verbum
417 2669 482 2705 Dei
501 2669 548 2704 ad
565 2670 767 2705 Joannem.

128 2719 150 2759 4
171 2716 385 2763 Baptismus
398 2716 559 2754 Joannis
573 2728 771 2753 1101111101]-

153 2764 269 2802 dabat
286 2764 366 2802 sinc
387 2764 624 2812 poenitentia.

824 2588 836 2610 l

826 2636 837 2657 1

824 2684 836 2705 l

844 2577 891 2713 4⁴:1ssssss

825 2767 889 2809 145

990 2528 1009 2562 5
1033 2527 1122 2563 Erat
1148 2527 1386 2565 solummodo
1412 2531 1635 2577 praepamti-

1012 2585 1082 2610 vus
1103 2578 1140 2612 et
1165 2576 1401 2621 figurativus.

989 2625 1009 2657 6
1030 2622 1127 2666 Quid
1149 2623 1383 2669 praedicabat
1401 2626 1598 2662 Joafflles‘?

989 2685 1008 2717 7
1030 2671 1218 2707 Sanctitas
1234 2672 1314 2718 ejus
1329 2673 1631 2710 commendatur.

988 2721 1009 2754 8
1032 2720 1103 2754 Per
1126 2718 1251 2765 ipsum
1279 2719 1467 2765 figuratur
1499 2721 1635 2768 praedi-

1012 2770 1118 2803 cator
1137 2767 1399 2814 Evangelicus.

1689 122 1749 157 367

1689 515 1752 549 152

1689 610 1754 644 132

1690 706 1754 739 152

1689 800 1754 833 155

1690 894 1754 928 155

1692 989 1757 1031 154

1693 1085 1759 1126 154

1689 1180 1754 1214 155

1693 1275 1755 1309 155

1698 1371 1762 1405 156

1695 1863 1755 1903 141
