1876 3126
143 135 202 167 302
780 137 922 172 INDEX
960 138 1151 172 CAPITUM

167 219 186 250 7
208 203 286 247 Quo
311 214 423 240 sensu
441 203 519 241 vita
545 204 583 241 in
610 206 800 253 omnibus,
996 223 1036 245 ιο
1058 207 1255 244 Generatio
1276 206 1358 243 Filii
1385 207 1451 244 Dei
1473 218 1551 244 non
1570 218 1654 245 car-

192 251 400 296 praesertim
427 251 465 287 in
502 262 615 298 opere
640 254 802 292 virtutis.
882 258 920 293 15
1041 256 1181 291 naliter
1201 255 1434 300 accipienda.
1736 259 1776 294 15

168 299 188 333 8
208 298 371 335 Verbum
399 298 464 334 Dei
493 299 553 335 lux
592 301 802 338 hominum.
882 306 923 347 14
999 317 1036 340 11
1058 304 1174 346 Quam
1197 303 1356 340 sublime
1378 301 1529 340 initium
1543 302 1658 350 hujus

167 359 187 391 9
196 345 389 388 Quomodo
398 346 507 382 luxin
515 348 679 385 tenebris
691 349 804 387 lucet.
884 354 925 394 14
1044 350 1250 396 Evangelii.
1736 353 1777 388 16

249 517 398 554 CAPUT
417 519 461 554 ΙΙ.
485 538 530 545 -
551 519 602 554 De
624 519 830 557 inventione
847 521 1002 558 remedii
1018 532 1085 568 pro
1111 521 1315 557 salvatione
1334 522 1476 565 generis
1496 521 1662 567 humani,

623 569 658 603 et
677 568 872 606 nativitate
890 571 932 605 Β.
958 570 1125 613 Virye'nis
1143 570 1288 605 Mariae.

169 688 179 711 1
205 675 321 712 Casus
355 676 502 714 Lucifer
542 681 579 715 et
627 682 802 728 protopa-
1020 682 1039 715 5
1061 678 1282 715 Remedium
1300 677 1466 715 unicum.
1735 683 1777 717 18

187 723 319 759 rentis.
880 729 920 763 16
1018 730 1038 761 6
1061 725 1347 762 Praedestinatio
1369 727 1466 762 ΒΝ.
1489 725 1632 764 Mariae.
1735 742 1777 774 19

165 781 183 805 2
203 771 414 807 Humanum
454 782 571 817 genus
606 773 654 809 ad
699 784 802 819 spem
1019 789 1038 820 7
1061 774 1149 819 Ejus
1171 773 1283 818 stirps
1302 776 1338 808 et
1357 776 1547 818 parentes.
1732 788 1774 822 19

187 817 345 864 erigitur
361 819 407 854 ab
423 820 514 855 Abel
533 831 653 866 usque
674 821 722 856 ad
741 822 802 857 Jo-
1018 824 1038 856 8
1063 823 1294 856 Praeservata
1316 820 1385 856 suit
1407 820 1454 856 ab
1483 819 1659 867 originali

187 874 324 900 annem
345 865 565 911 Baptistam.
880 882 919 915 17
1040 868 1161 913 culpa.
1734 880 1778 905 2ο

163 914 184 947 5
204 912 276 948 Cur
296 913 462 948 Christus
492 924 562 948 nec
597 913 701 960 prius
733 925 804 951 nec
1019 931 1039 962 9
1057 916 1146 959 Ejus
1166 914 1407 961 praesentatio
1431 913 1470 966 in
1490 914 1647 967 templo.
1733 928 1777 951 2ο

188 959 375 1005 posterius
396 960 567 995 venerit?
880 977 919 1009 ¹7
999 977 1039 999 10
1059 964 1196 998 Votum
1249 961 1476 1009 virginitatls
1532 971 1659 1008 prima

164 1009 186 1049 4
205 1006 364 1042 Justitiae
382 1010 418 1043 et
432 1006 703 1045 misericordiae
718 1019 805 1046 con-
1042 1009 1193 1045 emittit.
1733 1022 1777 1045 2ο

187 1053 322 1091 tentio.
881 1072 921 1105 17
999 1071 1037 1094 ιι
1063 1059 1103 1093 Β.
1127 1057 1291 1104 Virginis
1310 1055 1439 1094 Mariae
1459 1056 1608 1103 figurae,
1734 1069 1773 1092 2ι

546 1226 693 1263 CAPUT
713 1227 776 1263 III.
799 1247 844 1254 --
860 1228 911 1262 De
932 1226 1210 1274 desponsatione
1229 1227 1373 1264 Mariae.

169 1349 181 1372 ι
206 1335 414 1372 Concilium
427 1347 540 1383 super
554 1338 682 1376 Mariae
695 1341 796 1376 voto.
874 1352 916 1376 22
1038 1338 1140 1375 nasci
1152 1339 1336 1375 voluerit?
1351 1339 1480 1376 Causae
1492 1347 1536 1374 ex
1549 1338 1657 1385 parte

165 1395 182 1418 2
204 1382 320 1428 Virga
336 1385 477 1430 Joseph
496 1385 645 1423 florida.
877 1390 919 1424 25
1039 1386 1158 1432 pueri.
1499 1431 1507 1438 ·
1733 1387 1776 1421 25

162 1432 182 1465 5
205 1431 452 1476 Desponsatio
477 1432 618 1469 Mariae.
878 1437 921 1471 25
1016 1436 1036 1469 8
1058 1435 1185 1470 Causae
1207 1444 1250 1469 ex
1267 1435 1374 1479 parte
1398 1436 1542 1468 matris.
1732 1435 1775 1469 25

161 1479 183 1520 [ι
199 1478 336 1523 Joseph
358 1482 395 1514 et
418 1478 498 1525 ipse
518 1479 637 1526 virgo.
879 1485 923 1526 24
1018 1497 1038 1528 9
1061 1484 1190 1517 Causae
1213 1492 1255 1516 ex
1281 1484 1388 1527 parte
1408 1480 1605 1532 aliorum..
1730 1482 1773 1516 25

162 1526 181 1559 5
203 1523 468 1570 Virginitatem
506 1530 542 1562 et
581 1527 806 1565 toecundita-
999 1543 1040 1565 10
1062 1529 1179 1564 MarIa
1210 1539 1277 1564 cur
1308 1529 1414 1564 fabro
1454 1525 1659 1573 nupserlt‘?
1732 1529 1778 1563 26

183 1574 261 1607 tem
283 1573 421 1608 amavit
443 1577 479 1610 et
499 1574 630 1610 habuit
647 1576 777 1612 Maria.
878 1579 921 1620 24
1000 1591 1037 1612 ιι
1068 1576 1212 1621 Figurae
1232 1578 1271 1611 B.
1294 1574 1460 1620 Virginis
1486 1574 1628 1610 Mariae.
1729 1576 1773 1610 26

162 1620 605 1665 6B.Annaemariti‚filiae
615 1627 828 1669 etnepotes.
881 1626 924 1660 25
1002 1637 1040 1660 12
1070 1623 1329 1659 Praecellentia
1346 1624 1471 1659 Beatae
1492 1620 1656 1668 Virginis

161 1680 180 1711 7
202 1666 276 1702 Cur
304 1667 350 1703 de
373 1668 602 1715 desponsata
627 1669 796 1707 Christus
1045 1671 1184 1706 Mariae.
1733 1671 1776 1705 26

430 1840 580 1878 CAPUT
600 1842 660 1878 IV.
681 1862 727 1868 —
745 1843 796 1878 De
813 1843 1038 1890 conceptione
1062 1843 1214 1879 Joannz's
1238 1843 1488 1878 Praecursoris.

165 1962 177 1984 ι
200 1949 253 1984 De
272 1949 453 1986 Zacharia
468 1951 719 1989 Praecursoris
730 1962 797 2000 pa·
1013 1956 1032 1988 5
1044 1953 1182 1989 Sensus
1193 1952 1344 1988 moralis
1353 1951 1650 1998 praemissorum.
1728 1963 1772 2002 29

182 1997 253 2031 tre.
873 2013 915 2047 27
1013 2003 1033 2036 6
1054 2002 1191 2035 Futura
1206 1999 1364 2036 Joannis
1381 1999 1560 2046 Baptistae
1577 2009 1653 2037 ma·

162 2055 180 2078 2
202 2043 282 2078 Non
306 2043 376 2079 fuit
397 2055 565 2081 summus
605 2046 794 2083 sacerdos.
873 2060 914 2095 27
1037 2048 1207 2093 gnitudo.
1727 2062 1771 2097 29

158 2092 180 2125 5
199 2091 398 2126 Zacharias
422 2092 512 2137 quid
531 2092 800 2141 interpretetur
1014 2110 1032 2141 7
1055 2094 1251 2130 Zacharias
1272 2105 1339 2130 cur
1356 2095 1615 2132 obmutuerit?
1723 2099 1770 2132 5ο

183 2140 220 2173 et
237 2137 454 2183 significet?
876 2144 918 2178 28
1014 2144 1034 2177 8
1051 2143 1244 2185 Quomodo
1260 2142 1503 2187 Evangelicos
1522 2153 1649 2180 sacer-

158 2186 181 2227 4
205 2185 399 2230 Apparitio
421 2189 457 2222 et
477 2186 704 2235 colloquium
725 2189 797 2226 Ga·
1037 2190 1144 2225 dotes
1164 2189 1371 2225 admonet?
1724 2193 1770 2228 5ο

183 2230 313 2268 brielis
331 2233 478 2279 Angeli.
876 2238 919 2273 28
1014 2251 1034 2284 9
1060 2236 1309 2273 Praecursoris
1323 2235 1530 2284 conceptio.
1724 2241 1770 2274 50

533 2403 683 2440 CAPUT
701 2405 745 2443 V.
767 2425 813 2433 —
832 2408 883 2442 De
908 2408 1136 2454 conceptione
1154 2408 1376 2444 Salvatoris.

166 2527 178 2550 1
203 2511 362 2549 Mittitur
398 2514 445 2550 ad
486 2513 679 2560 Virginem
716 2517 794 2553 Ma·
988 2522 1009 2563 4
1034 2520 1156 2555 Μανία
1178 2530 1316 2555 nomen
1331 2521 1371 2555 B.
1392 2517 1571 2566 Virginis,
1591 2528 1651 2555 cu-

180 2559 277 2596 riam
299 2561 448 2597 Gabriel
467 2563 731 2608 archangelus.
869 2568 910 2601 51
1031 2567 1045 2612 j
1063 2577 1093 2601 is
1114 2570 1191 2602 tres
1212 2577 1355 2602 sensus.
1726 2568 1771 2604 55

159 2619 177 2643 2
201 2607 355 2644 Galilaea
387 2613 423 2644 et
443 2610 627 2646 Nazareth
648 2610 739 2657 quid
758 2609 819 2648 in·
1011 2616 1029 2647 5
1055 2613 1180 2650 Prima
1205 2611 1467 2660 interpretatio
1494 2624 1502 2649 ε
1539 2612 1648 2650 stella

180 2656 465 2701 terpretentur?
870 2661 914 2695 52
1037 2661 1164 2702 maris,
1185 2661 1243 2697 vel
1265 2660 1523 2697 illuminatrix.
1725 2661 1771 2697 55

156 2703 177 2737 5
196 2703 268 2739 Cur
288 2704 334 2739 de
356 2703 509 2749 Virgine
538 2703 710 2742 ChriStus
729 2716 798 2744 na·
1015 2711 1034 2743 6
1057 2708 1229 2745 Secunda
1242 2707 1503 2755 interpretatio
1521 2717 1652 2745 :mare

181 2749 232 2785 sci
255 2750 439 2787 voluerit?
873 2756 917 2791 52
1039 2764 1224 2792 amarum.
1725 2755 1769 2790 35
