1876 3126
167 188 227 223 376
802 186 941 221 INDEX
980 187 1168 221 CAI‘ITUM

191 275 210 307 7
228 254 417 294 &Ioraliter
428 253 598 299 leprosus
615 262 828 299 quemcum-
1036 269 1056 302 9
1077 254 1256 292 Dominus
1279 255 1318 292 in
1347 255 1537 292 desertum
1575 264 1678 291 sece-

214 315 286 352 qne
307 304 543 350 peccatorem
564 299 766 346 signifieat.
875 304 943 346 546
1060 302 1114 338 dit
1136 303 1183 339 ad
1205 303 1396 339 vitandum
1416 302 1618 340 tumultum
1641 303 1678 339 et

191 357 212 390 8
235 349 432 402 Gratitudo
463 347 602 395 leprosi
639 347 827 385 Christum
1060 350 1108 386 ad
1128 361 1236 387 suum
1256 352 1406 388 Patrem
1427 350 1625 387 orandum.

214 399 468 448 praedieanus.
875 399 942 444 547

460 555 610 593 CAPUT
629 555 734 591 XLII.
755 573 803 584 —
834 557 884 592 De
902 566 1003 593 servo
1026 556 1255 595 centurionis
1279 559 1499 605 paralytico.

190 688 202 710 1
227 674 323 709 Laus
341 666 591 723 Centurioni5‚
610 667 823 714 praesertim
1063 679 1139 704 non
1157 671 1325 716 rogatus,
1346 668 1393 705 ad
1413 678 1562 705 servum
1583 667 1678 705 Cen-

208 719 296 767 quia
315 717 472 754 Gentlhs
491 717 586 768 erat.
622 761 630 768 ²
870 717 939 759 548
1064 715 1290 752 turionisire
1299 715 1459 752 volentis
1473 727 1480 759 ;
1495 719 1531 752 et
1546 718 1678 762 postea

186 782 204 805 α
229 767 393 804 Virtutes
414 765 665 815 Centurloms.
870 765 939 809 549
1063 763 1111 799 ad
1131 762 1250 799 filium
1272 763 1406 809 reguli,
1438 762 1553 800 etiam
1571 773 1679 809 roga-

162 818 208 854 νδ
228 811 437 851 Admiratio
501 810 637 862 Chrlstl
707 808 823 845 fidem
1063 813 1137 855 tus,
1158 809 1213 846 ire
1237 810 1443 846 renuentis.

206 861 324 909 ipsius
348 857 658 896 commendantis.
762 901 769 908 ι
870 858 939 892 550
1040 873 1058 904 7
1082 859 1124 893 In
1142 857 1369 894 Centurione
1389 857 1485 895 fides
1504 856 1678 894 Gentium

183 913 204 954 4
226 909 341 955 Hujus
398 903 594 956 occasione
652 901 824 949 praedloit
1062 905 1344 951 praefiguratur.

206 954 388 993 Dominus
425 953 661 987 vocauonem
719 950 820 985 Gen-
1040 955 1060 988 8
1075 954 1116 988 In
1163 953 1243 999 eJ‘us
1303 963 1411 990 servo
1466 950 1676 1000 peccatoris

207 1003 303 1040 tium
333 1003 370 1037 et
403 999 620 1037 Judaeorum
648 997 824 1043 reproba·
1063 999 1230 1036 miseria.

208 1051 364 1087 tionem.
539 1091 547 1097 ³
599 1091 605 1099 ι
871 1048 936 1082 551
1039 1062 1059 1095 9
1083 1049 1124 1083 In
1145 1058 1259 1084 sensu
1273 1047 1408 1084 morali
1426 1044 1601 1088 Centurio
1618 1055 1676 1082 ra-

184 1102 203 1135 5
226 1099 362 1135 Servus
399 1094 629 1146 Centurioris
650 1094 819 1131 sanatur.
871 1096 934 1130 551
1061 1094 1188 1140 tionis,
1208 1096 1363 1141 ejusque
1385 1105 1513 1132 servus
1533 1092 1676 1141 appeti-

184 1149 205 1181 G
224 1142 422 1182 Humilitas
444 1142 607 1186 Donum,
629 1140 690 1176 hic
708 1139 821 1177 etiam
1064 1146 1121 1179 tus
1142 1142 1310 1180 sensitivi
1331 1146 1460 1191 typum
1479 1142 1674 1189 gerebant.

347 1303 496 1342 CAPUT
517 1300 640 1338 XLIII.
660 1318 709 1328 —
727 1303 777 1338 De
797 1303 983 1339 curatione
1002 1301 1231 1344 daemoniaci,
1254 1304 1288 1338 et
1306 1301 1350 1337 de
1371 1312 1475 1338 socru
1496 1301 1610 1338 Petri.

191 1433 203 1455 1
229 1419 301 1455 Cur
333 1415 499 1453 Christus
535 1415 702 1453 sabbatis
726 1425 824 1462 prae-
1040 1415 1060 1448 6
1083 1411 1247 1449 Simonis
1265 1422 1394 1448 socrus
1419 1414 1551 1448 sanata
1573 1409 1677 1447 Chri-

211 1464 341 1502 sertim
369 1463 565 1500 docuerit?
873 1462 942 1504 554
1062 1463 1119 1495 sto
1140 1459 1340 1495 ministrat.

188 1526 206 1549 2
227 1511 434 1550 Admiratio
469 1512 589 1548 turbae
619 1521 731 1558 super
756 1509 824 1546 do·
1038 1523 1056 1555 7
1076 1507 1191 1553 Hujus
1211 1505 1419 1543 sanationis
1433 1509 1469 1542 et
1488 1505 1674 1542 ministra·

211 1560 333 1597 ctrina
347 1560 439 1605 ejus.
874 1558 943 1600 554
1061 1554 1176 1591 tionis
1197 1554 1349 1590 moralis
1371 1553 1610 1600 significatio.

187 1611 207 1644 5
230 1607 389 1654 Spiritus
407 1605 622 1642 immundus
636 1604 825 1642 Christum
1039 1605 1059 1638 8
1078 1601 1245 1638 Christus
1275 1601 1395 1638 multa
1413 1601 1609 1645 miracula,
1629 1599 1678 1636 ad

211 1655 396 1692 confitens
417 1657 541 1689 tacere
558 1654 727 1699 jubetur.
873 1652 941 1687 555
1062 1649 1402 1685 manifestationem
1417 1647 1624 1684 divinitatis
1642 1649 1679 1683 et

185 1705 208 1746 4
229 1701 487 1739 Daemoniacus
514 1711 536 1736 a
567 1700 717 1736 diabolo
741 1709 825 1736 eum
1063 1696 1243 1733 doetrinae
1304 1707 1381 1732 suae
1419 1694 1675 1733 confirmatio-

210 1749 445 1795 discerpente
466 1748 660 1784 liberatur.
874 1747 942 1781 556
1063 1754 1165 1786 nem,
1202 1747 1394 1791 operatur.

187 1801 206 1834 5
229 1797 396 1834 Christus
459 1796 612 1832 domum
665 1792 827 1831 Simonis
1039 1806 1060 1840 9
1082 1790 1251 1827 Christus
1309 1791 1447 1827 iterum
1466 1788 1506 1825 in
1546 1789 1675 1826 deser-

211 1843 325 1889 Petri‚
346 1844 393 1880 ad
411 1842 653 1880 refectIOnem
672 1852 823 1879 sumen·
1060 1842 1141 1875 tum
1163 1839 1286 1875 Iocum
1306 1837 1461 1881 secedit,
1483 1837 1531 1873 ad
1552 1836 1674 1873 vitan-

210 1892 311 1938 dam,
335 1890 464 1928 intrat,
873 1889 941 1922 556
1062 1886 1130 1923 dos
1142 1886 1344 1933 applausus
1362 1888 1398 1922 et
1412 1885 1461 1922 ad
1472 1884 1671 1921 orandum.

441 2789 783 2816 ABBATISVILLA.
823 2798 869 2804 -
908 2787 1031 2813 TYPIS
1066 2788 1264 2814 GUSTAVE
1303 2785 1490 2812 RETAUX.

1725 350 1794 396 547

1724 811 1792 845 552
1848 850 1853 855 ,

1723 905 1791 940 552

1725 1000 1794 1034 552

1726 1142 1794 1176 555

1725 1459 1791 1505 557

1723 1554 1791 1598 557
1840 1596 1843 1601 .

1727 1743 1796 1778 558

1723 1885 1793 1931 559
