1902 3126
717 161 769 195 DE
807 161 1030 197 BAPTISMO
1069 164 1240 198 DOMINI.
1747 166 1804 201 183

211 240 231 273 5
254 237 404 273 JOANNlS
424 234 603 271 Cnmsrun
627 243 819 266 ΒΛΡτιΖΑῐιΕ
840 244 948 269 nexu-

162 294 264 320 nnris
290 292 491 320 nummus.
520 299 565 305 —
600 278 696 313 Dixit
725 278 851 323 itaque
880 281 945 315 Jo-

161 331 267 376 anni,
311 334 398 366 tunc
436 328 652 374 peccatores
694 325 898 371 baptizanti
935 338 942 362 :

159 378 266 424 Rogo
295 380 345 422 te,
376 378 418 411 ut
447 383 506 410 me
536 383 622 408 cum
650 371 729 408 istis
764 373 943 419 baptizes,

158 426 314 461 Ioannes
341 426 461 458 autem
493 420 643 456 intuens
668 430 774 463 eum,
800 423 835 455 et
863 419 943 466 Spi-

156 470 233 508 ritu
265 480 334 517 per
365 467 530 504 divinam
561 466 829 503 revelationem
857 478 943 513 cog—

154 527 317 554 noscens
350 526 435 551 eum
465 525 548 550 esse
581 524 712 550 verum
750 516 866 550 Deum
908 519 945 550 et

153 563 369 607 hominem,
402 562 546 598 nullum
578 565 774 608 peccatum
804 562 944 598 liaben—

154 613 248 656 tem‚
270 614 307 647 et
327 610 375 646 ob
402 610 472 645 hoc
499 609 649 645 lavacro
672 620 747 644 non
770 608 942 654 indigen-

151 660 245 702 tem,
266 657 361 693 alios
377 667 399 693 a
419 660 577 703 peccato
600 656 802 699 lavantem,
819 656 943 691 timuit

153 707 192 741 et
209 704 375 751 expavit;
399 708 436 740 et
466 706 506 739 ut
549 703 802 739 humilitatem
831 703 942 749 Regis

150 750 367 788 imitaretur
386 750 494 786 miles
520 761 563 786 ex
584 750 797 786 reverentia
816 752 941 796 prohi-

154 799 260 835 bebat
291 809 370 835 eum
396 799 519 833 dicens
541 810 550 832 :
576 798 748 841 Domino,
777 808 839 841 eye
866 801 941 833 ter-

149 856 266 883 renus
304 857 326 882 a
365 849 398 882 te
440 844 596 887 coelesti,
629 844 690 889 qui
728 855 802 879 non
836 855 938 889 eges,

152 893 338 940 baptizari
363 893 484 933 debeo,
507 891 594 937 quia
615 902 707 937 egeo
736 891 937 937 l.›aptizari;

153 944 187 977 et
205 944 258 982 tu,
280 941 385 987 cujus
403 940 596 986 generatio
618 949 692 973 non
715 942 771 974 est
790 938 938 982 vitiosa,

150 990 254 1024 venis
283 989 332 1023 ad
357 998 412 1022 me
432 985 638 1032 baptizari?
665 987 718 1021 Tu
751 986 873 1031 maJ'or
898 997 938 1021 es

151 1038 191 1072 et
211 1034 405 1077 Dominus,
424 1037 461 1070 et
480 1043 550 1079 ego
575 1032 700 1068 minor
719 1036 755 1068 et
782 1043 933 1076 servus3

152 1085 190 1119 et
209 1085 249 1119 tu
265 1092 339 1118 non
359 1082 407 1117 ad
428 1091 500 1124 me,
522 1080 588 1116 sed
615 1090 685 1125 ego
720 1079 843 1125 potius
871 1080 936 1115 de-

148 1129 215 1166 bui
235 1129 290 1165 ire
311 1129 358 1165 ad
384 1132 433 1164 te.
453 1129 508 1163 Tu
534 1128 698 1163 mundus
719 1138 772 1171 es,
797 1131 833 1162 et
856 1137 935 1162 om-

147 1175 214 1213 nia
233 1176 418 1220 mundas;
441 1185 517 1211 non
539 1178 577 1210 tu
595 1185 618 1210 a
639 1185 712 1217 me,
734 1175 800 1210 sed
825 1185 894 1219 ego
914 1185 936 1211 a

148 1226 202 1268 te,
223 1227 260 1260 et
293 1222 484 1267 mundari,
510 1226 547 1258 et
585 1221 765 1267 baptizari
799 1222 932 1258 debeo.

147 1271 228 1318 Ego
251 1271 364 1306 homo
386 1280 491 1313 sum;
511 1273 550 1305 tu
575 1270 686 1304 Deus.
709 1270 785 1314 Ego
807 1279 935 1315 pecca-

147 1321 222 1362 tor,
241 1317 328 1364 quia
349 1318 480 1361 homo;
502 1320 543 1352 tu
560 1317 640 1352 sine
661 1320 829 1362 peccato,
847 1316 934 1361 quia

146 1365 261 1402 Deus.
288 1364 382 1408 Quid
407 1364 462 1400 vis
486 1375 508 1400 a
538 1374 598 1399 me
620 1363 830 1409 baptizari?
853 1364 933 1398 Non

146 1422 281 1449 recuso
300 1412 532 1458 obsequium,
559 1411 624 1446 sed
644 1411 775 1456 ignoro
799 1414 934 1456 myste-

146 1459 261 1496 rium.
283 1461 358 1505 Ego
379 1463 596 1505 peccatores
616 1457 764 1503 baptizo
786 1457 824 1492 in
850 1468 932 1503 pte-

145 1505 331 1551 nitentia;
359 1509 399 1542 tu
430 1505 521 1551 quid
556 1504 611 1540 vis
645 1504 840 1550 baptizari,
871 1504 931 1549 qui

146 1564 226 1590 non
249 1554 368 1590 habes
394 1552 536 1598 peccati
564 1552 746 1588 causam?
768 1553 843 1586 lmo
866 1562 931 1597 po-

143 1601 219 1636 tius
252 1600 341 1646 quid
372 1600 428 1636 vis
457 1604 497 1635 ut
529 1602 702 1645 peccator
735 1597 929 1644 baptizari,

144 1647 210 1694 qui
230 1647 364 1684 venisti
391 1651 546 1694 peccata
565 1646 776 1692 perdonare
791 1647 808 1681 ⁶?
828 1645 931 1681 Unde

141 1695 353 1731 Ber-nardus
379 1707 390 1729 .·
421 1709 438 1727 «
460 1693 646 1740 Baptizari
680 1692 748 1737 vis,
771 1692 930 1738 Domine

142 1742 316 1779 Jesu?Ut
332 1741 422 1788 quid
441 1741 556 1785 enim,
573 1745 637 1776 aut
652 1740 739 1786 quid
755 1739 821 1776 tibi
836 1750 929 1786 opus

141 1789 402 1836 Baptismate‘?
425 1789 611 1834 Numquid
640 1798 732 1824 sano
760 1798 854 1833 opus
875 1791 930 1822 est

141 1836 354 1881 medicina3
389 1839 453 1872 aut
484 1835 729 1871 mundatione
761 1835 929 1870 mundo?

142 1883 252 1920 Unde
272 1883 339 1919 tibi
360 1886 570 1929 peccatum,
593 1882 658 1918 ubi
684 1881 870 1928 baptisma
883 1881 928 1916 sit

140 1930 398 1967 necessarium
410 1930 428 1965 ⁴?
446 1930 563 1972 Quam
583 1929 769 1965 maculam
788 1930 928 1965 habere

139 1981 266 2024 potest
286 1979 414 2023 Agnus
437 1976 518 2012 sine
542 1976 713 2012 macula?
726 1990 744 2007 »
772 1976 875 2011 Unde
893 1979 928 2010 et

142 2025 418 2070 chrysostomus
441 2036 452 2059 .·
475 2038 492 2056 ι(
520 2024 562 2058 Ut
593 2027 632 2058 tu
657 2034 716 2058 me
744 2023 926 2068 baptizes,

143 2075 201 2108 est
220 2072 358 2108 idonea
379 2071 489 2114 ratio,
511 2074 552 2106 ut
569 2071 694 2116 justus
712 2070 868 2113 efficiar,
892 2073 926 2105 et

141 2119 280 2172 dignus
313 2119 430 2162 coel03
463 2122 503 2154 ut
538 2121 662 2153 autem
693 2127 762 2162 ego
799 2121 836 2152 te
867 2117 929 2152 ba-

139 2170 293 2214 ptizem,
321 2176 403 2212 quae
427 2169 481 2202 est
501 2164 623 2200 ratio?
645 2165 763 2200 Omne
787 2164 928 2200 bonum

140 2214 190 2250 de
209 2214 302 2250 coelo
321 2212 515 2249 descendit
538 2212 576 2247 in
597 2216 751 2254 terram,
778 2222 854 2246 non
882 2211 927 2245 de

139 2264 244 2298 terra
284 2260 455 2297 ascendit
491 2259 531 2295 in
567 2259 716 2295 cot-lum.
758 2272 776 2290 »
826 2258 927 2293 Unde

140 2307 255 2345 etiam
283 2310 351 2344 Leo
379 2309 478 2353 Papa
505 2318 512 2342 :
544 2320 560 2339 α
590 2306 683 2349 Quid
716 2304 825 2348 sacis,
854 2307 927 2341 Do-

139 2354 274 2391 mine?
297 2356 387 2390 Ecce
414 2353 518 2400 quasi
547 2354 767 2389 mendacem
795 2363 853 2388 me
875 2352 927 2388 la-

139 2402 334 2449 pidabunt.
353 2403 428 2448 Ego
448 2411 583 2447 magna
600 2401 645 2436 de
664 2404 700 2435 te
713 2399 926 2446 praedicavi,

139 2453 178 2486 et
198 2453 237 2486 tu
258 2452 334 2485 tam
355 2448 510 2494 simplex
537 2448 636 2483 velut
656 2448 791 2492 hospes
815 2447 928 2483 adve-

138 2496 248 2533 nisti!
289 2498 340 2532 Tu
382 2506 531 2531 sursum
570 2495 682 2531 Filius
721 2494 851 2540 liegis,
892 2499 928 2530 ct

137 2544 317 2580 deorsum
354 2542 467 2579 Filius
506 2542 631 2588 Regis,
670 2545 707 2577 et
742 2552 925 2587 nusquam

137 2595 330 2636 sceptrum
367 2590 493 2635 regale
528 2589 719 2625 ostendis!
765 2589 926 2625 Ostende

138 2638 362 2684 dignitatem
390 2641 505 2673 tuam.
530 2639 602 2673 Cur
629 2637 730 2672 solus
757 2641 832 2671 tam
857 2637 926 2672 liu-

138 2685 240 2723 milis
266 2684 483 2722 advenisti?
516 2684 582 2720 Ubi
609 2684 839 2730 Angelorum
866 2694 927 2730 ag-

139 2732 243 2769 mina
254 2732 273 2768 ⁴?
293 2732 360 2769 Ubi
386 2731 613 2768 ministratio
641 2731 841 2768 Cherubim
864 2742 926 2767 sex

140 2779 311 2818 alarum?
327 2779 394 2817 Ubi
410 2780 661 2817 ventilabrum
672 2780 689 2815 ‘t
702 2780 757 2815 Tu
772 2780 925 2826 Moysen

1023 232 1240 277 glorificasti
1265 235 1302 270 in
1325 235 1424 272 nube
1445 235 1583 280 lucida,
1605 238 1642 271 et
1662 235 1805 273 colum-

1026 290 1073 314 na
1094 280 1214 324 ignis:
1239 286 1276 316 ct
1304 286 1342 317 tu
1365 282 1454 317 milii
1482 286 1592 329 caput
1613 282 1770 320 inclinas
1786 284 1805 321 ‘?

1024 326 1165 369 nenne,
1202 329 1373 371 Domine,
1402 334 1511 375 caput
1545 341 1584 365 es
1621 330 1804 369 omnium.

1021 373 1224 408 Ostendisti
1262 375 1432 419 humilia,
1452 377 1647 412 ostendisti
1688 378 1804 414 subli-

1022 419 1108 468 mia.
1134 420 1286 466 Baptiza
1306 432 1437 458 omnes
1451 429 1671 468 praesentes,
1691 429 1727 460 ct
1745 436 1806 462 me

1020 471 1106 502 ante
1127 477 1271 502 omnes.
1295 467 1388 510 Quid
1417 470 1594 514 baptizari
1625 471 1692 515 vis,
1723 483 1803 508 sor-

1020 514 1105 550 dem
1129 525 1203 550 non
1226 515 1396 550 habens?
1414 517 1457 551 Et
1481 516 1508 551 si
1533 518 1723 562 baptizare
1744 530 1806 555 vo-

1020 561 1139 604 luero,
1154 561 1330 597 Jordanis
1351 573 1424 597 non
1443 563 1609 609 suscipit,
1629 566 1804 610 cognovit

1019 613 1054 644 te
1087 610 1281 644 Fa⁴·torem
1319 619 1441 652 suum,
1471 611 1653 645 convertit
1688 614 1804 649 tluen-

1019 659 1056 691 ta
1079 660 1286 691 retrorsum
1310 666 1318 691 :
1344 668 1361 689 »
1388 656 1469 692 haec
1492 658 1558 691 Leo
1582 658 1693 703 Papa.
1719 661 1800 696 Non

1018 701 1154 738 mirum
1177 704 1205 738 si
1229 702 1397 748 Baptista
1409 704 1631 739 contremuit
1651 706 1802 749 quando

1017 750 1084 785 sub
1137 750 1311 786 manibus
1351 750 1428 785 suis
1472 750 1706 794 humiliatur,
1745 752 1806 788 cui

1017 808 1128 833 omne
1155 808 1267 842 genu,
1296 797 1521 841 coelestium,
1551 798 1803 844 terrestrium,

1017 849 1053 880 et
1088 844 1325 880 infernorum
1357 847 1547 880 curvatur.
1587 845 1691 880 Unde
1718 847 1803 881 Ber-

1015 893 1155 927 nardus
1185 906 1195 926 .·
1225 905 1244 924 «
1275 890 1483 927 Inclinatur
1519 892 1586 927 sub
1624 892 1804 938 Baptistae

1016 939 1191 974 manibus
1227 942 1338 984 caput
1369 938 1604 974 adorandum
1632 939 1802 985 Angelis,

1015 986 1264 1021 reverendum
1282 985 1802 1029 potestatibus‚tremendum

1016 1033 1305 1079 Principatibus.
1325 1032 1421 1075 Quid
1445 1032 1596 1076 mirum,
1619 1033 1648 1068 si
1674 1034 1802 1070 tremit

1015 1081 1141 1124 liomo,
1170 1091 1238 1115 nee
1264 1080 1378 1115 audet
1415 1079 1603 1124 attingere
1630 1084 1801 1118 sanctum

1013 1127 1077 1163 Dei
1111 1127 1318 1162 verticem?
1344 1126 1438 1169 Quid
1466 1127 1522 1162 vel
1551 1126 1631 1172 ipsa
1658 1128 1799 1173 cogita-

1011 1174 1114 1210 tione
1143 1185 1219 1210 non
1247 1173 1530 1211 contremiscit?
1551 1175 1578 1210 Ο
1606 1185 1718 1220 quam
1743 1175 1799 1211 al-

1010 1225 1090 1257 tum
1113 1221 1183 1258 erit
1205 1220 1400 1268 injudicio
1421 1225 1531 1267 caput
1558 1221 1672 1265 istud,
1697 1222 1799 1268 quod

1011 1269 1122 1304 modo
1162 1270 1214 1304 sic
1253 1268 1476 1312 incIInatur;
1505 1272 1541 1304 et
1575 1273 1703 1305 vertex
1734 1269 1799 1315 qui

1010 1316 1122 1351 modo
1158 1319 1235 1352 tam
1274 1315 1426 1351 humilis
1466 1315 1639 1359 videtur,
1683 1326 1797 1362 quam

1010 1363 1181 1399 sublimis
1203 1366 1239 1399 et
1259 1367 1406 1399 erectus
1426 1366 1516 1399 tunc
1535 1363 1750 1409 apparebit!
1775 1376 1794 1398 »

1009 1411 1088 1445 haec
1112 1410 1334 1446 Bernardus.

1057 1461 1077 1492 6
1100 1458 1190 1500 Quin
1223 1469 1275 1492 sir
1306 1468 1462 1493 Jusnrm
1488 1468 1523 1492 rx
1549 1469 1659 1493 seusu
1678 1458 1795 1494 mro?

1008 1525 1053 1529 —
1080 1504 1262 1540 Dominus
1287 1515 1377 1540 vero
1402 1505 1537 1549 probat
1559 1504 1711 1549 quidem
1738 1505 1793 1541 fa-

1010 1551 1100 1586 muli
1123 1551 1194 1595 sui,
1214 1551 1327 1586 fidele
1339 1550 1531 1586 servitutis
1553 1551 1792 1596 obsequium,

1007 1598 1073 1633 sed
1086 1597 1380 1644 dispensationis
1396 1608 1473 1633 suae
1486 1597 1703 1634 manifestat
1717 1609 1794 1645 my-

1006 1645 1177 1690 sterium,
1196 1646 1418 1691 respondens
1436 1649 1556 1680 autem
1574 1647 1678 1681 Jesus
1692 1646 1795 1682 dimit

1006 1695 1039 1727 ei
1070 1706 1080 1728 .-
1116 1694 1216 1736 Sine,
1256 1692 1295 1728 id
1333 1695 1404 1736 est,
1448 1692 1636 1737 permitte,
1672 1693 1792 1735 modo,

1005 1739 1147 1776 scilicet
1174 1750 1235 1776 me
1264 1750 1287 1776 a
1316 1742 1352 1775 te
1388 1739 1568 1785 baptizari
1604 1739 1642 1775 in
1678 1750 1791 1786 aqua,

1004 1791 1043 1823 ut
1071 1790 1110 1823 tu
1138 1788 1380 1833 postmodum
1402 1797 1425 1823 a
1445 1797 1503 1822 me
1532 1787 1733 1833 baptizeris
1753 1787 1793 1824 in

1006 1835 1160 1880 Spiritu,
1179 1834 1266 1880 quia
1280 1834 1499 1880 mysterium
1515 1838 1571 1870 est
1587 1835 1687 1880 quod
1704 1845 1789 1882 ago.

1004 1883 1044 1917 In
1083 1893 1181 1928 quo,
1223 1882 1431 1918 secundum
1472 1882 1792 1928 chrysostomum,

1004 1929 1170 1965 ostendit
1198 1929 1287 1974 quia
1312 1932 1444 1974 postea
1480 1929 1649 1965 Christus
1674 1931 1790 1965 Joan-

1004 1987 1091 2011 nem
1127 1975 1342 2022 baptizavit.
1378 1975 1464 2011 Sine
1499 1976 1625 2020 modo,
1654 1980 1694 2011 ut
1727 1976 1791 2022 qui

1002 2024 1163 2058 sormam
1210 2022 1307 2058 servi
1356 2022 1568 2068 assumpsi,
1621 2023 1791 2068 expleam

1002 2074 1037 2105 et
1075 2069 1325 2105 humilitatem
1360 2070 1453 2115 ejus.
1488 2071 1531 2105 Et
1563 2070 1791 2115 subjungit:

1002 2119 1062 2153 Sic
1084 2119 1178 2152 enim
1199 2116 1383 2160 faciendo,
1407 2117 1496 2152 dum
1517 2127 1586 2162 ego
1611 2117 1792 2163 Superior

1003 2168 1037 2199 et
1060 2175 1136 2199 non
1164 2163 1337 2210 indigens
1363 2174 1386 2199 a
1421 2167 1457 2199 te
1483 2163 1645 2209 suscipio
1667 2165 1789 2211 bapti-

1003 2222 1138 2255 smum,
1167 2212 1265 2247 decet
1293 2222 1357 2247 nos
1379 2221 1439 2247 me
1466 2211 1720 2257 suscipiendo,
1753 2215 1791 2249 et

1003 2263 1038 2294 te
1059 2258 1297 2304 baptizando,
1319 2260 1470 2304 implere
1493 2263 1530 2294 et
1550 2259 1640 2294 dare
1663 2269 1788 2295 exem-

1003 2306 1104 2351 plum
1145 2305 1326 2352 implendi
1366 2306 1723 2351 omnemjustztz'am.
1744 2308 1789 2343 Et

1002 2353 1184 2399 accipitur
1207 2353 1267 2389 hic
1289 2353 1450 2399 justitia,
1476 2364 1552 2388 non
1586 2357 1697 2399 prout
1729 2358 1788 2390 est

1001 2400 1118 2436 virtus
1150 2400 1336 2446 specialis,
1359 2400 1449 2436 vitio
1479 2400 1644 2436 avaritioe
1669 2411 1786 2446 oppo-

1002 2447 1094 2492 sita3
1123 2449 1189 2484 sed
1211 2447 1454 2494 generaliter
1491 2451 1599 2494 prout
1630 2447 1787 2483 includit

1002 2506 1151 2531 omnem
1172 2495 1364 2539 virtutem,
1387 2506 1453 2531 seu
1475 2494 1643 2530 omnium
1666 2493 1785 2530 virtu-

1001 2547 1078 2578 tum
1110 2543 1395 2589 perfectionem.
1434 2541 1644 2579 Secundum
1671 2542 1784 2586 Chry-

999 2595 1207 2632 sostomum,
1231 2590 1331 2636 quod
1367 2589 1457 2626 dicit
1492 2588 1565 2624 tale
1592 2592 1676 2623 est:
1699 2588 1785 2625 Om-

1001 2637 1062 2673 nia
1095 2638 1176 2684 Jam
1216 2637 1353 2683 legalia
1391 2635 1674 2681 complevimus,
1712 2645 1782 2672 nec

1000 2685 1117 2720 ullum
1153 2683 1377 2732 transgressi
1414 2693 1543 2719 sumus
1578 2682 1781 2727 aliquando

1001 2732 1242 2775 mandatum3
1271 2741 1386 2768 unum
1427 2730 1549 2766 adhuc
1583 2729 1688 2765 deest
1723 2740 1781 2766 so-

999 2779 1206 2825 lummodo,
1229 2781 1377 2826 oportet.
1396 2777 1509 2814 etiam
1530 2776 1626 2813 istud
1647 2777 1780 2824 adJun-
