1902 3126
462 153 514 186 DE
552 153 814 188 XATIVITATE
853 155 1130 190 SALVATORIS
1170 156 1348 191 NOSTRI.
1691 158 1730 191 7¹.)

90 230 144 266 ibi
164 227 395 265 connubium
417 226 514 262 Ruth
535 228 572 261 et
592 226 690 261 Booz
713 225 877 261 celebra-

91 281 186 321 tum,
208 275 245 312 in
269 285 343 320 quo
365 272 680 319 pra=figurabatur
706 272 877 308 humani-

92 325 179 361 tatis
200 327 236 359 et
256 319 462 361 divinitatis
482 319 727 363 connubium,
746 330 876 355 verum

92 369 319 408 sacrificium
358 370 395 403 et
433 365 667 402 immutabile
702 377 875 411 regnum.

92 421 186 455 Item
212 414 361 453 conscia
396 413 620 459 gaudiorum
646 413 681 449 in
712 414 877 449 adventu

90 464 243 504 Christi.
271 462 300 499 O
335 461 421 507 quis
457 460 572 505 digne
609 465 745 506 penset
785 472 876 506 gau—

90 512 195 549 dium
221 508 453 555 Angelorum
475 508 726 552 laudantium,
749 512 876 554 pasto-

89 569 174 596 rum
207 555 430 599 videntium,
460 566 590 601 regum
624 556 878 600 adorantium,

93 604 321 653 populorum
339 603 572 639 credentium
592 603 599 637 l
620 605 713 639 ltem
729 603 879 639 conscia

94 651 362 698 martyriorum
387 654 471 696 post
493 650 697 686 adventum
724 650 877 693 Christi,

94 699 244 747 quando
264 698 433 734 Herodes
449 697 535 733 fecit
556 697 717 733 infantes
735 697 878 741 occidi;

96 747 164 784 sed
184 745 346 782 maxime
367 746 479 782 beata
511 745 548 779 in
579 745 766 790 germine,
791 745 881 790 qnia

96 794 184 831 inde
217 792 307 830 exiit
343 802 502 837 germen
542 792 697 837 nobile,
738 793 879 828 scilicet

96 841 169 879 dux
186 843 222 877 et
249 839 481 883 dominator,
509 850 665 884 germen
694 840 783 876 utile
821 850 880 875 re-

96 898 189 936 gens
217 887 398 935 populum
429 886 558 922 Israel.
584 887 634 922 De
663 888 769 933 cujus
797 886 883 922 civi-

97 935 186 973 tatis
211 935 339 979 laude,
361 934 413 970 sic
441 934 532 969 dicit
557 935 792 970 Bernartius:
818 948 835 966 «
856 935 882 970 O

98 983 319 1021 Bethlehem
345 992 481 1028 parva,
516 982 582 1017 sed
610 984 837 1027 maguticata
863 992 884 1017 a

100 1030 284 1068 Domino!
317 1028 569 1075 magnificavit
604 1032 640 1065 te
669 1029 730 1075 qui
764 1030 885 1065 sactus

96 1081 163 1115 est
193 1078 232 1113 in
253 1080 303 1121 te,
327 1087 463 1123 parvus
485 1087 528 1112 ex
550 1087 700 1121 magno.
724 1077 812 1120 Quae
841 1076 888 1113 ci-

93 1123 194 1162 vitas
226 1125 256 1161 si
286 1123 429 1168 audiat,
461 1135 536 1159 non
556 1123 725 1160 invideat
746 1124 885 1170 pretio-

96 1184 178 1211 sum
209 1172 398 1209 stabulum
434 1171 549 1215 illud,
587 1175 624 1207 et
654 1171 753 1207 illius
787 1182 883 1218 prze-

96 1219 191 1267 sepii
221 1219 395 1266 gloriam.
425 1218 569 1264 Ubique
592 1220 754 1263 gloriosa
784 1220 885 1254 dicta

97 1271 185 1305 sunt
202 1267 246 1303 de
258 1272 302 1310 te,
321 1268 453 1302 civitas
468 1269 546 1307 Dei,
562 1266 699 1312 ubique
717 1266 881 1302 canitur:

101 1315 190 1362 quia
226 1316 328 1350 homo
362 1318 472 1349 natus
497 1317 549 1349 est
588 1315 626 1349 in
665 1325 721 1354 ea,
750 1317 781 1349 et
809 1316 887 1359 ipse

97 1362 273 1407 fundavit
293 1372 370 1397 eam
391 1362 630 1396 Altissz'mus!
652 1376 669 1392 »
699 1362 779 1396 haee
798 1363 885 1396 Ber-

99 1410 255 1446 nardus.
279 1408 499 1445 Bethlehem
521 1408 592 1444 sita
613 1412 669 1444 est
694 1408 732 1443 in
758 1412 884 1444 monte

103 1459 231 1503 longo,
254 1457 319 1492 sed
348 1460 466 1499 arcto,
494 1456 541 1491 ab
568 1456 720 1491 Oriente
753 1466 792 1491 se
821 1466 883 1491 ex-

103 1505 264 1541 tendeus
285 1503 322 1539 in
343 1503 597 1546 Occidentem,
613 1503 658 1538 ,in
682 1503 788 1548 cujus
810 1502 887 1538 fine

102 1550 278 1589 orientali
304 1550 372 1586 suh
392 1560 482 1596 rupe
503 1550 682 1595 quadam,
700 1560 782 1594 qua:
805 1553 886 1586 erat

102 1600 140 1635 in
168 1598 331 1645 quodam
363 1596 588 1641 diversorio,
625 1597 743 1633 illuxit
775 1597 886 1633 nobis

102 1647 166 1685 Sol
181 1646 355 1691 Justitiae,
382 1645 547 1681 Christus
567 1647 661 1680 Deus
680 1647 828 1688 nostem·
849 1648 885 1680 et

106 1696 237 1730 eontra
265 1691 521 1736 Occidentem,
549 1692 597 1728 ad
630 1695 793 1737 quatuor
828 1692 886 1727 vel

105 1740 272 1788 quinque
298 1740 414 1786 pedes
435 1742 517 1775 erat
542 1750 712 1786 praesepe
734 1739 886 1785 jumen-

104 1793 244 1832 torum,
265 1787 306 1823 in
339 1797 412 1833 quo
434 1786 555 1823 dulcis
584 1788 682 1823 Puer
714 1786 777 1822 ille
812 1787 890 1823 sue-

107 1839 166 1873 rat
202 1834 420 1872 reclinatus.
453 1835 494 1870 In
546 1834 617 1870 hae
649 1833 799 1870 civitate
833 1837 891 1870 est

107 1886 238 1920 sancta
268 1885 305 1919 et
331 1880 558 1918 venerabilis
590 1892 634 1918 ac
666 1882 772 1917 mirae
808 1882 891 1928 pul-

106 1929 332 1968 chritudinis
350 1933 463 1976 atque
485 1929 694 1965 devotionis
728 1929 895 1965 Ecclesia

109 1977 337 2015 cathedralis
377 1980 598 2013 consecrata
632 1976 668 2012 in
705 1977 892 2012 honorem

110 2027 234 2062 Beatae
263 2023 429 2067 Virginis
464 2024 604 2067 Mariae,
627 2034 740 2069 quam
771 2024 891 2059 sediti-

111 2072 188 2109 cari
209 2071 297 2108 secit
317 2073 434 2108 Beata
469 2071 626 2115 Helena,
650 2074 772 2107 mater
799 2072 894 2108 Con-

109 2118 267 2157 stantini
306 2118 549 2165 Imperatoris
567 2147 576 2162 ,
620 2118 659 2154 in
710 2129 784 2164 qua
839 2122 896 2155 est

111 2166 270 2214 scripta3
293 2171 329 2203 et
356 2167 394 2202 in
419 2166 485 2203 illa
508 2165 808 2219 pulcherrimum
840 2165 894 2201 al-

111 2219 193 2251 tare
214 2224 486 2258 marmoreum,
506 2225 545 2249 in
572 2214 654 2249 loco
688 2213 751 2249 ubi
779 2213 894 2258 Virgo

113 2261 231 2298 Maria
254 2261 415 2308 peperit,
437 2265 474 2297 et
496 2262 666 2298 Christus
693 2260 797 2296 nasci
832 2271 893 2296 vo-

113 2309 193 2346 luit.
224 2310 287 2344 Est
317 2310 432 2345 etiam
461 2308 501 2344 in
531 2308 613 2355 ipsa
638 2309 803 2344 Ecclesia
834 2318 894 2344 ca-

112 2356 212 2403 pella
238 2356 493 2402 pulcherrima
516 2360 553 2392 et
581 2356 731 2399 devota,
756 2355 795 2390 in
822 2366 896 2401 qua

113 2407 195 2440 erat
229 2402 323 2439 illud
354 2402 582 2450 praesepium
616 2402 834 2439 venerabile
861 2406 897 2439 et

113 2450 298 2487 divinum.
334 2452 374 2486 In
406 2450 539 2487 eadem
565 2450 731 2486 Ecclesia
759 2453 816 2486 est
843 2461 898 2486 se-

113 2498 286 2545 pulcrum
322 2499 523 2533 Beatornm
558 2499 835 2541 Innocentium,
862 2500 898 2533 et

115 2546 329 2592 sepulcrum
351 2545 453 2581 Beati
471 2544 684 2591 Hieronymi
697 2557 705 2588 ;
719 2545 767 2582 ibi
784 2547 899 2581 Beata

116 2593 233 2629 Paula
259 2597 295 2629 et
323 2593 524 2629 Eustochia
551 2592 805 2639 requiescunt.
831 2592 899 2629 lbi-

115 2650 188 2686 que
215 2644 273 2677 est
293 2639 470 2684 cisterna,
495 2640 534 2676 in
561 2651 672 2686 qnam
695 2640 804 2677 stella
827 2640 898 2676 dux

114 2689 307 2734 Magorum
364 2687 501 2724 dicitur
557 2687 750 2724 cecidisse.
798 2689 901 2724 Ilanc

115 2739 284 2772 sanctam
314 2739 350 2772 et
386 2737 460 2771 Deo
496 2735 671 2771 dilectam
696 2735 900 2779 civitatem,

116 2783 253 2820 Beatus
303 2782 554 2830 Hieronymus
606 2782 817 2831 praeelegit,
859 2786 900 2820 ut

949 226 1089 262 ibidem
1141 227 1299 263 Domino
1355 228 1575 265 deserviret.
1614 231 1728 266 Beata

950 273 1064 309 etiam
1090 274 1205 309 Paula
1232 279 1268 310 et
1292 276 1491 312 Eustochia
1519 276 1596 313 tilia
1634 278 1729 323 eJus,

950 330 1033 355 cum
1056 320 1182 355 multis
1207 321 1291 356 aliis
1315 322 1521 367 virginibus
1543 324 1578 359 in
1604 335 1733 360 mona-

952 366 1066 402 sterio
1087 368 1430 405 sanctimonialium
1466 371 1529 406 Dei
1564 371 1732 415 servitio,

953 417 990 450 ct
1010 413 1146 449 divinae
1162 416 1468 461 contemplationi
1492 418 1734 454 devotissime

957 465 1147 504 vacantes,
1172 472 1329 505 regnum
1362 464 1491 498 mundi
1518 469 1551 499 et
1581 476 1732 502 omnem

956 509 1037 554 ejus
1068 512 1243 544 ornatum
1278 513 1433 554 propter
1460 522 1628 547 amorem
1662 515 1733 549 Uo-

957 555 1049 591 mini
1070 555 1188 591 nostri
1217 557 1307 592 Jesu
1335 557 1487 600 Christi,
1516 563 1551 593 et
1574 559 1642 595 loci
1671 560 1734 597 de—

953 603 1146 639 votionem
1170 606 1491 649 contempserunt.

1004 654 1046 685 25
1081 650 1270 685 ClvlTAThzs
1294 663 1317 686 A
1335 652 1490 686 CunlsTo
1513 663 1735 688 srsssjleth-:lt

956 709 1107 733 ELECTAE.
1136 718 1180 723 —
1202 697 1305 733 Multi
1334 708 1485 744 quoque
1514 710 1556 734 ex
1587 700 1644 735 liis
1675 701 1736 745 qui

954 745 1142 781 desiderio
1172 745 1466 781 Terrae-Sanctae
1493 746 1539 781 de
1570 750 1670 782 terra
1702 752 1737 782 et

954 792 1000 828 de
1045 793 1272 837 cognatione
1308 803 1389 836 sua,
1415 796 1451 828 et
1490 793 1535 829 de
1564 793 1738 830 domibus

955 842 1104 886 patrum
1131 850 1287 875 suorum
1311 839 1496 885 exierunt,
1519 840 1601 876 licet
1629 842 1737 877 turba

958 890 995 923 et
1015 887 1198 922 tumultus
1218 886 1413 923 hominum
1436 888 1656 933 plerumque
1679 899 1736 925 re-

959 933 1737 980 ligionisintimpedimentum,maluerunt

960 986 1086 1017 tamen
1101 981 1199 1017 inter
1216 982 1347 1017 turbas
1364 982 1586 1028 populorum
1605 994 1738 1029 corpo-

960 1028 1090 1064 raliter
1110 1029 1295 1073 habitare,
1320 1039 1431 1074 quam
1452 1034 1668 1066 sanctarum
1691 1031 1739 1066 ci-

958 1076 1129 1119 vitatum,
1175 1086 1269 1121 quas
1312 1076 1481 1112 Christus
1527 1077 1742 1123 specialiter

960 1123 1086 1168 elegit,
1109 1123 1251 1159 scilicet
1270 1124 1494 1167 Jerusalem,
1519 1125 1738 1161 Bethlehem

960 1175 995 1206 et
1012 1172 1210 1214 Nazareth,
1228 1181 1311 1216 quae
1330 1175 1520 1217 tamquam
1538 1172 1640 1208 cellae
1659 1183 1740 1208 aro-

960 1219 1105 1254 mancae
1134 1217 1338 1254 Salvatoris
1364 1219 1652 1256 conversatione
1679 1230 1738 1256 re·

959 1265 1102 1309 dolent,
1134 1265 1369 1301 habitatione
1405 1266 1557 1311 privari.
1590 1268 1629 1302 ln
1665 1268 1736 1303 Na-

959 1313 1088 1348 zareth
1127 1314 1226 1348 enim
1261 1312 1307 1348 de
1348 1313 1488 1359 Spiritu
1526 1314 1735 1358 Sancto,in

959 1361 1076 1396 Maria
1097 1360 1250 1405 Virgine
1288 1360 1358 1395 suit
1395 1362 1577 1396 Dominus
1605 1372 1736 1397 conce-

959 1411 1063 1453 ptus;
1089 1408 1126 1442 in
1155 1407 1374 1443 Bethlehem
1405 1412 1541 1451 natus;
1564 1408 1602 1443 in
1627 1410 1736 1444 ‚leru-

958 1455 1076 1490 salem
1113 1464 1180 1500 pro
1215 1454 1335 1490 salute
1364 1458 1495 1490 nostra
1527 1455 1737 1499 crucifixus,

960 1504 1143 1545 mortuus,
1169 1504 1206 1537 et
1238 1502 1418 1547 sepultus.
1442 1503 1481 1537 In
1519 1503 1737 1538 Bethlehem

958 1559 1048 1595 ergo
1088 1548 1276 1584 secundus
1295 1549 1413 1584 Adam
1444 1552 1501 1584 est
1528 1553 1663 1590 natus;
1693 1550 1738 1585 de

959 1606 1047 1642 qua,
1075 1595 1123 1631 ad
1158 1599 1302 1641 septem
1339 1595 1515 1632 milliaria
1550 1597 1607 1632 vel
1642 1597 1739 1633 circa

958 1647 1091 1679 contra
1113 1644 1306 1688 Austrum,
1328 1646 1385 1679 est
1416 1644 1567 1680 Hebron
1595 1643 1738 1691 civitas,

959 1691 1022 1727 ubi
1053 1690 1092 1726 in
1123 1701 1214 1736 agro
1243 1691 1475 1727 Damascene
1503 1690 1572 1727 suit
1596 1691 1740 1737 primus

960 1738 1079 1774 Adam
1118 1738 1165 1773 de
1200 1738 1316 1774 rubra
1336 1742 1438 1774 terra
1465 1739 1672 1781 formatus3
1694 1739 1740 1775 de

963 1796 1035 1831 quo
1065 1796 1171 1831 agro,
1193 1785 1239 1820 ad
1259 1786 1401 1832 Jactum
1428 1796 1551 1829 arcus,
1577 1790 1631 1822 est
1661 1797 1743 1833 spe-

962 1833 1074 1869 lunca
1107 1832 1256 1878 duplex,
1294 1833 1358 1869 ubi
1393 1832 1473 1879 ipse
1499 1833 1618 1869 Adam
1657 1844 1742 1870 cum

964 1881 1122 1926 conjuge
1138 1890 1206 1916 sua
1225 1883 1282 1916 est
1302 1881 1475 1917 conditus
1496 1884 1532 1916 et
1552 1881 1741 1927 sepultus·,

964 1932 1116 1973 tresque
1163 1927 1291 1973 magni
1322 1927 1574 1972 Patriarehae,
1603 1928 1742 1964 scilicet

965 1976 1170 2018 Abraham,
1194 1976 1310 2021 Isaac,
1333 1979 1370 2011 et
1395 1976 1527 2019 Jacob,
1549 1986 1633 2011 cum
1654 1986 1742 2012 con-

961 2022 1117 2069 jugibus
1139 2023 1231 2058 suis.

1015 2074 1057 2113 24
1085 2071 1228 2105 Fmonffi
1263 2080 1486 2105 mrivimns
1519 2070 1677 2106 Cmnsri.
1701 2091 1745 2095 —

966 2117 1135 2154 Christus
1169 2116 1296 2162 itaque
1327 2120 1438 2152 natus
1473 2120 1542 2160 est,
1568 2121 1605 2153 ut
1633 2117 1747 2164 capti-

968 2175 1052 2200 vum
1074 2165 1267 2200 hominem
1289 2163 1479 2200 liberaret.
1502 2166 1546 2200 Et
1566 2165 1636 2200 hoc
1655 2175 1747 2211 prae-

967 2213 1172 2258 figuratum
1187 2211 1256 2247 suit
1273 2210 1313 2246 in
1328 2211 1507 2257 plncerna
1523 2212 1745 2256 Pharaonis,

967 2259 1024 2296 cui
1060 2259 1099 2294 in
1131 2269 1282 2295 carcere
1316 2259 1529 2303 videbatur,
1553 2259 1653 2305 quod
1683 2270 1744 2295 co-

968 2317 1049 2343 ram
1070 2317 1110 2342 se
1131 2306 1216 2343 vitis
1243 2306 1290 2342 de
1325 2310 1428 2342 terra
1456 2308 1662 2351 crescebat,
1679 2308 1745 2343 ha-

968 2356 1064 2391 bens
1087 2357 1163 2390 tres
1183 2353 1412 2400 propagines
1427 2364 1493 2390 seu
1512 2365 1745 2401 ramos‚qua:

969 2402 1081 2448 coepit
1103 2402 1239 2437 florere
1254 2405 1290 2437 et
1308 2412 1398 2437 uvas
1414 2401 1636 2448 producere,
1655 2412 1747 2448 quas

969 2449 1007 2485 in
1025 2448 1180 2485 cchem
1204 2448 1411 2485 Pharaonis
1429 2449 1656 2495 exprimens,
1679 2459 1746 2495 po-

969 2500 1048 2533 tum
1070 2497 1259 2532 Pharaoni
1286 2496 1491 2539 offerebat3
1515 2496 1592 2542 qui,
1617 2507 1747 2531 secun-

969 2545 1059 2581 dum
1099 2543 1235 2580 somnii
1268 2543 1637 2590 interpretationem,
1663 2547 1745 2588 post

970 2596 1046 2628 tres
1066 2591 1146 2628 dies
1164 2591 1345 2628 liberatus
1364 2595 1433 2627 est.
1452 2592 1510 2627 Sic
1527 2601 1608 2626 cum
1628 2601 1748 2635 genus

970 2640 1180 2676 humanum
1199 2638 1451 2675 miserabilem
1470 2637 1749 2673 sustineretca-

970 2687 1194 2734 puritatem,
1222 2686 1321 2730 vitis,
1346 2686 1383 2721 id
1408 2689 1463 2721 est
1491 2684 1675 2727 Christus,
1703 2684 1748 2721 de

971 2739 1073 2771 terra
1092 2734 1186 2778 sola,
1201 2733 1341 2770 scilicet
1355 2732 1471 2768 Maria
1493 2732 1747 2776 excrescebat,

972 2781 1037 2830 qui
1056 2785 1132 2819 tres
1152 2780 1393 2829 propagines,
1418 2778 1560 2816 scilicet
1578 2789 1747 2824 carnem,
