1876 3126
371 151 423 185 DE
459 149 714 184 CURATIONE
754 148 1024 189 DAEMONIACI,
1063 149 1116 183 ET
1153 146 1294 182 SOCRU
1334 145 1484 179 PETRI.
1701 145 1762 179 357

117 219 341 257 conculcare
368 222 568 255 tumorem.
604 232 622 250 »
656 219 700 253 Et
725 217 862 254 iterum
893 230 901 253 :

118 281 140 301 «
162 268 323 314 Propter
350 268 421 302 lioe
452 275 656 310 numquam
684 265 839 301 intravit
866 265 903 301 in

116 314 272 351 domum
305 313 525 360 praeclaram
556 311 741 353 Christus,
772 312 837 347 sed
865 313 900 347 in

115 361 272 398 domum
293 359 498 407 publicani,
518 363 554 395 et
576 359 759 405 principis
780 359 902 405 publi-

115 418 312 452 canorum,
343 411 381 443 et
413 405 621 452 piscatoris,
663 406 804 452 palatia
844 406 901 441 di-

116 455 288 499 mittens,
325 457 361 490 et
396 464 461 490 eos
488 453 550 500 qui
583 453 710 489 mollia
740 454 903 490 induunt

116 502 354 539 vestimenta.
385 501 422 538 Si
452 501 580 547 itaque
609 512 693 537 eum
722 501 776 536 vis
800 506 837 536 et
864 505 902 537 tu

115 559 264 588 vocare.
289 559 383 585 orna
403 549 555 584 domum
577 551 679 584 tuam
702 549 903 594 eleemosy-

115 597 190 640 nis,
212 596 462 640 orationibus,
481 595 831 642 supplicationibus,
852 595 903 630 vi-

115 643 230 691 giliis.
248 644 380 679 Nullus
401 643 527 689 itaque
548 643 822 679 verecundetur
839 643 901 679 do-

115 702 220 728 mum
243 691 353 727 vilem
376 691 535 734 habens,
558 690 589 726 si
619 691 699 726 haec
727 689 903 726 habuerit

115 738 328 785 opertoria;
352 738 475 774 nullus
502 738 606 774 dives
635 748 814 783 magnum
842 748 900 773 sa-

114 786 210 834 piat,
232 786 386 821 domum
417 786 561 821 liabens
587 785 806 831 pretiosam,
835 785 901 821 sed

114 833 394 870 verecundetur
414 833 549 879 magis,
571 837 607 868 et
626 833 723 869 lianc
745 833 900 875 zeletur,

113 879 220 918 illam
244 880 452 925 dimittens,
481 885 521 916 ut
555 883 592 916 et
625 880 684 915 hic
713 881 901 917 Christum

117 927 312 974 suscipiat.
336 932 373 963 et
389 927 465 963 illic
488 927 640 964 aeternis
661 927 829 973 potiatur
850 931 902 962 ta-

115 975 334 1012 bernaculis
357 987 364 1010 :
391 990 408 1007 »
426 975 505 1010 haec
525 976 814 1019 Chrysas-tomus.
836 974 901 1009 Hie

117 1023 272 1068 quidam
313 1022 456 1065 dicunt,
501 1023 601 1067 quod
642 1022 726 1058 licet
766 1023 902 1057 Petrus

115 1069 232 1106 fuerit
258 1070 304 1105 (le
341 1069 556 1105 Bethsaida.
598 1073 723 1106 tamen
755 1068 902 1105 ratione

115 1116 244 1154 uxoris
279 1117 444 1152 habebat
479 1117 632 1153 domum
666 1116 703 1152 in
735 1117 900 1162 Caphar-

115 1174 247 1201 naum.
281 1163 352 1200 Sed
379 1168 513 1200 contra
536 1164 607 1200 hoe
633 1163 780 1199 videtur
800 1163 902 1209 quod

116 1212 266 1248 Marcus
287 1211 379 1247 dicit
401 1223 409 1246 :
435 1214 542 1248 Venit
561 1214 600 1247 in
620 1212 766 1247 domum
786 1212 903 1247 Simo-

116 1261 176 1296 nis
203 1262 236 1295 et
260 1259 435 1295 Andreae.
465 1259 551 1295 Ideo
585 1258 800 1302 dicendum,
842 1269 901 1294 se-

115 1306 283 1343 cundum
302 1308 543 1351 Stephanum,
563 1308 663 1352 quod
686 1306 820 1342 domus
836 1307 903 1341 Pe-

114 1353 165 1390 tri
197 1364 275 1390 non
311 1353 448 1390 dicitur
483 1353 713 1400 possessive3
751 1353 816 1389 sed
855 1353 902 1389 ad

118 1411 233 1447 quam
255 1401 445 1437 declinare
466 1401 661 1437 consuevit
681 1412 792 1436 causa
813 1411 901 1436 ven-

120 1447 235 1486 dendi
256 1448 392 1494 pisces,
417 1452 454 1484 et
474 1449 546 1484 hac
569 1448 683 1485 etiam
705 1447 902 1484 familiari-

116 1498 196 1532 tate
216 1506 370 1532 uxorem
391 1495 493 1532 duxit
512 1496 558 1532 de
577 1496 689 1532 domo
711 1495 794 1539 illa;
819 1506 902 1541 quae

119 1543 232 1580 etiam
255 1543 393 1579 dicitur
407 1544 541 1579 domus
557 1544 732 1587 Andoeae,
748 1546 904 1589 propter

115 1589 483 1637 inseparabilitatem
504 1591 656 1627 illorum
678 1590 716 1626 in
743 1590 903 1637 piscium

118 1638 391 1685 negotiatione.

166 1689 187 1721 6
216 1686 363 1722 Smoms
404 1697 535 1722 soenes
571 1696 709 1721 SANATA
748 1685 903 1721 CnmsTo

115 1744 319 1770 nmmum.
334 1753 377 1758 —
391 1734 523 1770 Socrus
543 1738 663 1768 autem
680 1734 853 1774 Simoni3‚
866 1732 903 1767 id

118 1783 176 1816 est
189 1784 311 1816 mater
319 1780 444 1816 uxoris
454 1781 548 1826 eJ'us,
560 1781 748 1816 tenebatur
760 1782 905 1823 magnis

115 1828 302 1872 febribus;
320 1832 352 1862 et
367 1828 545 1874 discipuli
561 1831 781 1872 royacerwzt
799 1829 905 1862 illum

115 1886 184 1922 pro
223 1886 263 1910 ea
312 1874 562 1914 febricitante.
604 1879 645 1911 ut
689 1879 902 1911 sanaretur.

116 1923 229 1960 Stans
247 1925 373 1958 autem
394 1922 577 1958 Dominus
592 1933 702 1968 super
720 1924 825 1957 illam
842 1924 907 1957 im-

113 1972 263 2016 peravit
289 1970 400 2014 febri,
425 1973 464 2005 ut
485 1974 645 2005 cessaret
666 1969 723 2005 vel
749 1969 903 2005 recede-

118 2020 197 2062 ret;
237 2020 285 2061 et,
325 2018 553 2063 apprehensa
589 2028 714 2061 manu,
751 2018 907 2052 elevavit

119 2075 213 2109 eam,
249 2075 332 2110 quae
362 2064 489 2100 statim
522 2067 558 2100 et
589 2064 714 2100 subito
748 2064 907 2100 liberata

120 2115 202 2156 est;
228 2116 261 2148 et
285 2114 455 2148 continuo
485 2122 638 2155 surgens
668 2111 908 2147 ministrabat

119 2161 213 2203 illis,
256 2158 418 2196 Domino
457 2158 598 2195 scilicet
641 2162 677 2194 et
715 2157 909 2204 discipulis

122 2207 224 2252 suis3
247 2206 346 2242 vires
361 2217 455 2252 quas
471 2206 628 2253 accepit,
647 2206 751 2252 quasi
768 2205 910 2253 gratias

119 2254 284 2301 agendo,
313 2253 351 2289 in
383 2253 606 2300 obsequium
643 2253 700 2289 sui
731 2264 911 2289 exercens

125 2301 348 2345 Salvatoris‚
376 2312 451 2337 non
485 2305 719 2342 remanente,
746 2305 785 2337 ut
817 2300 913 2337 solet

122 2348 300 2386 molestia
326 2348 578 2394 aegritudinis,
607 2348 707 2394 quod
734 2359 810 2384 non
841 2347 910 2383 nisi

122 2396 402 2434 divinavirtute
415 2395 798 2442 potuitfieri.Natura
810 2395 914 2432 enim

122 2455 202 2481 non
223 2448 404 2490 operatur
421 2443 460 2479 in
482 2443 658 2486 instanti;
679 2448 715 2479 et
738 2443 821 2479 ideo
843 2444 914 2479 hoc

122 2492 320 2539 proprium
339 2494 396 2527 est
419 2490 553 2526 medici
576 2491 752 2531 coelestis.
774 2491 839 2526 sed
861 2501 917 2526 se-

125 2549 192 2576 cus
212 2542 269 2575 est
286 2538 325 2574 in
348 2538 445 2582 aliis,
470 2538 556 2574 licet
573 2538 672 2574 enim
693 2538 828 2574 virtute
851 2549 916 2574 na-

125 2589 223 2623 turae
250 2585 370 2632 possit
394 2586 508 2621 homo
536 2596 558 2622 a
583 2586 751 2622 febribus
777 2585 917 2630 curari,

128 2644 208 2670 non
235 2636 363 2669 tamen
392 2633 429 2669 in
455 2633 623 2676 instanti,
651 2644 695 2669 ac
722 2633 772 2669 ita
795 2633 918 2670 subito

128 2684 166 2718 et
188 2681 368 2727 perfecte,
392 2681 492 2726 quod
514 2680 632 2734 possit
656 2680 782 2717 statim
804 2691 922 2728 opera

128 2732 313 2766 consueta
337 2729 472 2771 facere,
496 2732 592 2764 sicut
616 2728 676 2764 hic
704 2728 839 2765 dicitur
867 2729 920 2765 fa-

129 2779 233 2814 ctum
254 2786 358 2821 esse;
378 2787 424 2812 ex
443 2787 516 2822 quo
538 2776 749 2813 ostenditur
767 2776 839 2813 ista
856 2788 922 2813 cu-

980 217 1075 254 ratio
1098 216 1334 258 miraculosa,
1356 219 1393 251 et
1419 215 1465 251 ad
1490 214 1761 261 discipulorum

980 265 1306 301 confirmationem
1329 263 1364 298 in
1388 263 1474 299 lide.
1502 263 1607 298 Unde
1628 263 1726 298 Beda
1751 273 1759 297 :

982 312 1198 348 «Naturale
1232 316 1287 346 est
1321 310 1633 352 febricitantibus,
1665 308 1760 344 iuci-

980 359 1105 404 piente
1123 359 1298 401 sanitate,
1316 358 1516 400 lacescere,
1539 361 1574 392 et
1596 360 1761 401 augi-ota-

980 406 1094 441 tionis
1110 406 1249 441 sentire
1267 404 1497 447 molestiam;
1516 415 1642 440 verum
1660 403 1761 439 saui-

979 456 1050 496 tas,
1073 464 1155 498 quae
1171 452 1316 488 Domini
1341 452 1499 488 insertur
1520 451 1691 497 imperio,
1711 450 1761 486 si-

980 500 1054 535 mul
1076 503 1155 535 tota
1175 500 1285 535 redit.
1307 501 1384 534 Non
1406 499 1524 534 solum
1546 498 1625 544 ipsa
1648 498 1760 542 redit,

979 547 1045 583 sed
1067 551 1102 582 et
1122 550 1225 582 tanto
1248 547 1383 581 robore
1405 545 1622 588 comitante,
1648 549 1685 581 ut
1707 544 1762 580 eis

979 593 1158 629 continuo
1190 593 1251 638 qui
1289 604 1328 628 se
1367 593 1606 638 adjuvarant,
1646 591 1760 627 mini-

979 645 1100 677 strare
1116 640 1291 677 sufficiat.
1304 640 1462 685 Etjuxta
1478 640 1578 686 leges
1597 639 1763 684 tropolo-

979 688 1065 734 giae,
1084 689 1255 724 membra
1273 698 1355 732 quae
1375 687 1582 722 servierant
1603 697 1762 722 immun·

979 736 1081 772 ditiae
1099 736 1146 772 ad
1163 734 1412 780 iniquitatem,
1434 737 1473 769 ut
1491 733 1763 769 fructificarent

980 783 1106 828 morti,
1122 782 1287 818 serviant
1301 780 1458 826 justitiae
1472 780 1509 816 iu
1526 780 1637 816 vitain
1656 784 1764 815 aeter-

980 841 1080 867 nam.
1107 845 1125 863 »
1162 830 1267 866 Unde
1292 833 1329 864 et
1355 829 1514 872 cyrillus
1543 840 1552 862 :
1583 843 1600 858 «
1629 829 1671 862 Et
1695 837 1764 863 nos

980 877 1231 924 suscipiamus
1250 878 1394 919 Jesum,
1416 885 1499 911 cum
1521 873 1620 910 enini
1643 873 1764 910 visita-

979 926 1073 961 verit
1115 935 1196 968 nos,
1233 927 1270 960 et
1306 921 1562 969 potaverimus
1601 932 1686 957 eum
1725 920 1763 956 in

981 976 1105 1009 mente
1132 975 1169 1007 et
1195 971 1322 1012 corde,
1352 974 1440 1006 tune
1465 968 1677 1005 enormium
1698 979 1764 1004 vo·

980 1021 1164 1066 luptatum
1189 1023 1321 1055 aestum
1350 1016 1575 1062 exstinguet,
1600 1020 1637 1052 et
1661 1015 1763 1051 inco-

979 1068 1099 1103 lumes
1121 1066 1243 1110 faciet,
1270 1069 1312 1101 ut
1336 1064 1594 1100 ministremus
1617 1063 1665 1107 ei,
1692 1063 1764 1099 hoe

979 1118 1035 1151 est
1053 1115 1132 1160 ejus
1154 1113 1391 1159 beni-placita
1408 1121 1647 1158 peragamus.
1670 1124 1689 1142 »

1029 1178 1047 1209 7
1072 1164 1188 1198 HUJUS
1212 1171 1423 1196 smmioms
1450 1170 1492 1194 ετ
1517 1168 1763 1194 MtleTRATlo·

979 1221 1035 1245 ms
1072 1221 1108 1245 m
1143 1220 1253 1244 sessu
1284 1218 1415 1243 uoniam
1443 1217 1691 1241 SlGNtFICATlO.
1717 1224 1766 1230 -—

980 1256 1172 1293 Moraliter
1193 1260 1317 1292 autem
1340 1265 1406 1300 per
1430 1254 1500 1289 hoc
1521 1254 1633 1289 datur
1653 1250 1765 1287 intel·

979 1304 1058 1349 ligi,
1078 1303 1178 1350 quod
1200 1307 1289 1339 ante
1308 1301 1539 1338 curationem
1555 1311 1576 1336 a
1593 1302 1764 1346 peccato,

981 1363 1057 1388 non
1081 1355 1137 1388 est
1162 1354 1312 1397 gratum
1336 1348 1528 1385 servitium
1551 1347 1765 1393 impensum

980 1401 1077 1442 Deo;
1098 1399 1162 1434 sed
1176 1399 1376 1444 poenitens,
1390 1406 1502 1442 quam
1522 1395 1594 1430 cito
1613 1397 1766 1430 curatus

981 1451 1037 1483 est
1058 1457 1080 1483 a
1100 1446 1203 1482 febre
1225 1444 1384 1491 peccati,
1402 1449 1477 1479 tam
1499 1442 1571 1478 cito
1592 1442 1704 1477 debet
1724 1451 1766 1477 se

981 1504 1180 1540 occupare,
1203 1497 1240 1529 et
1262 1492 1429 1528 totaliter
1451 1488 1656 1535 mancipari
1683 1498 1766 1540 ser-

981 1542 1070 1577 vitio
1099 1540 1178 1584 Dei,
1205 1540 1413 1576 secundum
1442 1537 1534 1574 illud
1560 1535 1731 1583 Apostoli
1754 1548 1764 1571 :

981 1591 1084 1626 Sicut
1112 1589 1334 1624 eaehibuz‘stz's
1360 1586 1520 1621 membra
1547 1588 1667 1620 vestra
1690 1594 1766 1618 ser-

981 1639 1058 1671 vire
1077 1636 1334 1675 immunditiae,
1356 1637 1389 1669 et
1409 1634 1604 1678 iniquitati
1624 1631 1673 1666 ad
1693 1631 1767 1665 ini-

982 1685 1179 1730 quitatem3
1202 1685 1256 1718 ita
1286 1693 1380 1717 nunc
1413 1680 1577 1716 emhibete
1606 1678 1768 1714 membra

981 1735 1102 1766 vestra
1128 1732 1264 1765 servire
1283 1730 1442 1774 justitiae
1467 1729 1506 1763 in
1527 1726 1768 1777 sanctificati-

982 1790 1096 1815 onem.
1120 1778 1156 1814 Si
1178 1788 1268 1823 ergo
1293 1776 1421 1812 anima
1441 1778 1508 1811 tua
1527 1774 1630 1810 febre
1656 1772 1767 1825 vitio-

982 1837 1066 1863 rum
1087 1829 1144 1862 est
1163 1829 1286 1871 capta,
1306 1825 1460 1860 Sanctos
1480 1822 1518 1858 in
1536 1822 1769 1872 adjutorium

982 1877 1089 1910 tuum
1107 1873 1252 1914 invoca,
1275 1875 1315 1908 ut
1335 1881 1469 1908 eorum
1490 1874 1625 1915 rogatu
1645 1871 1770 1913 gratia

983 1921 1049 1958 Dei
1077 1924 1181 1956 curet
1205 1924 1256 1962 te,
1286 1918 1386 1965 quod
1414 1916 1536 1964 possis
1557 1915 1591 1952 ei
1617 1919 1652 1951 et
1675 1916 1770 1951 San-

985 1969 1052 2004 ctis
1071 1967 1149 2004 suis
1168 1970 1315 2012 gratam
1341 1965 1558 2001 servitutem
1577 1961 1769 1999 exhibere.

986 2018 1026 2052 ln
1049 2016 1119 2051 hoc
1140 2014 1254 2050 etiam
1290 2013 1390 2058 quod
1414 2010 1586 2057 discipuli
1613 2019 1771 2055 rogave·

985 2067 1073 2099 runt
1094 2073 1162 2108 pro
1187 2061 1264 2105 itta,
1290 2061 1401 2096 datur
1428 2059 1538 2095 nobis
1559 2056 1776 2103 exemplum

987 2109 1121 2147 orandi
1161 2120 1228 2155 pro
1270 2106 1431 2143 infirmis
1471 2110 1508 2142 et
1549 2104 1775 2141 necessitate

987 2158 1122 2194 aliena.
1146 2178 1192 2183 -—
1213 2155 1380 2202 Mystice,
1400 2153 1604 2190 secundum
1622 2152 1773 2192 Beatam,

987 2206 1122 2242 domus
1142 2203 1242 2240 Petri
1263 2206 1319 2239 est
1335 2201 1502 2238 Ecclesia
1516 2200 1562 2237 de
1578 2197 1775 2236 circumci-

989 2253 1096 2289 sione
1115 2252 1196 2298 ejus
1219 2249 1448 2297 apostolatui
1471 2247 1692 2290 commissa;
1715 2256 1778 2282 so-

990 2311 1077 2337 crus
1091 2303 1148 2336 est
1163 2309 1366 2345 synagoga,
1390 2307 1475 2343 quae
1495 2293 1777 2342 quodammodo

991 2351 1114 2384 mater
1139 2351 1197 2383 est
1224 2345 1397 2382 Ecclesiae
1427 2345 1538 2381 Petro
1566 2341 1778 2378 commissae

992 2396 1031 2432 in
1051 2405 1141 2431 cura
1160 2399 1196 2430 et
1214 2393 1397 2430 custodia.
1416 2394 1502 2428 Haee
1519 2399 1712 2436 synag··ga
1729 2388 1781 2424 fe-

995 2442 1160 2486 bricitat,
1177 2442 1266 2487 quia
1281 2439 1432 2476 invidiae
1450 2438 1604 2475 aestibus
1617 2436 1780 2479 laborat,

996 2500 1229 2537 persequens
1250 2487 1474 2529 Ecclesiam;
1498 2485 1604 2530 qu'us
1627 2492 1781 2536 manum

996 2537 1178 2575 Dominus
1195 2536 1329 2582 tangit,
1346 2534 1496 2581 quando
1514 2531 1682 2568 earnalia
1698 2539 1783 2576 ejus

997 2596 1113 2632 opera
1145 2584 1184 2620 in
1213 2582 1446 2630 spiritualem
1480 2579 1719 2630 intellectum
1746 2580 1785 2629 et

999 2643 1107 2670 usum
1136 2630 1336 2674 convertit,
1365 2634 1401 2665 et
1434 2628 1487 2664 sic
1516 2630 1642 2663 erecta
1673 2635 1784 2660 mini-

1000 2685 1093 2717 strat
1112 2680 1149 2715 in
1163 2678 1311 2725 spiritu.
1322 2698 1367 2703 ——
1381 2675 1572 2712 litoraliter
1586 2677 1711 2709 autem
1729 2682 1787 2708 so-

1001 2739 1088 2765 crus
1107 2726 1206 2763 Petri
1230 2724 1449 2762 febricitans
1466 2726 1523 2759 est
1545 2732 1632 2757 caro
1653 2730 1787 2756 coucu-

1002 2775 1174 2824 piscens;
1199 2784 1282 2810 cum
1303 2771 1404 2809 enim
1423 2772 1536 2807 homo
1556 2768 1681 2805 calore
1703 2777 1790 2803 eon—
