1897 3167
528 158 774 192 Ptiotffltttfit
816 158 854 190 {N
894 158 1030 191 Vtut!
1069 158 1171 190 ltisu
1211 156 1404 189 ClllllSTl.

141 230 225 265 vitae
245 229 375 275 ipsius,
402 227 600 264 adducitur
627 226 756 263 anima
779 226 815 262 in
841 227 921 271 ejtis

140 286 323 321 amorem,
345 286 388 311 ac
415 273 681 311 confidentiam
702 278 739 310 et
759 273 921 309 familia-

141 323 290 359 ritatem
325 333 333 357 :
362 322 413 358 ita
437 321 537 367 quod
572 320 760 357 stabilitur
791 324 921 356 contra

141 380 236 406 vana
266 372 302 405 et
331 369 486 412 caduca,
510 372 550 404 ut
581 379 626 404 ea
655 367 863 413 vilipendat
886 372 922 403 et

138 419 372 460 contemnat;
388 419 426 451 ut
438 418 539 462 patet
554 415 592 450 in
610 415 791 461 pra-dicta
812 416 922 451 beata

139 462 300 507 Caecilia,
336 473 419 509 qua:
455 462 506 498 ita
540 473 605 498 cor
636 473 742 498 suum
777 462 823 497 de
846 461 921 497 vita

137 509 275 546 Christi
315 510 550 556 repleverat,
583 509 684 555 quod
723 509 760 544 in
800 509 920 554 ipsam

135 567 233 593 vana
259 556 404 593 intrare
429 568 504 593 non
536 560 724 603 poterant.
748 557 852 592 Unde
883 556 920 591 in

134 613 274 650 pompa
297 604 528 650 nuptiarum,
551 604 612 639 ubi
647 607 702 639 tot
736 614 832 639 vana
855 614 920 650 ge-

136 655 285 695 runtur,
301 651 478 695 existens,
493 650 733 687 cantantibus
752 651 919 696 organis,

135 697 218 744 ipsa
233 698 359 735 stabili
376 699 502 742 corde,
522 698 590 735 soli
611 698 768 734 Domino
787 699 923 734 decan-

136 745 393 791 tabat,dieens
411 757 419 781 ε
438 748 534 787 Fiat,
546 747 706 787 Domine,
726 757 785 781 cor
804 756 921 781 meum

135 794 423 834 immaculatum,
444 797 484 829 ut
501 804 572 828 non
590 793 808 836 confundor.
832 794 920 829 For-

133 838 300 876 tifieatur
325 851 474 887 quoque
495 844 627 876 contra
643 840 919 884 tribulationes,

135 889 172 923 et
209 887 383 932 adversa,
424 891 464 924 ut
498 898 543 923 ea
570 887 692 923 minus
726 887 857 924 timeat
884 892 921 924 et

135 934 290 978 sentiat3
314 939 353 970 ut
373 938 475 981 patet
494 934 533 970 in
551 935 792 981 martyribus.
817 935 920 971 Unde

133 983 372 1017 Bernartius:
397 997 415 1015 «
438 982 579 1018 Idcirco
615 981 781 1028 denique
816 983 920 1018 audit

134 1028 310 1066 columba
330 1040 413 1066 mea
437 1029 474 1065 in
508 1029 756 1065 foraminibus
787 1034 918 1076 petrae,

133 1076 234 1121 quod
253 1076 291 1112 in
311 1076 446 1112 Christi
468 1077 687 1112 vulneribus
708 1080 787 1112 tota
810 1077 920 1113 devo-

132 1122 236 1159 tione
262 1127 446 1166 versetur,
479 1127 515 1159 et
552 1123 632 1170 jugi
672 1124 919 1160 meditatione

134 1170 353 1206 demoretur
374 1170 410 1206 in
433 1170 519 1206 illis.
541 1172 631 1206 Inde
652 1171 807 1217 martyri
826 1172 919 1207 tole-

131 1217 274 1261 rantia;
296 1217 385 1254 inde
416 1217 468 1253 illi
495 1218 633 1254 fiducia
658 1229 793 1263 magna
819 1219 918 1264 apud

130 1264 484 1302 AltissimumJVult
502 1265 686 1309 benignus
707 1266 779 1301 dux
794 1265 919 1301 devoti

131 1311 263 1348 militis
289 1311 431 1348 vultum
458 1315 495 1347 et
519 1312 647 1347 oculos
675 1313 711 1347 in
738 1323 806 1348 sua
833 1323 919 1348 sus-

132 1358 214 1395 tolli
251 1359 409 1395 vulnera
437 1370 444 1394 :
475 1362 515 1395 ut
541 1358 639 1394 illius
666 1369 709 1394 ex
739 1360 811 1395 hoc
837 1359 919 1395 ani-

132 1416 236 1442 mum
270 1405 403 1451 erigat,
431 1409 467 1442 et
492 1406 661 1451 exemplo
697 1406 752 1442 sui
783 1407 920 1442 reddat

131 1453 179 1490 ad
205 1453 444 1499 tolerandum
477 1453 685 1488 fortiorem.
718 1453 918 1490 Enimvero

130 1511 207 1536 non
241 1500 379 1536 sentiet
406 1510 486 1543 sua,
511 1500 599 1535 dum
630 1500 730 1536 illius
761 1501 918 1537 vulnera

128 1547 350 1584 intuebitur.
383 1547 462 1583 Stat
485 1550 628 1592 martyr
648 1547 860 1593 tripudians
881 1552 917 1584 et

129 1594 381 1641 triumphans,
413 1598 490 1630 toto
523 1593 610 1630 licet
641 1594 806 1631 lacerato
833 1606 916 1631 cor-

127 1652 235 1688 pore,
269 1645 307 1678 et
329 1642 492 1677 rimante
531 1641 650 1677 latera
677 1642 776 1678 ferro
806 1654 814 1677 :
848 1653 917 1679 nec

129 1689 243 1725 modo
263 1688 424 1733 sortiter,
443 1689 510 1724 sed
537 1688 708 1725 hilariter
727 1700 876 1726 sacrum
896 1702 915 1727 e

130 1746 244 1773 carne
266 1746 334 1772 sua
356 1735 608 1782 circumspicit
628 1736 784 1773 ebullire
806 1748 915 1774 cruo-

128 1794 223 1819 rem.
247 1783 315 1820 Ubi
339 1794 429 1829 ergo
450 1787 538 1819 tunc
565 1783 692 1820 anima
713 1784 915 1831 martyris?

128 1831 269 1877 Nempe
284 1830 322 1866 in
337 1834 431 1875 tuto,
442 1841 578 1878 nempe
593 1831 630 1867 in
644 1832 768 1875 Petra,
780 1843 914 1879 nempe

126 1878 167 1914 in
192 1877 398 1915 visceribus
425 1880 529 1922 Jesu,
556 1879 775 1915 vulneribus
802 1880 913 1916 nimi-

128 1936 211 1962 rum
238 1925 453 1972 patentibus
483 1926 530 1962 ad
557 1925 837 1963 introeundum.
876 1928 913 1965 Si

127 1972 231 2009 enim
251 1972 291 2009 in
306 1974 383 2009 suis
395 1976 493 2009 esset
510 1972 913 2018 visceribus‚scrutans

126 2030 186 2065 ea,
201 2020 342 2056 ferrum
360 2020 528 2067 profecto
548 2021 718 2065 sentiret,
741 2022 911 2059 dolorem

128 2078 204 2104 non
231 2067 359 2112 ferret,
391 2068 652 2104 succumberet
680 2072 716 2104 et
741 2074 910 2116 negaret.

127 2116 231 2151 Nunc
256 2119 384 2151 autem
407 2115 445 2150 in
471 2116 583 2151 Petra
608 2115 798 2161 habitans,
822 2117 913 2163 quid

125 2161 263 2199 mirum
285 2162 315 2198 si
338 2162 377 2198 in
398 2162 550 2199 modum
577 2167 696 2209 petrae
715 2164 914 2201 duruerit?

128 2209 200 2247 Sed
223 2220 346 2256 neque
369 2209 505 2246 mirum
527 2209 557 2246 si
581 2211 664 2246 exul
691 2222 714 2247 a
737 2222 910 2258 corpore,

127 2257 279 2293 dolores
295 2268 370 2293 non
385 2257 523 2293 sentiat
540 2258 731 2304 corporis;
755 2270 824 2295 nec
842 2261 912 2296 hoc

127 2303 217 2357 saeit
250 2307 394 2350 stupor,
416 2305 482 2341 sed
511 2315 650 2341 amor:
679 2306 912 2343 submittitur

127 2361 228 2388 emm
245 2361 392 2395 sensus,
404 2362 477 2388 non
495 2352 698 2396 amittitur3
719 2364 788 2389 nec
805 2354 911 2391 deest

126 2398 250 2442 dolor,
260 2398 325 2434 sed
343 2399 609 2436 contemnitur.
627 2401 724 2446 Ergo
741 2412 783 2437 ex
800 2402 911 2438 Petra

126 2445 303 2491 martyris
318 2445 497 2482 fortitudo
518 2458 525 2481 ε
550 2460 567 2479 »
590 2447 669 2483 ᾔτεε
686 2449 907 2485 Bet-nardus.

175 2494 392 2529 svium-Tru
407 2504 543 2529 ouxtcu
566 2506 726 2531 exn-nrm
747 2508 782 2531 m
802 2497 909 2534 Cuni-

127 2552 204 2576 sro.
233 2560 279 2567 —
302 2540 392 2576 lude
421 2550 568 2586 quoque
595 2546 653 2578 est
681 2543 780 2589 quod
803 2544 909 2580 multi

127 2588 386 2631 Confessores‚
409 2592 446 2623 et
466 2588 579 2624 etiam
606 2589 683 2634 alii,
706 2589 744 2626 in
771 2590 909 2628 labori-

125 2636 210 2680 bus,
231 2638 267 2688 et
287 2634 609 2680 tribulationibus,
631 2641 668 2673 et
686 2637 913 2675 infirmitati-

125 2682 194 2719 bus
213 2693 304 2727 suis,
328 2693 404 2718 non
428 2683 548 2719 solum
566 2683 765 2730 patientes,
787 2687 854 2722 sed
875 2690 912 2723 et

126 2729 266 2783 hilares
304 2729 419 2766 fuisse
455 2733 491 2766 et
527 2741 610 2767 esse
650 2733 908 2779 reperiuntur3

125 2787 214 2824 quia
239 2788 284 2814 ex
317 2777 453 2814 devota
485 2778 730 2817 meditatione
762 2781 847 2817 vitae
873 2785 911 2818 et

999 226 1185 272 passionis
1207 225 1356 267 Christi,
1381 235 1510 260 eorum
1537 223 1674 259 animat
1706 232 1780 257 non

999 273 1035 308 in
1051 284 1181 308 eorum
1196 272 1415 318 corporibus
1430 275 1465 308 et
1485 270 1702 312 visceribus,
1716 268 1781 304 sed

998 319 1133 356 Christi
1172 318 1284 354 fnisse
1324 323 1359 354 ct
1394 329 1473 354 esse
1507 317 1692 353 videntur.
1721 317 1783 351 ln-

998 366 1155 402 slruitur
1172 370 1301 401 contra
1323 366 1483 400 hostium
1501 368 1731 401 tentamenta
1746 367 1781 399 et

997 413 1100 456 vitia,
1132 416 1170 449 ut
1203 412 1238 447 in
1277 412 1456 447 faciendis
1482 417 1514 447 et
1545 410 1780 452 omittendis,

997 471 1125 496 errare
1151 464 1215 495 aut
1238 459 1312 494 l'alli
1345 469 1417 494 non
1440 460 1558 495 valeat
1582 471 1589 494 :
1617 469 1702 494 cum
1730 457 1780 494 ibi

998 507 1268 553 perlectionem
1303 505 1471 541 omnium
1510 506 1686 541 virtutum
1719 516 1781 541 re-

997 554 1131 601 periat.
1157 556 1247 590 Nam
1276 552 1519 599 paupertatis,
1544 552 1780 596 humilitatis,

996 599 1780 645 charitatis,mansuetudinis,obedientize,

997 654 1033 685 et
1060 648 1265 695 patientiae,
1293 651 1580 692 ceterarumque
1604 647 1780 682 virtutum

996 697 1180 741 exempla,
1210 700 1246 732 et
1266 694 1492 736 doctrinam,
1522 704 1704 738 nusquam
1730 694 1782 729 sir,

996 743 1178 786 invenies,
1203 743 1297 779 sicut
1322 742 1361 777 in
1388 741 1463 776 vita
1491 741 1634 776 Domini
1664 741 1781 776 xii-tu-

996 795 1090 827 tum.
1114 790 1301 837 Quidquid
1322 788 1420 825 enim
1443 787 1620 824 virtutum
1649 787 1686 823 in
1716 789 1780 823 Ec-

997 838 1111 875 clesia
1150 839 1324 881 habetur,
1352 837 1398 872 ab
1433 835 1513 882 ipso
1541 837 1687 872 Christo
1716 846 1783 881 per

996 886 1166 933 exempla
1186 895 1343 932 operum
1365 883 1463 919 illius
1479 883 1652 918 trahitur.
1679 883 1782 918 L'nde

995 935 1204 969 Rei-nardus
1223 946 1233 968 .-
1258 947 1276 965 «
1294 931 1388 975 Quid
1411 930 1516 966 vobis
1537 941 1618 965 cuni
1635 929 1781 965 xirtuti-

996 981 1079 1024 bus,
1107 980 1170 1027 qui
1201 980 1265 1016 Dei
1294 979 1470 1015 virtutem
1501 977 1638 1014 Christi
1673 977 1780 1022 igno-

996 1028 1115 1064 ratis?
1137 1028 1311 1071 Ubinam,
1336 1036 1478 1072 quaeso,
1502 1036 1590 1061 vera
1614 1026 1780 1070 pruden-

995 1075 1060 1119 tia,
1084 1075 1154 1111 nisi
1173 1075 1211 1111 in
1232 1074 1368 1112 Christi
1389 1072 1588 1109 doctrina?
1607 1072 1672 1107 Chi
1694 1082 1782 1108 vera

990 1122 1152 1167 justitia,
1177 1122 1249 1158 nisi
1276 1122 1314 1158 in
1339 1119 1474 1158 Christi
1498 1119 1782 1155 misericordia?

996 1169 1062 1205 Ubi
1086 1181 1174 1206 vera
1198 1167 1464 1215 temperantia,
1492 1167 1561 1202 nisi
1582 1167 1621 1202 in
1644 1166 1781 1203 Christi

995 1216 1098 1252 vita?
1135 1217 1203 1253 L'bi
1245 1227 1334 1252 vera
1377 1215 1588 1257 fortitudo,
1625 1214 1694 1250 nisi
1742 1214 1779 1249 in

995 1263 1130 1300 Christi
1160 1263 1360 1310 passione?
1384 1262 1459 1298 Soli
1482 1261 1595 1305 igitur
1616 1261 1677 1307 spii
1701 1262 1782 1307 ejus

995 1311 1164 1346 doctrina
1193 1311 1325 1347 imbuti
1363 1313 1463 1352 sunt,
1496 1309 1702 1355 prudentes
1724 1308 1780 1344 di-

994 1358 1102 1393 cendi
1142 1362 1240 1394 sunt.
1286 1357 1360 1394 Soli
1396 1356 1502 1402 justi,
1532 1356 1593 1401 qni
1622 1356 1666 1391 de
1701 1356 1780 1402 ejus

994 1405 1254 1441 misericordia
1269 1405 1418 1441 veniam
1441 1408 1678 1449 peccatorum
1695 1414 1781 1439 con—

994 1452 1111 1487 secuti
1153 1456 1253 1488 sunt.
1296 1452 1369 1489 Soli
1415 1454 1684 1496 temperantes,
1717 1450 1778 1497 qui

993 1500 1074 1545 ejus
1086 1499 1199 1535 vitain
1218 1499 1357 1535 imitari
1373 1498 1536 1534 student.
1555 1498 1629 1533 Soli
1649 1499 1778 1542 sortes,

993 1546 1055 1591 qui
1080 1547 1160 1592 ejus
1182 1546 1379 1592 sapientia:
1403 1550 1437 1582 et
1454 1544 1645 1591 patientia·
1667 1545 1781 1581 docu-

993 1598 1121 1629 menta
1156 1594 1303 1630 sortiter
1348 1594 1385 1629 in
1427 1592 1595 1628 adversis
1634 1596 1776 1628 tenent.

992 1642 1185 1677 Incassum
1224 1641 1382 1688 proinde
1436 1639 1520 1686 quis
1560 1640 1706 1675 laborat
1741 1639 1777 1675 in

991 1688 1238 1734 acquisitione
1262 1688 1456 1731 virtutum,
1483 1687 1513 1723 si
1541 1687 1692 1723 aliunde
1718 1697 1779 1723 eas

992 1737 1202 1782 sperandas
1241 1740 1362 1783 putat,
1403 1746 1515 1782 quam
1557 1745 1579 1770 a
1619 1734 1777 1770 Domino

991 1784 1173 1820 virtutum
1211 1795 1219 1820 ε
1260 1785 1368 1830 cujus
1393 1782 1578 1826 doctrina,
1614 1782 1779 1818 somina-

991 1831 1088 1867 rium
1108 1831 1341 1878 prudentia-3
1370 1831 1475 1877 cujus
1503 1829 1776 1873 misericordia,

991 1889 1085 1925 opus
1115 1879 1296 1925 justitiae3
1319 1879 1426 1925 quus
1460 1877 1550 1921 vita,
1584 1878 1776 1923 speculum

989 1927 1270 1973 temperantiae3
1292 1927 1397 1972 cujus
1416 1936 1531 1969 mors,
1552 1925 1700 1971 insigne
1721 1928 1777 1960 est

991 1974 1234 2011 fortitudinis.
1263 1988 1281 2006 »
1322 1973 1425 2010 Unde
1464 1977 1501 2009 et
1537 1974 1733 2017 Greyorius
1765 1985 1774 2006 :

992 2021 1117 2065 «Quid
1130 2026 1187 2058 est
1199 2021 1299 2068 quod
1310 2021 1490 2058 dilectum
1501 2031 1607 2056 suum
1622 2030 1774 2066 sponsa,

991 2080 1067 2105 nou
1094 2070 1301 2116 myrrham,
1326 2068 1393 2104 sed
1426 2068 1644 2104 fasciculum
1679 2077 1776 2113 myr-

991 2117 1068 2152 rhae
1090 2116 1290 2153 nominat?
1311 2115 1382 2152 nisi
1409 2116 1508 2162 quod
1531 2116 1619 2151 dum
1645 2118 1775 2151 sancta

991 2175 1097 2200 mens
1112 2164 1248 2201 Christi
1266 2163 1380 2199 vitam
1397 2174 1438 2198 ex
1455 2163 1557 2198 omni
1573 2167 1678 2209 parte
1690 2172 1776 2198 con-

989 2211 1145 2255 siderat,
1156 2215 1287 2248 eontra
1299 2210 1427 2247 omnia
1441 2210 1530 2246 vitia
1543 2222 1583 2246 ex
1600 2211 1681 2255 ejus
1696 2209 1775 2245 imi-

990 2259 1150 2303 tatione,
1200 2259 1358 2295 virtutes
1391 2262 1647 2304 repugnantes
1683 2268 1773 2293 con-

987 2310 1156 2354 gregat:
1195 2317 1238 2343 ex
1276 2307 1411 2353 quibus
1447 2305 1516 2342 sibi
1554 2304 1774 2341 fasciculum

987 2358 1105 2401 aptat,
1134 2365 1208 2400 quo
1241 2353 1365 2390 carnis
1394 2364 1470 2389 sufe
1503 2353 1773 2399 sempiternam

987 2401 1227 2448 putredinem
1257 2403 1463 2446 abstergat.
1486 2415 1503 2432 »
1529 2401 1632 2436 L‘nde
1659 2399 1772 2436 etiam

987 2451 1250 2494 Augjustinus:
1284 2449 1415 2485 «Cum
1447 2448 1624 2484 omnibus
1653 2447 1774 2483 modis

988 2498 1185 2533 medeatur
1197 2495 1334 2532 animis
1352 2498 1464 2539 Deus,
1478 2506 1545 2542 pro
1561 2499 1772 2541 temporum

987 2543 1348 2591 opportunitatibus,
1366 2554 1449 2589 quae
1472 2543 1567 2578 mira
1587 2541 1775 2587 sapientia

987 2593 1068 2638 ejus
1094 2591 1342 2635 ordinantur;
1370 2591 1472 2627 nullo
1497 2590 1607 2625 modo
1630 2590 1772 2625 beneti-

987 2639 1133 2676 centius
1175 2639 1365 2675 consuluit
1403 2637 1532 2684 generi
1575 2638 1738 2672 humano
1763 2664 1773 2680 ‚

987 2698 1099 2732 quam
1120 2697 1205 2723 cum
1226 2686 1309 2733 ipsa
1329 2686 1394 2722 Dei
1416 2684 1616 2731 sapientia,
1643 2683 1678 2719 id
1701 2688 1774 2726 est,

988 2734 1101 2771 Filius
1142 2734 1287 2778 unicus,
1305 2731 1636 2769 consubstantialis
1671 2731 1772 2767 Patri

986 2785 1024 2818 et
1044 2786 1266 2823 coscternus,
1287 2784 1405 2816 totum
1435 2778 1626 2815 hominem
1652 2778 1773 2815 susci-
