1902 3126
502 168 550 202 DE
589 166 728 200 PRIMA
767 164 1102 199 DISCIPULORL'M
1141 164 1406 198 VOCATIONE.

961 238 963 244 ’
1002 233 1126 279 ipsum
1145 244 1227 270 esse
1245 234 1445 270 Christum.
1463 234 1566 271 Unde
1583 235 1779 282 sequitur:

147 243 180 278 εἰ
199 241 394 286 Philippus
419 251 429 274 .-
457 237 549 274 Veni
569 239 602 271 et
621 235 717 275 vide,
740 233 777 270 id
797 237 854 270 est
878 235 924 270 ab

147 299 191 326 eo
214 288 378 327 addisce,
401 295 468 332 per
487 282 782 328 experimentum
807 281 922 316 virtu-

147 335 208 378 tis,
233 346 314 381 quae
335 336 391 369 est
417 331 454 367 in
478 330 572 376 ipso.
597 330 641 364 Et
666 328 819 364 adduxit
839 338 925 364 eum

147 382 339 428 Philippus
359 379 405 415 ad
429 379 571 419 Jesum,
596 379 636 412 ut
662 375 752 411 dicit
775 377 925 419 Chryso-

144 433 298 470 stomus,·
324 424 438 462 trahit
461 423 611 470 quidem
632 433 717 459 eum
742 423 789 459 ad
818 422 922 459 Chri-

146 479 259 519 stum,
273 473 393 509 sciens
410 471 457 507 de
479 470 622 516 reliquo
641 481 726 506 eum
745 481 820 506 non
839 481 925 506 con·
959 491 961 520 j

959 521 961 529 ⁸
998 515 1086 559 lem,
1108 516 1247 562 Regem
1275 515 1440 551 futurum
1465 528 1472 551 :
1503 522 1538 552 et
1567 520 1634 554 hoc
1667 519 1778 555 modo

142 522 402 564 tradicturum,
429 518 457 555 si
489 519 605 555 verba
639 521 675 554 et
712 516 923 553 doctrinam

141 569 242 608 illius
263 566 481 614 gustaverit.
503 565 711 601 Nathanael
736 565 923 611 interpre-
958 602 959 607 ,

821 612 827 618 ”
957 618 960 656 ᾗ
998 610 1162 646 habebat
1173 610 1294 645 adhuc
1307 609 1558 656 cognitionem
1574 613 1780 656 perfectam

141 619 242 653 tatur
263 616 395 650 donum
418 615 503 656 Dei,·
527 616 562 649 et
589 613 688 659 quod
715 612 850 658 aliquis
876 612 923 648 ad

139 662 327 701 Christum
346 660 643 704 convertitur,ex
656 660 754 696 dono
773 660 836 696 Dei
850 663 918 696 est.
957 680 959 710 ὲ

192 725 232 747 ιο
252 711 341 746 Huic
367 720 521 744 sizonem
547 719 705 743 nnvssmr
729 708 918 744 Cumsws.

138 777 184 784 —
203 759 247 793 Et
272 757 367 792 vidit
393 758 510 797 Jesus,
533 754 669 791 intuitu
692 754 919 798 dilectionis,
956 790 959 800 ‚

137 805 347 843 Nathanael
366 806 566 839 venientem
594 803 643 837 ad
666 813 715 843 se,
740 806 775 838 et
801 801 922 849 magis
956 808 958 836 L

138 851 240 888 intus
262 862 373 897 quam
402 854 504 887 extra
529 849 918 896 appropinquantem3
956 873 957 895 3

138 898 226 946 quia
244 910 319 935 non
339 898 459 934 solum
479 897 569 933 vidit
587 907 724 943 corpus
741 896 917 941 exterius,
956 898 957 948 l

136 946 204 983 sed
224 946 338 982 etiam
360 956 424 981 cor
444 944 563 991 ipsius
582 943 756 988 interius,
775 947 808 979 et
829 945 920 979 dicit
956 949 957 983 l

137 993 181 1030 de
202 1005 253 1036 eo,
278 992 607 1029 circumstantibus
631 1003 639 1027 ε
662 993 752 1027 Ecce
771 1002 850 1026 vere
873 993 921 1027 Is·
956 1000 958 1036 ῑ

138 1042 285 1081 raelz‘ta,
303 1042 418 1077 Deum
438 1040 584 1081 videns,
600 1040 637 1074 in
657 1050 726 1084 quo
748 1039 866 1081 dolus,
885 1041 921 1074 et
956 1052 957 1055 ¹

135 1087 408 1124 simulationem
426 1091 496 1130 est;
512 1097 599 1122 nam
615 1086 696 1122 sine
711 1085 921 1122 intentione
956 1106 957 1119 2

135 1134 212 1172 doli
229 1139 265 1171 et
282 1135 456 1171 salsitatis
476 1133 649 1170 veniebat
668 1138 707 1170 ut
722 1133 919 1169 veritatem

135 1186 358 1230 agnosceret
386 1194 393 1217 :
424 1181 453 1218 si
482 1181 582 1217 enim
612 1182 726 1217 habet
751 1184 918 1227 peccata,
955 1200 956 1207 κ

136 1230 338 1267 confitetur
357 1240 425 1273 ea;
450 1240 526 1265 non
553 1228 667 1275 igitur
695 1232 806 1274 negat
834 1238 919 1263 eum

137 1288 219 1314 esse
253 1281 504 1323 peccatorem,
537 1276 603 1312 sed
637 1275 765 1311 laudat
800 1274 839 1310 in
875 1286 919 1311 eo

135 1324 423 1361 consessionem.
442 1323 567 1359 Dolosi
586 1322 722 1369 quippe
737 1326 837 1366 sunt,
856 1321 918 1367 qui

136 1382 176 1408 se
190 1371 399 1418 praedicant
415 1372 534 1407 bonos
548 1374 585 1406 et
598 1370 732 1415 justos,
749 1380 831 1405 cum
845 1369 920 1405 sint
954 1395 955 1402 ,

137 1419 224 1456 mali
251 1422 288 1455 et
318 1422 545 1465 peccatores.
575 1419 733 1464 Magnus
760 1416 829 1452 iste
863 1416 920 1452 vir

135 1466 423 1509 Nathanael,cui
442 1466 520 1511 ipse
536 1464 718 1500 Dominus
730 1464 803 1499 tale
817 1463 918 1499 testi-

135 1514 305 1550 monium
320 1513 490 1559 perhibet
503 1513 509 1548 l
522 1512 637 1548 Israel
648 1511 919 1557 interpretatur
953 1520 956 1559 l

133 1562 261 1597 videns
278 1563 404 1601 Deum,
420 1560 516 1596 unde
538 1559 673 1595 dicitur
691 1569 801 1594 verus
821 1560 917 1593 Isra-
954 1570 955 1574 ¹

133 1608 224 1645 elita
247 1620 255 1644 :
279 1607 416 1654 primo,
435 1618 477 1642 ex
499 1606 587 1649 fide,
609 1616 682 1652 qua
698 1606 778 1651 jam
800 1606 918 1640 Deum
952 1604 955 1645 ξ
990 1613 1058 1649 per
1078 1601 1301 1647 obsequium
1318 1600 1564 1645 Angelorum,
1585 1599 1655 1635 sibi
1678 1603 1774 1635 tam-

132 1655 260 1692 videre
281 1660 318 1691 et
340 1655 379 1690 in
401 1664 488 1691 eum
510 1653 665 1689 credere
688 1652 916 1698 incipiebat;
952 1649 954 1671 ²

131 1702 223 1750 quia
252 1702 456 1738 instructus
482 1701 520 1736 in
541 1702 638 1746 Lege
658 1710 726 1746 per
745 1700 860 1735 fidem
883 1702 919 1735 et
952 1730 953 1735 ,

952 1745 954 1761 ²
990 1744 1140 1784 divina:
1164 1747 1201 1780 et
1221 1744 1292 1779 hoc
1313 1746 1368 1778 est
1396 1742 1497 1788 quod
1518 1741 1658 1777 dicitur
1678 1752 1686 1776 :
1710 1743 1775 1777 Re-

131 1749 420 1797 intelligentiam
449 1748 727 1794 Scripturarum
745 1775 754 1792 ,
783 1748 917 1783 saltem

131 1807 200 1845 per
219 1797 427 1844 speculum,
446 1800 484 1832 et
501 1795 540 1831 in
560 1794 776 1841 aem'gmate,
799 1795 917 1830 Deum

132 1844 299 1881 videbat.
341 1843 534 1888 Secundo,
574 1854 617 1879 ex
659 1841 915 1886 confessione,

133 1902 247 1938 quam
274 1891 420 1928 Christo
447 1890 711 1936 respondendo
739 1889 914 1925 faciebat.

133 1939 274 1976 Videns
296 1949 385 1984 ergo
409 1938 615 1974 Nathanael
637 1937 736 1983 quod
758 1935 916 1972 conditi-

133 1997 246 2024 onem
268 1996 344 2022 suae
367 1985 504 2021 mentis
521 1987 770 2030 expresserat,
785 1982 918 2029 quaesi-

132 2034 186 2070 vit
205 2033 310 2070 unde
329 2033 450 2080 ipsum
473 2032 628 2076 sciebat,
645 2032 736 2066 dicit
754 2041 837 2074 erqo
855 2033 887 2066 ez·
905 2043 916 2065 .·

136 2082 238 2119 Unde
254 2092 308 2116 me
321 2082 447 2116 nosti?
465 2079 503 2116 id
525 2082 596 2123 est,
613 2089 655 2114 ex
673 2088 747 2124 qua
764 2077 916 2121 virtute,
955 2118 957 2121 ,

132 2139 217 2166 cum
241 2129 312 2165 hoc
333 2128 380 2164 sit
401 2138 516 2174 supra
538 2126 715 2162 virtutem
739 2125 916 2161 humani·
956 2150 957 2166 ἢ

956 2198 957 2201 ¹
991 2180 1041 2206 es.
1066 2169 1160 2213 Quid
1182 2169 1297 2214 igitur
1326 2168 1427 2204 dices
1457 2176 1542 2202 cum
1575 2165 1694 2211 majus
1721 2164 1775 2200 vi-

133 2176 234 2213 tatis.
256 2178 299 2212 Et
316 2178 418 2212 Jesus
440 2174 626 2222 respondit
649 2172 697 2217 ei,
717 2183 784 2219 per
810 2183 917 2208 reve-

134 2223 316 2260 lationem
338 2222 495 2259 alterius
514 2220 664 2265 occulti,
683 2225 716 2256 et
734 2221 835 2255 dixit
855 2222 888 2254 ei
906 2232 916 2255 :

132 2273 359 2317 Priusquam
373 2275 406 2306 te
415 2272 611 2316 Philippus
627 2272 782 2309 vocaret,
797 2271 832 2303 et
850 2266 917 2303 tibi
956 2292 959 2303 ,

132 2318 180 2354 de
200 2328 260 2354 me
279 2318 510 2363 loqueretur,
532 2327 612 2352 cum
633 2326 726 2351 esses
743 2315 810 2350 sub
831 2316 916 2360 ficu,
957 2311 959 2359 ξ
993 2312 1165 2358 Philippo
1186 2314 1223 2347 et
1244 2309 1467 2346 Nathanaeli
1489 2320 1497 2344 :
1521 2310 1651 2348 Amen,
1673 2316 1777 2342 amen

135 2365 231 2407 vidi,
252 2365 289 2401 id
311 2370 368 2401 est
389 2363 545 2411 cognovi
565 2368 610 2405 te,
632 2369 667 2399 et
686 2361 918 2409 propositum
953 2370 955 2406 ξ
991 2360 1071 2395 dico
1090 2359 1206 2402 vobis,
1225 2368 1349 2401 amen,
1368 2357 1468 2393 idem
1492 2359 1548 2392 est
1570 2354 1669 2402 quod
1690 2354 1776 2399 fide-

953 2417 956 2578 ,
991 2465 1015 2501 g

134 2412 260 2449 cordis
286 2412 351 2448 tui.
374 2412 429 2448 Ad
457 2411 635 2454 litteram,
658 2410 727 2446 sub
754 2409 919 2456 quadam

134 2459 205 2496 ficu
242 2460 390 2496 sederat
426 2458 649 2501 Nathanael,
684 2457 779 2493 sorte
818 2456 918 2502 cogi-

134 2509 221 2544 tans
242 2507 286 2543 de
314 2507 436 2543 futuro
465 2507 658 2543 Salvatore
681 2515 689 2540 :
726 2503 790 2540 ubi
821 2503 920 2539 Phil-

130 2553 241 2602 ippus
263 2558 417 2600 repente
438 2552 722 2599 superveniens,
751 2551 797 2587 de
813 2550 919 2588 Chri-

133 2605 191 2639 sto
225 2612 310 2638 cum
342 2612 386 2637 eo
419 2599 675 2647 singulariter,
702 2598 806 2635 nullo
845 2597 919 2635 alio

133 2653 336 2697 praesente,
360 2649 596 2694 loquebatur.

188 2712 200 2734 ι
212 2712 224 2733 ι
241 2698 461 2733 NATHANAEL
475 2707 528 2731 ru·
538 2695 681 2732 Cmusn
698 2705 917 2732 DlSC1PULUS.

135 2744 236 2781 —Et
247 2743 332 2780 ideo
347 2748 501 2790 propter
517 2743 587 2778 hoc
604 2741 754 2788 signum
767 2745 803 2778 et
820 2752 916 2788 prae-

136 2791 288 2835 cedens,
298 2790 505 2827 Nathanael
519 2789 644 2826 statim
656 2789 849 2825 consessus
861 2791 918 2825 est

1727 165 1786 201 217

1002 281 1201 325 Respondit
1219 283 1251 315 ei
1272 283 1536 326 Nutluznael,ee
1555 284 1630 318 ait:
1648 283 1778 327 Rabbi,

1002 329 1040 362 tu
1059 338 1094 379 es
1111 329 1226 362 Filius
1245 330 1322 371 Dei,
1335 333 1372 363 tu
1388 340 1422 363 es
1439 332 1516 365 Rea:
1532 332 1657 373 lsrael,
1671 330 1708 366 id
1724 333 1780 366 est

1000 374 1170 410 Christus
1194 379 1426 419 exspectatus
1447 377 1493 412 ab
1517 377 1628 413 lsrael
1651 377 1686 412 in
1709 378 1779 414 Re-

998 431 1084 467 gem
1130 424 1168 456 et
1213 421 1463 458 defensorem.
1508 425 1782 470 Exspectabam

999 468 1098 504 enim
1116 478 1247 504 omncs
1264 468 1384 504 Judaei
1401 470 1575 506 Messiam
1591 475 1779 518 tempora-

997 562 1145 599 videtur
1160 561 1260 607 loqui
1276 561 1346 598 iste
1358 564 1583 607 Nathanaeh
1603 565 1690 610 quia
1704 576 1779 602 non

996 657 1043 693 de
1075 657 1237 693 Christo.
1261 658 1342 693 Non
1371 656 1470 692 enim
1493 657 1642 693 videtur
1667 659 1779 695 intel-

996 704 1132 741 lexisse
1160 709 1247 740 tunc
1274 703 1392 750 ipsius
1423 703 1670 747 divinitatem,
1693 706 1781 751 quia

996 763 1070 788 non
1099 751 1253 788 dixisset
1276 763 1284 787 :
1307 753 1360 787 Tu
1387 762 1427 787 es
1455 752 1529 787 Rex
1561 753 1690 793 Israel,
1713 752 1778 788 sed

995 799 1112 836 totius
1129 798 1277 843 mundi;
1294 803 1331 834 et
1345 802 1546 845 propterea
1557 809 1643 834 cum
1659 798 1775 836 dixit:

995 848 1048 883 Tu
1079 858 1118 883 es
1141 846 1252 883 Filius
1281 846 1362 890 Dei,
1385 857 1461 881 non
1488 846 1556 881 fuit
1587 846 1779 882 confessus

995 895 1076 940 ejus
1100 894 1349 937 divinitatem,
1382 893 1447 929 sed
1474 893 1657 929 intellexit
1684 894 1780 929 hanc

995 941 1231 985 filiationem,
1252 952 1319 987 per
1339 941 1541 987 quamdam
1563 940 1694 986 gratiae
1716 951 1777 976 ex-

995 989 1222 1025 cellentiam.
1259 988 1360 1024 Unde
1391 987 1480 1023 dicit
1510 989 1778 1032 Chysostomus,

995 1037 1095 1083 quod
1121 1037 1242 1072 adhuc
1270 1035 1427 1071 credens
1449 1046 1531 1071 esse
1552 1034 1777 1081 sapientem,

995 1084 1058 1129 qui
1087 1095 1130 1119 ex
1151 1083 1277 1129 aliqua
1296 1082 1525 1118 revelatione
1547 1081 1611 1117 Dei
1634 1085 1780 1118 secreta

994 1131 1162 1175 noverit,
1195 1130 1396 1166 confitetur
1423 1139 1507 1164 eum
1535 1140 1617 1165 esse
1646 1128 1778 1164 Filium

994 1178 1074 1222 Dei,
1100 1189 1174 1213 non
1198 1188 1266 1224 per
1288 1180 1475 1220 naturam,
1499 1176 1564 1211 sed
1591 1186 1660 1222 per
1686 1176 1777 1211 ado-

992 1225 1133 1271 ptionis
1153 1225 1334 1269 gratiam;
1352 1224 1439 1270 quia
1457 1224 1578 1259 adbuc
1601 1234 1674 1258 non
1696 1225 1778 1259 erat

954 1269 957 1322 f
993 1273 1103 1319 plene
1135 1272 1367 1308 illuminatus
1394 1271 1439 1306 de
1467 1271 1540 1305 tide
1567 1270 1774 1306 Trinitatis.

992 1320 1063 1355 Alii
1087 1324 1214 1355 tamen
1238 1319 1366 1354 dicunt
1386 1318 1484 1364 quod
1507 1318 1576 1353 hoc
1597 1328 1639 1353 ex
1661 1317 1776 1353 corde

993 1366 1165 1412 credidit,
1189 1366 1284 1402 sicut
1302 1376 1366 1401 ore
1386 1365 1581 1401 consessus
1599 1364 1685 1406 suit;
1710 1364 1776 1400 sed

992 1414 1155 1460 primum
1171 1412 1405 1459 probabilius
1421 1415 1490 1455 est,
1507 1412 1602 1447 sicut
1621 1411 1776 1447 inferius

991 1461 1148 1508 patebit.
1187 1461 1290 1496 Unde
1327 1459 1508 1495 Dominus
1542 1459 1650 1494 docet
1687 1468 1775 1494 eum

991 1508 1166 1554 amplius,
1184 1508 1336 1543 elevans
1355 1517 1440 1542 eum
1461 1506 1508 1541 ad
1529 1507 1686 1551 maJora,
1707 1505 1775 1541 sci-

991 1555 1078 1591 licet
1099 1555 1146 1591 ad
1172 1553 1378 1590 divinitatis
1402 1564 1478 1588 suae
1506 1552 1775 1598 cognitionem,

991 1660 1105 1696 quam
1141 1647 1327 1695 superiori
1363 1646 1631 1683 exhibendum.
1666 1646 1776 1682 Nulla

990 1696 1092 1733 enim
1108 1699 1245 1732 natura
1258 1700 1315 1731 est
1332 1705 1446 1741 supra
1463 1693 1688 1740 angelicam,
1703 1693 1774 1729 nisi

990 1793 1141 1838 spondit
1163 1793 1281 1835 Jesus,
1304 1794 1337 1826 et
1357 1790 1458 1825 discit
1480 1790 1513 1824 ei
1534 1802 1544 1824 :
1568 1789 1663 1832 Quia
1689 1789 1774 1823 dixi

990 1840 1058 1875 tibi
1078 1852 1088 1874 .-
1113 1839 1203 1875 Vidi
1224 1842 1258 1874 te
1277 1838 1343 1873 sub
1363 1839 1447 1882 ficu,
1465 1837 1598 1880 credis,
1617 1846 1675 1872 me
1693 1845 1777 1872 esse

990 1886 1193 1930 Christum,
1223 1888 1405 1931 quantum
1432 1884 1480 1920 ad
1513 1882 1776 1919 excellentiam

989 1933 1136 1981 gratiae,
1148 1933 1269 1977 majus
1279 1934 1336 1967 his
1346 1932 1499 1974 videbis,
1510 1930 1776 1976 cognoscendo

989 1981 1166 2017 virtutem
1212 1979 1347 2015 divinae
1390 1978 1625 2014 subs-tantiae.
1670 1976 1776 2013 Unde

954 2029 956 2058 ἶ
991 2030 1315 2072 chrysostomum
1334 2025 1446 2069 Quasi
1465 2024 1774 2068 dicatzlilagnum

991 2075 1058 2111 tibi
1086 2075 1205 2110 visum
1226 2077 1282 2110 est
1309 2074 1379 2108 hoc
1404 2083 1486 2108 esse
1506 2071 1607 2117 quod
1627 2070 1715 2114 dixi,
1739 2072 1776 2106 et

990 2126 1192 2169 propterea
1210 2131 1268 2157 me
1287 2122 1426 2166 Regem
1445 2119 1559 2155 Israel
1576 2118 1775 2154 consessus

991 2217 1119 2253 deris?
1136 2231 1153 2248 »
1178 2218 1222 2252 Et
1234 2215 1323 2262 quid
1334 2215 1382 2251 sit
1396 2215 1493 2250 istud
1508 2213 1643 2259 majus,
1654 2216 1778 2248 osten-

992 2265 1058 2306 dit,
1087 2264 1253 2300 subdens
1287 2274 1295 2298 :
1330 2265 1378 2298 Et
1411 2262 1503 2297 dicit
1532 2263 1604 2304 eis,
1634 2259 1777 2296 scilicet

993 2408 1090 2452 liter,
1119 2409 1156 2442 et
1182 2405 1267 2442 ideo
1295 2405 1358 2441 ubi
1385 2403 1612 2450 duplicatur,
1642 2405 1698 2436 est
1724 2399 1775 2437 si-

1019 2465 1106 2491 num
1128 2453 1299 2489 maximae
1311 2450 1545 2489 certitudinis
1563 2452 1600 2485 et
1618 2447 1774 2484 firmita-

991 2501 1052 2546 tis,
1069 2501 1242 2537 videbitis
1257 2501 1381 2536 coelum
1395 2502 1580 2544 apertum;
1603 2499 1635 2530 et
1654 2496 1774 2538 Ange-

993 2551 1045 2585 los
1080 2551 1145 2585 Dez'
1182 2547 1413 2584 ascendentes
1451 2548 1483 2581 et
1521 2542 1773 2578 descendentes

990 2607 1104 2642 supra
1129 2597 1265 2632 Filium
1293 2593 1464 2635 hominis,
1489 2591 1526 2626 in
1547 2589 1772 2635 obsequium

991 2643 1155 2688 deitatis,
1168 2643 1207 2678 in
1223 2643 1388 2679 humana
1403 2638 1552 2675 latentis
1565 2641 1711 2672 natura.
1729 2637 1773 2672 ln

992 2691 1171 2728 Passione
1193 2690 1293 2726 enim
1320 2688 1496 2733 apparuit
1524 2685 1582 2719 illi
1610 2683 1772 2727 Anyelus

990 2740 1035 2775 de
1055 2740 1153 2783 coelo,
1175 2739 1383 2780 confortans
1407 2744 1504 2775 eum3
1527 2735 1564 2784 et
1585 2730 1622 2766 in
1645 2740 1770 2766 resur-

989 2786 1157 2824 rectione
1178 2784 1246 2820 visi
1267 2785 1352 2819 sunt
1371 2780 1504 2827 Angeli
1526 2788 1625 2815 clrca
1645 2776 1770 2824 sepul-
