1902 3126
209 206 263 237 100
706 199 852 232 l‘RlMAE

203 271 360 307 candela
396 278 572 312 accensa,
606 269 759 314 propter
791 267 862 304 tria
898 278 978 313 quae

204 317 447 353 inveniuntur
474 315 512 350 in
539 326 596 358 ea,
624 314 765 351 scilicet
792 325 800 350 :
826 314 978 360 ligmen‚

203 364 316 410 ignis,
330 367 366 399 et
380 373 485 406 cera;
504 366 543 398 ‘et
561 362 598 397 in
622 361 768 398 Christo
790 366 875 398 sunt
892 361 978 405 tria,

204 411 341 447 scilicet
368 422 375 445 :
400 420 501 453 caro,
529 408 656 445 anima
679 412 716 445 et
737 408 856 445 deitas
877 419 977 444 vera.

204 460 289 494 Haec
325 457 496 500 candela,
534 467 600 502 pro
639 456 802 492 humano
841 466 979 501 genere

204 505 362 541 Domino
397 508 451 540 est
485 504 630 545 oblata,
662 513 729 549 per
761 513 872 548 quam
908 513 980 538 nox

202 552 442 588 tenebrarum
457 554 668 586 nostrarum
684 553 739 585 est
754 549 976 585 illuminata.

203 620 247 625 -—
265 598 412 636 Oblatio
433 598 546 643 hujus
567 597 793 633 beatissimae
814 596 979 631 candela}

203 646 443 693 praefigurata
474 644 542 681 fuit
577 643 615 679 in
645 654 761 690 puero
791 643 976 679 Samuele.

202 695 319 729 Annae
348 691 479 736 sterili,
507 694 638 726 contra
665 700 808 726 morem
836 692 978 725 naturae

203 742 300 776 Deus
328 740 448 775 filium
479 738 594 781 dedit,
618 740 654 773 et
684 736 808 773 Mariae
836 736 977 782 Virgini

203 798 315 833 supra
340 796 488 822 cursum
515 788 673 827 naturae,
704 783 836 819 Filium
864 784 977 829 inspi-

203 834 312 870 ravit.
328 835 434 869 Anna
454 831 588 868 obtulit
604 831 737 874 filium,
751 830 812 876 qui
827 830 979 866 Judaeos

203 884 283 917 erat
320 883 644 926 propugnaturus3
688 877 804 912 Maria
845 876 979 913 obtulit

204 928 349 970 Filium,
364 926 423 972 qui
440 926 620 961 mundum
634 928 713 959 erat
728 927 976 969 protecturus.

203 974 315 1010 Filius
333 976 447 1010 Annae
469 975 597 1019 postea
615 982 636 1006 a
652 970 792 1007 Judaeis
810 975 866 1006 est
883 971 980 1006 refu-

203 1025 322 1066 tatus3
346 1020 458 1055 Filius
479 1018 601 1055 Mariae
624 1021 679 1053 est
699 1019 745 1053 ab
770 1016 823 1053 eis
841 1017 978 1064 turpis-

204 1068 297 1104 sima
332 1070 451 1102 morte
488 1065 771 1101 condemnatus.
811 1066 886 1099 Hoc
923 1067 978 1099 est

202 1115 302 1161 quod
349 1113 498 1150 Simeon
546 1111 671 1146 Mariae
719 1110 977 1156 prophetando

202 1160 442 1207 praedicebat,
465 1158 564 1204 quod
585 1157 667 1192 Filii
692 1156 810 1202 ipsius
831 1156 977 1201 gladius

201 1209 365 1244 animam
384 1215 490 1241 suam
508 1203 737 1250 pertransire
755 1203 927 1239 debebat.

248 1259 268 1290 6
286 1256 375 1297 Qum
397 1265 462 1288 Nos
481 1253 654 1288 Cnmsws
675 1261 732 1285 mc
752 1251 913 1294 DOCEAT?
933 1270 979 1275 ——

201 1303 306 1338 lbant
326 1300 441 1347 igitur
460 1301 635 1345 parentes
658 1299 747 1334 Jesu
770 1296 807 1332 in
825 1298 976 1332 Jerusa—

199 1349 287 1393 lem,
305 1352 346 1384 ut
368 1345 473 1392 Legis
489 1346 666 1381 mandata
683 1344 921 1391 perficerent,
942 1347 977 1379 et

199 1394 369 1442 quamvis
400 1395 576 1429 timerent
612 1391 816 1435 Herodem,
850 1394 977 1427 tamen

201 1454 275 1479 non
292 1445 378 1478 sunt
393 1440 472 1477 ansi
488 1438 701 1485 transgredi
716 1439 865 1484 Legem,
886 1438 976 1484 quin

201 1491 248 1526 ad
280 1489 459 1534 templum
499 1488 660 1522 Puerum
695 1485 896 1521 deferrent.
935 1486 979 1520 Et

200 1538 293 1573 forte
309 1537 427 1572 adhuc
444 1533 571 1570 omnia
589 1533 712 1579 quieta
724 1532 976 1577 erant,adhuc

201 1584 367 1620 Herodes
394 1584 520 1627 Magos
555 1583 775 1626 exspectans
810 1579 976 1614 nondum

200 1630 256 1667 sui
278 1630 400 1666 cordis
430 1627 610 1664 malitiam
637 1626 880 1679 revelaverat.
904 1627 975 1661 Do-

200 1678 322 1714 minus
367 1677 491 1721 itaque
531 1677 639 1711 Jesus
678 1674 846 1710 Chrlstus
893 1682 976 1713 cum

201 1726 332 1768 Matre,
342 1724 378 1759 in
390 1723 447 1759 his
459 1726 495 1758 et
509 1722 592 1757 aliis
606 1723 740 1766 Legem
756 1720 974 1763 observans,

200 1772 362 1808 ostendit
388 1780 471 1806 cum
496 1772 636 1815 quanta
662 1766 913 1803 sollicitudine
939 1769 977 1802 et

199 1817 393 1865 vigilantia
419 1817 600 1852 debemus
629 1815 830 1850 observare
859 1815 976 1849 Evan-

200 1865 286 1912 gelii
304 1867 504 1911 praecepta,
522 1862 671 1908 quando
692 1863 772 1907 ipse
790 1863 975 1906 praecepta

200 1913 348 1958 legalia,
361 1922 442 1957 quae
459 1921 526 1957 per
543 1919 689 1945 servum
711 1908 975 1953 dederat,cum

200 1963 306 1996 tanta
326 1956 582 1994 observaverit
597 1954 806 2002 diligentia.

247 2022 266 2054 7
293 2007 366 2043 Cun
390 2016 569 2041 marcnes
598 2014 664 2039 Aur
688 2014 820 2038 pennos
844 2013 976 2037 coum-

201 2066 317 2090 BARUM
336 2058 544 2088 OFFERUNT?
566 2072 607 2076 —
629 2050 870 2085 Adduxerunt
887 2059 976 2094 ergo

201 2101 400 2137 Dominum
415 2097 542 2144 templi
556 2097 602 2134 ad
616 2096 811 2142 templum,
828 2099 867 2132 ut
882 2096 977 2132 face-

201 2151 284 2184 rent
309 2147 514 2183 secundum
535 2143 844 2181 consuetudinem
868 2143 976 2188 Legis

199 2205 268 2241 pro
289 2205 346 2230 eo.
369 2194 536 2238 Cumque
557 2192 760 2227 intrassent
779 2191 974 2236 templum,

201 2244 371 2278 emerunt
385 2241 478 2275 duos
489 2242 666 2282 turtures,
676 2241 739 2274 aut
751 2238 844 2273 duos
857 2237 975 2282 pullos

200 2289 470 2331 columbarum,
482 2290 520 2322 ut
536 2296 603 2331 pro
618 2296 661 2321 eo
678 2283 975 2327 offerrent‚sicut

200 2346 267 2382 pro
297 2333 523 2381 pauperibus
556 2335 635 2368 erat
667 2335 901 2367 consuetum.
932 2332 975 2366 Et

200 2382 287 2428 quia
301 2379 527 2428 pauperrimi
543 2378 902 2421 erant‚credendun1
919 2381 974 2414 est

199 2429 319 2475 magis
354 2427 454 2474 quod
489 2427 534 2463 de
569 2425 679 2471 pullis
717 2425 973 2461 columbarum

200 2479 385 2519 emerunt,
406 2474 493 2520 quia
520 2473 664 2509 facilius
690 2475 726 2508 et
748 2482 816 2518 pro
838 2471 973 2507 minori

199 2523 318 2570 pretio
344 2521 601 2564 inveniuntur,
628 2522 665 2555 et
691 2519 774 2555 ideo
798 2519 835 2554 in
862 2520 972 2564 Lege,

198 2570 328 2607 ultimo
349 2569 430 2605 loco
450 2571 652 2614 ponuntur.
676 2567 717 2602 Et
738 2569 835 2602 tacet
854 2567 972 2601 Evan-

199 2616 412 2664 gelista·de
441 2626 554 2662 agno,
582 2613 669 2660 quia
702 2616 782 2650 erat
816 2612 973 2650 divitum

199 2664 352 2701 oblatio.
376 2662 467 2699 Vide
488 2661 574 2708 quia
599 2665 675 2696 tam
704 2670 887 2706 pauperes
906 2670 972 2705 pa-

199 2715 323 2747 rentes
344 2710 525 2747 Dominus
542 2708 668 2754 elegit,
685 2706 746 2753 qui
764 2717 839 2742 non
856 2707 971 2742 habe-

199 2751 281 2795 ren‘t
301 2768 454 2804 agnum,
477 2766 586 2802 quem
610 2765 678 2801 pro
704 2764 748 2790 eo
770 2754 969 2796 offerrent;

200 2806 264 2842 sed
293 2809 436 2842 tantum
466 2814 535 2850 par
560 2806 761 2845 turturum,
783 2803 846 2836 aut
878 2799 972 2836 duos

282 2897 310 2925 Ι

892 197 1049 231 PARTIS
1088 198 1222 232 CAPUT
1262 199 1329 232 Xll

1058 267 1177 314 pullos
1198 267 1471 311 columbarum,
1490 278 1571 313 quae
1593 272 1674 305 erat
1694 269 1835 307 oblatio

1057 325 1276 361 pauperum.
1311 316 1351 350 In
1387 315 1483 360 Lege
1522 314 1622 351 enim
1655 316 1837 353 Dominus

1057 364 1299 407 praeceperat,
1333 364 1374 396 ut
1409 361 1468 397 die
1502 371 1574 407 quo
1610 373 1745 408 parens
1777 363 1835 400 in-

1058 409 1198 444 fantem
1232 408 1270 443 in
1304 408 1441 454 templo
1478 412 1738 454 praesentaret,
1765 420 1835 456 pro

1057 466 1124 491 sua
1151 458 1187 490 et
1213 454 1351 491 sobolis
1383 455 1665 501 purificatione,
1694 467 1834 502 agnum

1056 501 1273 538 anniculum
1298 501 1578 538 immaculatum
1602 502 1640 538 in
1662 503 1836 540 holocau-

1057 552 1168 592 stum,
1191 559 1232 584 ac
1251 548 1363 584 etiam
1379 552 1575 594 turturem,
1599 549 1676 586 sive
1692 550 1836 597 pullum

1058 596 1252 638 columbas,
1264 606 1330 640 pro
1344 599 1511 641 peccato,
1523 596 1611 641 qnia
1624 596 1663 633 in
1676 597 1834 633 libidine

1058 645 1298 687 conceperat,
1331 642 1496 677 offerret.
1532 643 1599 686 Qui
1631 654 1720 680 vero
1755 655 1833 680 non

1058 688 1292 724 sufficiebant
1325 688 1373 723 ad
1408 688 1643 726 offerendum
1676 701 1834 736 agnum,

1058 735 1151 770 duos
1187 738 1352 770 turtures
1384 735 1614 780 offerebant,
1649 737 1708 773 vel
1744 737 1837 774 duos

1057 782 1178 827 pullos
1201 782 1478 825 columbarum3
1505 793 1620 819 unum
1643 783 1724 820 loco
1747 784 1834 830 agni

1057 829 1095 864 in
1108 829 1381 873 holocaustum,
1392 829 1491 874 quod
1504 833 1624 866 totum
1635 829 1836 867 incensum

1057 875 1207 919 dicitur,
1230 875 1317 921 quia
1340 879 1459 911 totum
1483 875 1775 922 incendebatur;
1800 880 1837 913 et

1057 923 1217 958 alterum
1242 933 1308 968 pro
1337 926 1507 968 peccato,
1530 923 1592 969 qui
1619 924 1775 961 cedebat
1797 924 1836 960 in

1057 973 1203 1015 partem
1240 969 1464 1013 sacerdotis,
1499 969 1561 1015 qui
1595 971 1729 1007 orabat
1766 981 1835 1017 pro

1058 1016 1233 1060 muliere,
1270 1019 1305 1051 et
1341 1015 1394 1051 sic
1430 1016 1697 1053 mundabatur.
1732 1019 1835 1054 Hanc

1057 1062 1218 1098 hostiam
1260 1066 1297 1097 et
1335 1063 1563 1099 oblationem
1603 1074 1834 1111 pauperum,

1058 1108 1172 1144 voluit
1205 1108 1384 1144 Dominus
1407 1120 1475 1155 pro
1503 1121 1542 1146 se
1572 1110 1667 1155 dari,
1690 1113 1726 1147 et
1750 1122 1835 1147 cum

1057 1155 1160 1191 dives
1174 1159 1363 1201 esset,pro
1378 1155 1485 1192 nobis
1500 1167 1643 1203 pauper
1658 1157 1835 1204 dignatus

1057 1206 1114 1238 est
1128 1202 1223 1245 fieri,
1234 1205 1273 1238 ut
1286 1213 1351 1238 nos
1363 1213 1430 1238 sua
1446 1207 1666 1250 paupertate
1681 1205 1833 1249 ditaret,

1056 1253 1092 1285 et
1125 1249 1340 1285 divitiarum
1372 1260 1523 1286 suarum
1562 1251 1720 1287 donaret
1752 1262 1834 1288 esse

1055 1295 1269 1342 participes,
1291 1300 1325 1331 et
1353 1307 1421 1332 nos
1447 1297 1586 1333 faceret
1613 1298 1674 1334 hic
1696 1297 1736 1334 in
1759 1299 1834 1334 fide

1056 1343 1209 1387 divites,
1240 1346 1277 1378 et
1309 1342 1348 1379 in
1382 1343 1473 1379 coelo
1506 1343 1613 1389 regni
1647 1345 1831 1381 haeredes.

1057 1390 1158 1426 Sicut
1203 1390 1302 1426 enim
1351 1389 1618 1426 mortalitatem
1665 1395 1834 1428 nostram

1056 1437 1268 1483 assumpsit,
1283 1440 1323 1472 ut
1339 1447 1406 1483 per
1419 1447 1502 1473 eam
1520 1437 1629 1473 nobis
1642 1437 1836 1475 immorta-

1056 1484 1200 1520 litatem
1236 1483 1442 1528 conferret,
1481 1483 1533 1520 sic
1572 1488 1834 1531 paupertatem

1056 1534 1223 1567 nostram
1245 1531 1363 1567 voluit.
1379 1541 1585 1576 assumere,
1607 1535 1647 1568 ut
1663 1543 1732 1578 per
1750 1543 1834 1569 eam

1057 1578 1165 1614 nobis
1183 1582 1344 1614 {eternas
1364 1577 1513 1614 divitias
1533 1578 1729 1615 tribueret.
1751 1581 1836 1616 Imi—

1055 1628 1178 1660 temur
1192 1636 1280 1670 ergo
1301 1635 1368 1660 nos
1382 1625 1582 1661 Dominum
1597 1630 1782 1672 nostrum,
1796 1629 1834 1663 et

1055 1675 1300 1717 spontaneam
1318 1674 1576 1718 paupertatem
1592 1678 1775 1718 amemus,
1793 1676 1834 1709 ut

1056 1719 1236 1755 habentes
1254 1719 1392 1754 victum
1412 1722 1448 1754 et
1464 1719 1655 1763 vestitum,
1669 1719 1727 1756 his
1747 1731 1835 1756 con-

1055 1765 1149 1801 tenti
1173 1766 1309 1801 simus!
1332 1766 1403 1802 Cur
1423 1768 1547 1802 autem
1574 1766 1665 1812 pulli
1690 1767 1832 1803 colum-

1056 1813 1202 1856 barum,
1225 1816 1261 1848 et
1287 1823 1364 1848 non
1388 1812 1608 1859 simpliciter
1635 1813 1832 1858 columbae,

1056 1859 1152 1895 sicut
1187 1863 1367 1905 turtures,
1390 1859 1428 1895 in
1464 1859 1649 1896 sacrificia
1684 1860 1833 1896 Domini

1055 1906 1369 1952 permittebantur
1395 1906 1538 1951 offerri,
1561 1907 1727 1944 declarat
1745 1910 1832 1944 Ber-

1055 1955 1206 1994 nardus,
1221 1953 1369 1989 dicens:
1387 1968 1404 1986 «
1421 1955 1463 1989 Et
1477 1953 1561 1989 licet
1574 1953 1667 1990 alias
1681 1954 1832 2000 quidem

1056 2011 1123 2046 per
1137 2001 1349 2037 columbam
1365 2000 1522 2046 Spiritus
1542 2001 1698 2037 Sanctus
1714 2002 1833 2038 soleat

1056 2047 1259 2093 designari,
1278 2047 1365 2093 quia
1384 2051 1511 2084 tamen
1532 2047 1733 2084 libidinosa
1752 2048 1832 2085 avis

1056 2098 1125 2138 est,
1147 2106 1223 2131 non
1249 2095 1373 2131 decuit
1398 2094 1526 2130 offerri
1548 2105 1630 2131 eam
1651 2095 1689 2131 in
1715 2095 1831 2132 sacri-

1056 2141 1140 2178 ficio
1164 2142 1325 2185 Domini,
1342 2143 1410 2177 nisi
1435 2153 1477 2178 ea
1499 2152 1588 2177 sane
1608 2145 1731 2187 aetate,
1748 2153 1832 2189 quae

1057 2189 1216 2225 nesciret
1250 2189 1455 2225 libidinem.
1486 2190 1533 2224 At
1566 2188 1722 2225 turturis
1754 2200 1831 2225 non

1055 2236 1274 2282 designatur
1290 2239 1394 2279 aetas,
1417 2235 1594 2282 quoniam
1614 2235 1833 2281 agnoscitur

1055 2284 1207 2319 castitas
1232 2294 1240 2318 :
1267 2283 1304 2318 in
1333 2293 1568 2329 quacumque
1594 2283 1694 2318 enim
1721 2286 1832 2326 aetate

1055 2341 1229 2377 compare
1250 2341 1324 2366 uno
1346 2333 1520 2366 contenta
1539 2333 1699 2376 est;quo
1717 2329 1832 2366 amis·
1875 2328 1877 2330 ’

1055 2389 1109 2422 so,
1134 2378 1295 2413 alterum
1320 2387 1394 2412 non
1419 2376 1596 2420 admittit,
1620 2376 1831 2413 numerosi-

1053 2428 1168 2461 tatem
1184 2424 1221 2460 in
1240 2423 1339 2460 homi
1346 2423 1455 2460 nibus
1474 2423 1832 2470 nuptiarumredar-

1054 2482 1185 2518 guens.
1208 2472 1367 2508 Cernere
1384 2474 1438 2507 est
1461 2474 1642 2507 turturem
1663 2468 1833 2517 tempore
1891 2507 1893 2509 ,

1054 2530 1129 2555 suae
1151 2518 1340 2555 viduitatis
1361 2521 1497 2554 sanctae
1523 2517 1712 2554 viduitatis
1738 2528 1833 2564 opus

1054 2570 1202 2601 strenue
1216 2576 1258 2601 ac.
1274 2564 1555 2618 infatigabiliter
1564 2567 1829 2610 exequentem;

1053 2613 1180 2649 videas
1220 2613 1358 2658 ubique
1399 2612 1650 2657 slngularem‚
1690 2611 1831 2664 ubique
1882 2621 1891 2624 ”

1053 2662 1265 2705 gementem
1280 2659 1422 2703 audias,
1442 2669 1509 2694 nec
1526 2668 1703 2703 umquam
1724 2669 1762 2694 ln
1780 2669 1832 2693 vi-

1053 2706 1123 2742 ridi
1150 2717 1254 2742 ramo
1287 2706 1514 2741 residentem
1538 2704 1767 2751 prospicias;
1791 2708 1829 2741 et

1052 2757 1093 2789 tu
1116 2754 1162 2789 ab
1188 2764 1232 2789 ea
1258 2753 1379 2789 discas
1408 2752 1641 2798 voluptatum
1668 2751 1829 2788 virentia

1053 2801 1239 2837 virulenta
1265 2800 1394 2836 vitare.
1417 2800 1520 2835 Adde
1545 2799 1644 2846 quod
1667 2799 1705 2835 in
1729 2799 1833 2846 jugis
