1861 3167
291 590 770 667 MONITUM
834 589 961 666 AD
1025 585 1551 665 LECTORES

152 1271 285 1313 Nemo
309 1275 372 1312 est
391 1272 468 1324 qui
490 1283 577 1312 non
604 1271 789 1311 fateatur
808 1270 1191 1322 opportunitatem,
1224 1270 1332 1321 quin
1357 1270 1485 1310 etiam
1513 1269 1743 1310 necessita-

103 1345 202 1392 tem,
235 1343 474 1394 praesertim
511 1342 639 1382 malis
679 1341 798 1382 hisce
836 1340 1117 1392 temporibus,
1151 1352 1249 1381 cum
1288 1341 1416 1381 multi
1445 1341 1536 1392 jam
1566 1340 1744 1393 pseudo-

99 1413 319 1466 prophetae
353 1417 393 1454 et
429 1413 679 1454 Antichristi
711 1414 757 1452 in
791 1412 1009 1452 mundum
1048 1411 1248 1461 exierint,
1281 1412 1358 1463 qni
1387 1411 1535 1451 Jesum
1557 1412 1746 1463 solvunt,

100 1484 205 1524 dum
227 1497 383 1536 purum
404 1484 628 1524 hominem
654 1483 797 1535 ipsum
830 1483 1078 1534 praedicant,
1112 1481 1178 1523 vel
1202 1481 1453 1534 confitentes
1479 1494 1521 1523 se
1544 1483 1747 1524 eumdem

98 1561 147 1597 ut
183 1555 321 1596 Deum
357 1566 494 1601 nosse,
530 1555 662 1607 factis
700 1559 850 1595 tamen
887 1559 1066 1606 neqam,
1108 1555 1153 1593 in
1198 1555 1419 1595 mentibus
1460 1555 1747 1596 resuscitandi

100 1627 494 1680 supereminentem
515 1626 671 1667 Christi
702 1627 944 1677 scientiam,
966 1627 1011 1665 in
1039 1638 1126 1679 quo
1156 1627 1284 1667 unice
1314 1626 1431 1666 salus
1462 1631 1622 1667 aeterna
1651 1639 1746 1679 spe-

97 1697 186 1738 rari
223 1702 394 1750 potest:
419 1695 499 1744 Qaz·
536 1698 655 1738 enim
687 1696 811 1738 habet
847 1697 1027 1745 Filium,
1062 1696 1188 1739 habet
1220 1698 1389 1750 vitam5
1419 1699 1494 1751 qut
1525 1710 1622 1739 vero
1659 1709 1749 1739 non

99 1768 224 1810 habet
247 1767 429 1816 Filium,
450 1770 590 1810 vitam
609 1781 699 1809 non
725 1769 864 1810 habet.

152 1842 254 1883 Ideo
274 1842 567 1882 existimantes
602 1842 647 1882 in
668 1855 713 1883 re
740 1842 848 1883 tanti
881 1842 1114 1893 momenti,
1146 1843 1280 1882 tutius
1313 1842 1360 1882 in
1387 1841 1541 1884 alienis
1567 1844 1747 1895 versari,

99 1925 234 1966 quam
252 1914 303 1955 de
324 1926 434 1955 novo
455 1919 796 1966 praesumptuose
818 1914 983 1967 aliquid
1003 1915 1165 1965 moliri,
1184 1914 1299 1956 hanc
1316 1916 1457 1958 Vitam
1478 1917 1577 1957 Jesu
1594 1916 1750 1958 Christi

100 1998 125 2026 a
162 1984 383 2038 Ludolpho
417 1985 522 2026 olim
555 1991 789 2036 exaratam,
836 1987 1017 2039 pristino
1056 1992 1200 2027 tamen
1236 1987 1378 2028 nitore
1411 1987 1670 2038 restitutam,
1702 1989 1748 2030 in

99 2057 244 2099 lucem
278 2070 430 2098 rursus
469 2057 596 2099 edere
635 2058 882 2099 statuimus.
923 2057 1172 2110 Ludolphus
1215 2059 1334 2099 enim
1370 2059 1538 2109 Senior,
1576 2061 1749 2101 natione

100 2130 221 2179 Saxo,
260 2126 526 2180 professione
570 2127 897 2178 Cal-musianus,
941 2128 1079 2170 officio
1122 2129 1456 2181 Argentinensis
1496 2130 1630 2179 Prior,
1671 2131 1749 2184 qui

100 2212 201 2240 cum
239 2199 293 2240 ad
333 2199 510 2251 triginta
548 2211 685 2240 annos
722 2200 768 2239 in
806 2200 1347 2242 P1·aedicatornm·samilia
1378 2205 1524 2242 sancte
1555 2207 1750 2243 versatus

99 2274 267 2324 suisset,
296 2273 524 2314 severioris
557 2271 799 2324 disciplinae
826 2272 1038 2315 desiderio
1073 2273 1126 2314 ad
1156 2273 1461 2315 carthusianos
1491 2273 1746 2326 convolavit,

100 2356 208 2397 opus
229 2343 654 2396 praestantissimum,
681 2344 793 2398 quod
821 2344 955 2386 Divus
981 2345 1168 2387 Thomas
1195 2357 1326 2398 super
1362 2343 1597 2398 Theologia
1620 2345 1750 2387 Scho-

99 2413 251 2455 lastica
270 2413 509 2456 Summam
553 2414 692 2466 ipsius
731 2415 1013 2468 conficiendo,
1035 2416 1219 2457 feliciter
1260 2425 1492 2468 aggressus
1530 2416 1683 2467 fuerat,
1709 2422 1750 2458 et

100 2486 191 2538 ipse
213 2497 342 2537 super
362 2485 456 2527 vita
483 2485 584 2527 Jesu
612 2486 783 2539 Christi,
804 2499 854 2527 ea
874 2500 972 2528 mex
993 2493 1184 2540 quatuor
1211 2487 1474 2540 Evangeliis,
1501 2501 1551 2529 ex
1587 2488 1749 2532 Latinis

99 2562 141 2598 et
162 2557 317 2598 Graecis
350 2557 623 2610 Auctoribus,
645 2570 694 2598 ac
718 2561 958 2611 praesertim
989 2571 1039 2600 ex
1067 2560 1245 2600 Patrum
1272 2559 1498 2601 sententiis
1524 2564 1563 2600 et
1591 2559 1749 2604 Glossis

100 2629 212 2670 miro
236 2628 417 2670 artificio
441 2630 570 2681 quasi
589 2642 676 2672 uno
699 2636 845 2674 tenore
866 2635 1156 2684 contextuque
1176 2631 1416 2681 conflando,
1442 2643 1644 2682 agressus
1667 2638 1746 2674 est.

160 2699 296 2748 Quam
319 2712 416 2741 vero
441 2700 688 2754 Ludolphus
716 2708 860 2745 noster
889 2703 1083 2756 apprime
1111 2715 1254 2744 sacras
1285 2703 1448 2745 litteras
1473 2704 1686 2752 didicerit,
1708 2709 1749 2744 et

102 2776 277 2825 quantae
301 2772 491 2816 scientiae
514 2774 771 2829 pietatisque
789 2776 932 2828 fuerit,
956 2781 1110 2829 praeter
1132 2776 1216 2817 alia
1233 2776 1399 2827 ingenii
1422 2776 1491 2816 sui
1521 2776 1748 2819 documen-
