1876 3126
127 175 189 208 ⁴272

126 253 240 290 gnum
264 245 316 277 est
335 243 374 276 in
396 240 505 276 coelis.
523 237 638 274 Multa
654 236 753 273 enim
775 247 915 273 merces
935 237 938 286 l

126 294 180 327 est
208 289 245 325 in
272 288 389 331 coelis,
418 286 534 322 multa
558 287 712 331 propter
730 283 915 337 ²iustitiam
936 290 938 314 ἑ

126 336 354 384 patientibus
380 335 417 370 in
436 332 559 369 terris.
583 333 724 368 Merces
747 335 818 367 ista
838 342 916 384 ma·
936 344 937 347 ¹

125 395 199 431 gna
233 387 302 428 est,
333 382 450 417 multa
469 383 536 423 est,
558 379 720 426 pretiosa
739 382 808 423 est,
831 379 915 414 diu-

127 435 238 468 turna
268 433 335 466 est.
365 431 454 465 Tam
475 437 611 473 magna
631 430 700 470 est,
725 426 823 472 quod
843 436 918 461 non
938 431 939 434 ’

125 481 247 524 potest
266 474 557 521 comprehendi3
585 477 662 510 tam
696 473 812 509 multa
846 476 916 516 est,

126 525 227 571 quod
256 535 329 560 non
357 526 481 570 potest
501 520 711 566 numerari;
734 524 810 556 tam
831 530 916 565 pre·
938 520 939 525 ’

126 572 223 608 tiosa
240 575 308 614 est,
333 570 433 616 quod
454 580 531 605 non
562 571 685 615 potest
713 566 913 609 aestimari;

122 622 199 654 tam
233 619 410 654 diuturna
439 620 508 660 est,
545 616 645 661 quod
684 626 758 650 non
795 616 917 659 potest

122 665 237 703 finiri.
268 667 408 701 Merces
433 663 506 699 ista
531 666 632 698 tanto
667 665 722 697 θεῖ
749 660 913 703 uberior,

122 716 261 759 quanto
288 711 425 757 gaudio
447 715 483 747 et
503 709 762 750 exsultatione,
785 707 822 742 in
850 706 914 741 tri-

122 760 392 801 bulationibus,
415 759 509 793 fides
529 760 584 792 est
607 755 787 791 devotior.
816 755 914 788 Deus

121 807 234 845 enim,
267 818 339 842 non
364 810 439 841 tam
465 803 712 850 quantitatem
740 801 911 836 laborum

121 854 178 890 vel
200 853 477 889 multitudinem
504 859 659 896 operum
682 849 911 898 remunerat,

120 911 232 947 quam
268 900 486 946 qualitatem
517 901 554 932 et
581 895 733 931 modum
760 893 911 936 radicis,
933 899 934 931 ζ

121 957 164 984 ex
194 959 266 993 qua
293 947 464 982 oriuntur
495 947 531 979 et
575 943 796 978 tolerantur.
833 941 934 975 Non

122 995 221 1031 enim
243 992 405 1029 attendit
433 993 629 1036 quantum,
646 988 710 1023 sed
731 998 774 1023 ex
795 997 912 1032 quan-
932 975 934 1026 !

123 1044 160 1076 to
180 1052 190 1084 3
212 1050 299 1075 nam
324 1038 509 1073 minutum
531 1036 651 1071 viduae
668 1034 831 1080 praetulit
845 1035 912 1069 Za-
932 1028 934 1063 l

121 1087 214 1123 chaei
239 1085 408 1121 diinidio.
436 1083 610 1121 Sentiunt
630 1093 732 1127 ergo,
756 1084 797 1117 ut
824 1080 913 1116 dicit

118 1135 363 1177 Auyusunus,
378 1132 487 1167 istam
502 1130 726 1173 mercedem,
741 1128 802 1174 qui
818 1139 910 1174 gau-

120 1181 211 1217 dent
250 1180 287 1215 in
324 1179 429 1215 bonis
460 1176 733 1224 spiritualibus;
774 1176 839 1211 sed
869 1186 912 1210 ex

120 1228 221 1263 omni
254 1231 360 1273 parte
396 1225 654 1273 perficientur,
690 1233 773 1258 cum
797 1222 910 1258 etiam

121 1275 282 1311 mortale
318 1275 388 1309 hoe
417 1272 582 1308 induerit
613 1269 908 1306 immortalitem.

123 1323 193 1359 Sed
234 1332 315 1365 nos,
345 1321 440 1356 beu!
469 1322 505 1355 in
531 1318 656 1354 multis
689 1316 933 1362 decipimur.[

120 1369 275 1413 Quando
288 1368 387 1404 enim
404 1367 512 1403 nobis
527 1366 694 1402 arrident
711 1363 908 1406 secularia,
931 1367 933 1389 ³

119 1417 268 1462 quando
301 1416 432 1461 vulgus
464 1413 635 1449 laudibus
672 1422 739 1447 nos
761 1410 933 1454 attollit,v

118 1464 325 1509 gaudemus
352 1469 388 1498 et
413 1461 653 1503 exsultamus,
687 1457 933 1510 cum—magis,

118 1512 209 1546 flere
232 1514 267 1546 et
294 1510 420 1545 dolere
447 1509 697 1549 deberemus·,
722 1515 809 1550 qula
830 1515 910 1540 ma-
931 1514 933 1558 i

120 1557 177 1604 gis
221 1556 429 1603 periculum
467 1558 552 1590 sunt
583 1562 764 1600 prospera
798 1561 933 1604 quamj

120 1605 167 1640 ad
181 1614 303 1647 versa,
323 1603 451 1638 laudes
468 1612 580 1647 quam
602 1598 907 1645 vituperationes.
931 1606 933 1651 j

119 1651 355 1687 Gaudeamus
379 1660 467 1695 ergo
496 1652 532 1684 et
558 1647 797 1688 exsultemus,
827 1654 933 1691 cumg

115 1697 318 1744 Apostolis,
340 1697 474 1742 quibus
495 1696 644 1731 salubre
660 1692 852 1738 gaudium,
874 1695 911 1727 et
931 1693 932 1735 l

119 1744 281 1781 salubris
295 1744 492 1779 exsultatio
509 1743 804 1782 demonstratur,
825 1749 908 1774 cum
931 1745 933 1791 ζ

586 166 729 200 rium
767 143 918 200 rimis
959 165 1096 199 CAPUT
1132 166 1293 199 xxxin

966 237 1079 280 bona,
1101 235 1156 272 vir
1173 236 1306 281 bonus,
1335 236 1414 273 sine
1432 240 1468 274 te
1490 238 1643 274 stultum
1658 237 1758 274 vide-

966 283 1012 328 ri,
1039 283 1118 319 sine
1139 287 1399 320 contemnatte
1420 285 1566 330 aliquis.
1583 285 1757 331 Quisquis

967 331 1081 375 volet,
1104 330 1170 366 tibi
1189 332 1453 368 contumeliam
1476 332 1587 368 saciat
1604 336 1640 368 et
1664 331 1757 378 inju-

967 377 1080 422 riam3
1098 381 1135 413 tu
1156 381 1280 414 tamen
1304 379 1395 414 nihil
1415 378 1623 425 patieris,si
1645 379 1755 415 modo

968 428 1091 460 tecum
1110 425 1181 460 erit
1198 425 1340 461 virtus:
1370 440 1388 458 »
1414 428 1494 462 haec
1515 428 1659 463 Seneca.

1020 487 1058 518 17
1093 473 1164 507 Eos
1203 484 1331 508 nmxnn
1354 485 1514 509 mammo
1542 485 1586 509 AD
1613 484 1757 510 PATIEN-

968 530 1050 553 Tmu
1076 530 1269 554 rnovocu.
1293 541 1339 545 —
1368 522 1450 556 Non
1479 520 1600 556 solum
1631 523 1760 557 autem

967 564 1137 616 praemio,
1163 566 1228 601 sed
1262 565 1375 602 etiam
1408 568 1591 613 exemplo,
1612 578 1676 604 eos
1711 566 1760 604 ad

970 615 1189 655 patientiam
1207 617 1399 657 provocat,
1416 617 1451 649 et
1470 613 1760 659 rigoremtribu-

967 658 1147 693 lationum
1170 662 1367 704 temperat,
1383 661 1673 706 confortansque
1693 671 1759 697 eos

967 705 1134 750 exemplo
1158 706 1444 750 Prophetarum,
1470 710 1506 742 et
1526 708 1692 743 suadens
1711 707 1759 743 ad

965 751 1239 796 sustinendum,
1259 753 1554 790 consolationem
1582 754 1636 790 eis
1656 754 1702 790 de
1719 753 1763 789 il-

964 798 1085 850 lorum
1106 798 1284 835 societate
1307 804 1472 845 praestat,
1497 800 1558 846 qui
1585 804 1673 837 ante
1695 811 1760 837 eos

963 845 1183 882 afflictiones
1198 846 1320 882 varias
1341 847 1726 892 pertulerunt‚dicens
1747 859 1756 883 ε

963 894 1023 944 Sic
1056 894 1163 935 enim,
1199 893 1412 937 crudeliter,
1439 894 1697 940 multiplieiter
1722 897 1760 930 et

964 943 1213 984 incessanter,
1232 943 1414 986 persecuti
1439 945 1524 976 sunt
1557 943 1759 987 Prophetas

963 997 1085 1029 veros,
1115 992 1154 1022 ut
1179 987 1397 1033 Jeremiam,
1427 987 1577 1031 Isaiam,
1605 991 1642 1024 et
1665 988 1760 1024 alios

964 1035 1028 1078 qui
1043 1035 1194 1076 fuerunt
1214 1038 1297 1070 unte
1314 1046 1388 1076 vos,
1408 1035 1511 1081 quia,
1525 1046 1592 1081 pro
1603 1034 1761 1072 veritate

962 1080 1265 1132 persecutionem
1286 1086 1371 1117 sunt
1391 1082 1505 1128 passi,
1530 1087 1566 1118 et
1591 1082 1643 1118 ita
1666 1083 1756 1118 dant

964 1128 1072 1179 vobis
1098 1129 1306 1174 exemplum
1329 1133 1364 1165 et
1387 1129 1556 1165 animum
1578 1129 1757 1175 patiendi.

962 1175 1075 1226 Quasi
1099 1175 1270 1211 diceret:
1296 1177 1376 1212 Non
1411 1176 1597 1212 mIremini
1631 1176 1661 1212 si
1693 1187 1760 1212 vos

964 1221 1172 1266 patiamini,
1195 1222 1282 1267 quia
1316 1234 1390 1258 non
1427 1226 1484 1259 est
1509 1234 1659 1267 novum,
1685 1234 1755 1259 nec

962 1268 1169 1304 insolitum.
1191 1270 1343 1305 Illorum
1356 1281 1446 1315 ergo
1468 1270 1679 1315 exemplum
1694 1281 1762 1306 vos

963 1315 1106 1367 doceat,
1137 1316 1166 1351 si
1204 1317 1355 1352 illorum
1394 1327 1461 1352 vos
1492 1317 1687 1354 beatitudo
1726 1320 1763 1353 et

962 1364 1093 1414 laetitia
1129 1363 1312 1407 delectat;
1350 1364 1503 1400 illorum
1548 1364 1762 1410 exemplum

963 1420 1037 1461 vos·
1060 1409 1204 1455 lnvitet,
1232 1422 1279 1447 ne
1303 1410 1439 1447 timore
1476 1411 1660 1447 deficiatis
1692 1421 1760 1457 pro

962 1460 1133 1501 veritate,
1155 1468 1222 1503 pro
1249 1469 1324 1503 qua
1343 1457 1414 1503 ipsi
1442 1458 1543 1504 passi
1571 1461 1657 1494 sunt
1681 1458 1762 1494 sine

964 1504 1131 1549 exemplo
1142 1516 1205 1540 eos
1220 1504 1417 1541 invitante.
1432 1505 1643 1541 Secundum
1661 1506 1762 1541 hune

965 1550 1129 1602 modum,
1155 1553 1300 1588 ostendi
1322 1552 1415 1588 solet
1442 1552 1653 1598 elephantis
1675 1563 1760 1588 san-

963 1608 1047 1645 guis
1070 1610 1151 1634 uvae
1186 1602 1222 1634 et
1258 1599 1367 1643 mori,
1393 1599 1440 1635 ad
1461 1600 1671 1635 acuendum
1697 1609 1762 1635 eos

964 1647 1000 1682 in
1026 1646 1211 1690 prcetium.
1252 1646 1431 1682 Similiter
1452 1647 1561 1682 nobis
1578 1645 1761 1692 proponi-

961 1698 1021 1729 tur
1056 1693 1265 1738 exemplum
1300 1692 1437 1728 Christi
1466 1697 1502 1728 et
1540 1697 1761 1739 martyrum,

961 1742 1008 1776 ad
1041 1740 1329 1776 confortandum
1351 1750 1420 1775 nos
1453 1739 1491 1774 in
1517 1739 1763 1776 tribulatione

120 1792 174 1829 eis
194 1791 232 1827 in
261 1790 497 1826 contumeliis
525 1793 561 1825 et
584 1785 909 1834 persecutionibus
960 1786 1278 1834 persecutionum.
1307 1788 1351 1822 Et
1385 1786 1523 1822 idcirco
1557 1786 1761 1833 propositae

117 1839 359 1885 gaudendum
394 1848 473 1873 e—se
494 1842 530 1872 et
562 1834 821 1871 exsultandum
845 1833 908 1868 de·
931 1875 933 1879 y
960 1836 1089 1881 gloriae
1128 1833 1324 1879 praemium
1370 1833 1668 1878 considerantes,
1690 1862 1693 1869 ,
1715 1834 1763 1870 ad

116 1885 325 1922 nuntiatur.
355 1885 460 1920 Unde
490 1886 729 1926 Hieronymus
759 1893 768 1915 :
794 1895 810 1911 «
836 1881 907 1915 Ne·
930 1898 933 1923 f
961 1893 1111 1918 omnem
1132 1881 1374 1916 tolerantiam
1400 1880 1602 1926 passionis,
1626 1881 1764 1918 devota

119 1933 194 1969 scio
219 1932 301 1978 quis
319 1933 390 1967 hoc
414 1934 584 1966 nostrum
601 1930 719 1976 possit
736 1926 908 1972 implere,
931 1926 933 1959 l
961 1930 1049 1974 fide,
1071 1927 1192 1975 parati
1220 1938 1302 1963 esse
1323 1927 1520 1971 debemus,
1541 1931 1584 1964 ut
1607 1938 1761 1964 consor-

118 1984 158 2016 ut
177 1980 363 2015 laceretur
391 1977 604 2024 opprobriis
639 1977 739 2011 fama
766 1976 908 2017 nostra,
931 1993 933 2009 r
961 1980 1017 2012 tes
1056 1976 1185 2023 gloriae
1215 1975 1489 2020 Prophetarum
1517 1978 1630 2020 atque
1665 1976 1763 2022 Apo-

117 2031 153 2063 et
175 2038 243 2062 nos
280 2026 506 2061 exsultemus
540 2025 577 2059 in
615 2022 785 2059 Domino·
830 2022 906 2056 HOC
930 2015 932 2060 l
961 2024 1157 2061 stolorum.
1182 2021 1280 2057 effici
1309 2032 1532 2057 mereamur.
1557 2023 1639 2058 Non
1673 2033 1763 2068 ergo

115 2073 178 2120 qui
204 2083 340 2109 vanam
367 2076 530 2108 sectatur
550 2070 724 2116 gloriam,
752 2067 909 2113 implere
930 2065 933 2090 l
961 2072 1072 2108 debet
1103 2068 1187 2115 quis
1209 2068 1343 2104 timore
1368 2068 1638 2114 persecutionis
1664 2069 1762 2107 veni-

115 2131 194 2157 non
223 2124 358 2165 potest.
395 2119 567 2155 Gaudere
587 2117 701 2163 igitur
721 2118 758 2152 et
786 2114 908 2167 exsul-

115 2171 195 2204 tare
217 2168 410 2209 debemus,
431 2170 470 2201 ut
490 2176 634 2201 merces
656 2163 766 2200 nobis
784 2173 822 2197 ln
839 2172 909 2198 coe-

116 2214 272 2251 lestibus
292 2216 536 2258 praeparetur.
553 2212 750 2257 Eleganter
764 2209 803 2244 in
821 2220 911 2254 quo-

119 2262 207 2297 dam
247 2259 440 2295 volumine
482 2259 662 2305 scriptum
702 2256 862 2303 legImus
901 2267 908 2291 :

118 2309 199 2344 Non
220 2317 366 2353 quaeras
403 2306 576 2352 gloriam,
607 2309 642 2341 et
665 2316 742 2340 non
768 2302 912 2339 dolebis

120 2365 204 2391 cum
225 2353 409 2400 inglorius
426 2353 555 2389 fueris.
579 2366 596 2385 »
622 2352 728 2388 Unde
749 2354 784 2387 et
806 2351 913 2395 Chry-

121 2406 298 2438 sostomus
320 2414 330 2436 :
355 2415 373 2433 «
396 2401 584 2444 Quantum
605 2398 741 2445 aliquis
764 2399 915 2434 laetatus

119 2450 166 2486 de
192 2447 365 2485 laudibus
392 2447 600 2491 hominum,
627 2450 773 2482 tantum
801 2445 846 2480 de
866 2446 916 2480 vi-

121 2495 356 2542 tuperatione
372 2494 554 2530 tristatur.
568 2493 635 2537 Qui
654 2504 742 2529 vero
757 2491 915 2537 gloriam

121 2542 349 2589 concupiscit
381 2541 420 2577 in
454 2541 562 2586 coelo,
601 2540 802 2587 opprobria
839 2550 915 2576 non

122 2590 231 2627 timet
252 2589 292 2625 in
319 2589 442 2625 terris.
468 2602 486 2622 »
511 2588 614 2625 Unde
636 2587 726 2623 dicit
749 2588 881 2623 Seneca
903 2601 913 2623 .-

124 2650 143 2672 «
175 2639 388 2682 Numquam
423 2635 509 2672 felix
547 2646 602 2680 es,
624 2635 654 2671 si
686 2634 852 2670 nondum
878 2638 915 2671 te

124 2685 235 2721 turha
254 2683 413 2720 deridet.
443 2685 479 2721 Si
500 2684 633 2720 beatus
658 2693 739 2719 esse
758 2681 827 2721 vis,
853 2692 914 2717 co-

125 2731 202 2778 gita
221 2732 292 2767 hoc
311 2730 478 2777 primum
496 2734 735 2767 contemnere
752 2734 915 2766 contem-

126 2782 244 2825 ptum.
292 2779 328 2814 Si
355 2779 410 2814 vis
454 2778 587 2815 beatus
630 2788 725 2824 esse,
765 2776 795 2813 si
838 2776 914 2814 fide

961 2122 1076 2154 tatem
1107 2118 1295 2160 deserere,
1323 2116 1389 2151 sed
1409 2115 1531 2162 potius
1563 2116 1629 2152 ubi
1657 2115 1761 2152 Chri—

962 2169 1040 2202 stus
1060 2165 1099 2200 in
1117 2174 1232 2200 causa
1251 2166 1319 2208 est,
1339 2163 1643 2208 persecutionem
1674 2163 1765 2200 affe-

962 2217 1075 2249 ctare.
1101 2213 1147 2247 Ut
1187 2210 1287 2247 enim
1322 2209 1411 2246 dicit
1449 2210 1650 2255 Apostolus
1678 2221 1686 2246 :
1716 2212 1764 2247 Et

962 2270 1080 2296 omnes
1101 2260 1166 2304 qui
1195 2260 1257 2304 pie
1273 2258 1399 2293 volunt
1419 2259 1537 2292 vivere
1558 2259 1596 2293 in
1619 2258 1762 2294 Christo

962 2310 1058 2349 Jesu,
1074 2307 1358 2353 persecutionem
1383 2306 1582 2350 patientur.
1607 2303 1645 2340 Si
1671 2314 1761 2350 ergo

963 2352 1263 2401 persecutionem
1293 2351 1448 2398 pateris,
1480 2351 1618 2387 habeto
1642 2350 1681 2386 id
1706 2351 1758 2387 si-

964 2411 1078 2448 gnum
1098 2400 1135 2436 iu
1164 2400 1318 2444 bonum,
1348 2398 1436 2445 quia
1458 2397 1519 2444 pie
1543 2397 1583 2434 in
1611 2397 1758 2435 Christo

964 2448 1069 2484 vivis.
1095 2449 1188 2484 Nam
1215 2445 1246 2482 si
1269 2457 1345 2482 non
1362 2448 1502 2492 pateris
1528 2445 1758 2492 perseeutio-

965 2506 1072 2540 nem,
1098 2505 1174 2531 non
1203 2493 1258 2529 vis
1282 2493 1342 2540 pie
1374 2493 1500 2529 vivere
1529 2493 1568 2528 in
1595 2491 1756 2530 Christo.

966 2543 1072 2579 Unde
1100 2542 1315 2577 Ambrosius
1337 2553 1347 2575 :
1372 2554 1390 2574 «
1410 2542 1455 2576 Et
1475 2540 1646 2585 fortasse,
1675 2549 1758 2576 cum

964 2588 1246 2636 persecutiones
1269 2598 1345 2624 non
1366 2588 1545 2634 patimur,
1563 2592 1759 2633 tamquam

966 2635 1206 2673 condemnati
1218 2635 1510 2682 habemur,quia
1519 2643 1758 2680 nequaquam

967 2684 1026 2730 pie
1058 2683 1184 2720 vivere
1206 2682 1378 2719 volumus
1398 2682 1437 2718 in
1466 2681 1626 2719 Christo.
1664 2681 1757 2717 Nam

966 2730 1110 2776 utique,
1149 2741 1234 2766 cum
1269 2729 1317 2765 sit
1364 2728 1521 2765 definita
1555 2728 1757 2772 sententia,

964 2778 1064 2824 quod
1083 2787 1214 2814 omnes
1235 2776 1298 2824 qui
1328 2777 1458 2812 volunt
1486 2774 1547 2822 pie
1575 2774 1698 2811 vivere
1721 2773 1758 2810 in
