1902 3126
441 179 491 212 DE
530 177 905 212 PRAESENTATtONE
945 177 1103 210 DOMtxt
1145 177 1184 209 tx
1222 177 1450 211 TEMl'LlTM.
1709 181 1765 213 113

116 261 164 287 eo
201 249 301 296 quod
334 246 631 284 misericordiam
655 244 694 280 in
722 244 785 281 illo
815 245 896 281 loco

120 299 342 334 consecutus
363 296 495 331 suerat.
515 294 554 328 ln
575 293 645 328 hoc
665 297 795 328 sancto
816 292 896 327 loco

122 355 206 382 cum
243 344 433 384 Salomon,
471 350 584 386 opere
622 343 896 383 consummato,

125 391 282 428 Domino
318 387 503 425 sacrificia
544 387 698 423 offerret
713 415 721 431 ,
763 386 900 423 nebula

122 437 287 485 implevit
313 436 481 479 domum,
510 438 547 470 et
578 436 754 480 apparuit
780 435 900 479 91ονιά

119 487 276 526 Domini,
299 487 336 519 et
363 484 460 526 ifflzis
482 482 699 517 descendens
729 482 772 517 de
801 483 899 521 carlo,

112 533 306 568 devoravit
328 531 552 566 holocausto.
573 530 663 566 Cum
690 533 815 565 autem
835 528 899 572 ibi,

118 579 222 616 tlexis
249 578 409 626 genibus
431 580 467 613 et
494 576 669 613 manibus
695 577 743 612 ad
765 577 901 613 coelum

115 626 308 674 expansis,
327 625 505 662 Salomon
518 624 720 660 Dominum
740 628 899 668 orasset,

116 678 158 710 ut
177 673 406 720 quicumque
428 671 612 708 beneficia
637 671 819 718 petiturus
846 671 901 707 in-

117 721 352 767 grederetur,
387 730 518 766 preces
556 720 636 765 ejus
675 730 697 755 a
742 719 902 756 Domino

121 768 391 815 reciperentur,
424 767 597 813 apparuit
631 766 665 802 ei
709 766 903 811 Dominus,

120 816 250 852 <licens
271 827 278 850 ε
297 815 439 851 Audiri
463 816 661 850 orationem
682 818 781 849 ticam
799 828 808 857 ,·
832 816 903 849 ele-

118 865 160 906 ,ςά
191 865 286 899 enim
320 866 352 898 et
377 863 604 906 sanetificavi
635 862 750 897 Iocum
778 864 901 896 istum.

123 914 163 947 ln
186 912 255 947 hoc
278 910 358 946 loco
379 909 601 945 Heliodorus
622 919 643 944 a
664 919 752 955 rege
772 909 904 944 Antio-

121 959 192 994 =·ho
213 957 364 1001 missus,
388 960 425 992 ut
447 957 568 992 locum
591 960 762 992 sanctum
785 956 903 991 viola-

124 1009 227 1043 retet
247 1005 440 1051 spoliaret,
456 1004 729 1050 flagellatus‚et
755 1004 834 1039 sine
852 1003 904 1039 in·

122 1052 362 1090 termissione
381 1051 507 1087 multis
527 1051 648 1097 plagis
669 1051 904 1095 vulneratus,

124 1102 345 1138 verberatus
372 1103 441 1136 est.
465 1099 660 1145 Templum
690 1103 816 1135 autem
835 1100 904 1135 Do-

124 1148 215 1184 mini
230 1151 400 1190 vocatur,
417 1146 503 1192 quia
516 1145 553 1181 in
572 1157 616 1182 eo
636 1146 820 1182 sacrificia
838 1148 906 1182 Do-

127 1196 228 1232 mino
250 1195 529 1237 offerebantur;
552 1194 616 1229 sed
641 1194 753 1230 modo
774 1205 906 1230 conse-

127 1247 274 1280 eratum
313 1247 369 1278 est
404 1241 440 1276 in
481 1242 663 1277 honorem
702 1241 907 1278 Salvatoris

127 1290 270 1333 mundi,
293 1288 570 1334 Genitricisque
594 1289 674 1334 ejus
696 1290 736 1324 Β.
765 1289 906 1324 Mariae.

123 1338 229 1382 Quod
253 1337 336 1372 licet
357 1336 476 1383 primo
498 1346 519 1371 a
541 1335 770 1381 Babyloniis,
793 1340 828 1371 et
848 1347 911 1382 po-

124 1391 205 1421 stea
218 1395 239 1421 a
251 1383 430 1420 Romanis
445 1382 554 1418 suerit
573 1383 818 1425 destructum,
830 1394 852 1419 a
871 1384 912 1418 fi-

122 1432 272 1469 delibus
288 1436 412 1467 tamen
430 1435 462 1466 et
480 1430 666 1476 religiosis
684 1430 910 1476 viris,opere

127 1479 302 1522 rotundo,
323 1478 357 1513 in
378 1478 510 1514 eodem
529 1477 625 1521 loco,
650 1477 847 1523 magnifice
875 1480 911 1513 et

127 1525 391 1563 miroartilicio
410 1528 461 1560 est
478 1524 613 1560 iterum
626 1529 854 1571 reparatum.
869 1526 908 1560 ln

130 1574 311 1616 hocloco,
324 1574 434 1609 beata
444 1572 557 1617 Virgo
570 1583 653 1608 cum
667 1572 750 1608 aliis
760 1572 909 1618 virgini-

127 1623 210 1665 bus,
233 1620 370 1657 dicitur
394 1619 641 1662 ministrasse,
665 1619 793 1665 templi
826 1630 909 1655 cor-

126 1668 225 1705 tinas
247 1672 283 1704 et
304 1667 527 1704 vestimenta
548 1667 797 1703 sacerdotalia
817 1677 909 1713 prae-

128 1715 313 1762 parando,
354 1714 499 1751 litteras
535 1725 662 1751 sacras
693 1714 908 1758 addiscens,

116 1763 291 1811 jejuniis,
315 1762 467 1808 vigiliis,
499 1762 735 1799 orationibus
761 1766 797 1798 et
820 1761 912 1798 divi-

126 1821 258 1848 narum
289 1810 491 1851 lectionum
522 1809 656 1846 studiis
691 1820 839 1846 vacans.
872 1811 909 1845 ln

126 1859 198 1895 hoc
219 1859 316 1901 loco,
351 1858 440 1894 dum
466 1861 616 1894 sanctus
635 1857 833 1893 Zacharias
853 1857 909 1893 in-

127 1916 283 1942 censum
307 1905 464 1942 Domino
487 1905 654 1948 offerret,
675 1905 850 1951 apparuit
875 1904 909 1941 ei

128 1954 294 2000 Angelus
318 1981 326 1997 ,
366 1952 545 1989 nuntians
584 1952 655 1989 sibi
698 1953 910 1989 orationem

129 2011 238 2036 snam
259 2011 343 2037 esse
364 2000 591 2045 exauditam,
609 2004 645 2036 et
665 1999 821 2037 Joannis
844 2010 909 2035 na-

129 2047 313 2084 tivitatem
351 2049 529 2085 suturam.
569 2050 609 2084 In
639 2048 708 2083 hoc
740 2047 837 2091 loco,
872 2051 911 2083 ut

130 2095 190 2132 hic
227 2095 381 2140 dicitur,
422 2095 603 2131 Dominus
643 2101 770 2131 noster
804 2096 910 2131 Jesus

131 2142 302 2179 Christus
329 2154 351 2180 a
377 2143 597 2189 parentibus
625 2147 681 2178 est
705 2142 865 2186 oblatus,
890 2154 911 2177 a

131 2190 308 2228 Simeone
345 2195 554 2237 susceptus,
582 2202 604 2227 a
638 2193 769 2226 sam-ta
804 2192 911 2226 Anna

131 2237 447 2277 vidua.omnibus
465 2238 527 2284 qui
543 2238 810 2284 exspectabant
831 2237 912 2273 red-

132 2285 361 2331 emptionem
402 2285 531 2329 Israel‚
572 2285 829 2321 annuntiatus.
871 2286 909 2321 ln

131 2333 203 2368 hoc
218 2332 372 2379 templo,
388 2334 511 2377 Jesus,
527 2334 697 2379 cumjam
713 2331 911 2368 duodecim

132 2383 232 2416 esset
251 2390 454 2423 annorum,
475 2380 652 2417 inventus
673 2384 742 2423 est,
765 2380 812 2416 ad
833 2379 912 2416 dis-

130 2427 366 2474 putationem
385 2428 535 2472 sedens,
566 2428 603 2463 in
627 2427 750 2464 medio
780 2427 911 2464 docto-

132 2485 229 2510 rum.
249 2476 369 2521 Supra
385 2474 625 2521 pinnaculum
643 2476 753 2521 hujus
768 2474 911 2522 templi,

129 2523 262 2558 Jesum
281 2522 454 2559 diabolus
471 2523 615 2567 statuit,
629 2527 662 2559 et
680 2526 718 2558 ut
739 2533 778 2558 se
802 2523 912 2559 deor-

133 2580 215 2606 sum
238 2569 416 2614 mitteret,
439 2570 618 2606 tentando
640 2569 838 2617 suggessit.
857 2571 912 2607 Ab

134 2617 204 2653 hoc
236 2618 390 2664 templo,
426 2618 630 2655 vendentes
671 2623 705 2654 et
745 2621 913 2654 ementes

134 2664 258 2709 ejecit,
292 2676 335 2701 ac
371 2675 520 2702 mensas
560 2665 912 2709 nummulariorum,

137 2715 173 2748 et
208 2713 407 2749 cathedras
442 2714 635 2749 columbas
673 2712 914 2750 vendentium

136 2759 284 2797 evertit.
308 2761 348 2796 In
372 2761 510 2807 templo
531 2761 614 2803 hoc,
641 2760 729 2797 dum
751 2771 916 2797 morare-

138 2809 201 2842 tur
231 2806 267 2843 in
303 2809 527 2853 Jerusalem,
556 2807 715 2844 docebat
749 2808 913 2850 Judaeos,

227 2863 318 2898 Vm
334 2865 421 2901 ‹Jusu
439 2867 595 2905 Cunisri,
612 2876 724 2901 'R'OML'S
745 2868 771 2900 !.

979 245 1063 280 licet
1085 255 1170 280 eum
1193 246 1426 282 wmulantes.
1455 248 1493 282 ln
1516 248 1655 294 templo
1677 249 1762 294 hoc,

979 291 1151 328 liberavit
1178 292 1389 328 adulteram
1423 295 1470 330 ab
1501 296 1763 333 accusantibus

979 349 1076 375 eam.
1098 339 1321 375 Imminente
1339 340 1450 376 etiam
1471 343 1553 388 ejus
1573 343 1762 389 passione,

979 390 1059 423 tota
1080 386 1140 422 die
1165 390 1245 421 erat
1276 387 1314 421 in
1345 389 1484 433 templo
1516 390 1586 425 hor,
1607 391 1763 436 dorenS,

980 438 1016 469 et
1046 443 1202 480 vespere
1231 433 1269 468 in
1308 435 1528 472 Bethaniam
1567 438 1762 474 secedens.

982 481 1099 526 Hujus
1135 479 1263 527 templi
1295 481 1416 517 velum
1452 482 1488 517 in
1525 489 1644 521 morte
1685 487 1765 532 ejus

981 528 1138 564 scissum
1161 532 1218 564 est
1232 538 1254 563 a
1269 538 1416 563 summo
1436 540 1552 575 nsque
1571 532 1764 577 deorsum,

981 580 1019 612 ut
1046 579 1190 622 pateret
1226 574 1404 611 introitus
1434 577 1480 611 ad
1515 583 1643 615 sancta
1677 591 1765 616 san-

981 627 1141 659 ctorum.
1165 624 1219 659 Ab
1250 623 1362 669 hujus
1392 623 1520 669 templi
1551 625 1765 670 pinnaoulo,

983 682 1113 707 versus
1160 669 1356 706 meridiem
1378 698 1386 714 ,
1431 670 1562 707 beatus
1605 674 1769 710 Jacobus

982 717 1367 764 Apostolus,primus,
1385 718 1454 754 sub
1472 719 1770 764 gi‘atia„le1*‹)so-

985 767 1171 812 lymorum
1194 765 1415 812 Episcopus,
1444 766 1655 811 praedicans
1677 778 1769 813 prte-

985 813 1158 860 cipitatus
1179 817 1212 849 et
1231 812 1372 859 pertica
1389 813 1539 849 fullonis
1556 825 1768 860 percussus,

986 861 1165 907 martyrio
1179 865 1234 896 est
1248 864 1462 896 coronatus.
1475 862 1578 897 Inter
1595 862 1664 897 hoc
1681 867 1770 898 tcm-

985 909 1088 954 plnm
1101 914 1135 945 et
1150 908 1283 952 altare,
1296 908 1395 954 quod
1409 912 1560 944 estante
1571 910 1768 955 templum,

987 957 1092 1000 foris,
1116 956 1154 991 in
1184 955 1296 999 atrio,
1326 955 1374 991 ad
1403 955 1599 992 meridiem
1629 958 1770 993 Zacha-

985 1003 1076 1047 rias,
1089 1003 1188 1039 lilius
1201 1002 1408 1047 Barachiae,
1421 1008 1563 1050 martyr
1579 1004 1767 1041 occubuit.

1034 1055 1092 1088 55.
1124 1052 1238 1087 Hesus
1266 1062 1387 1086 SANCTI
1411 1063 1537 1086 Tffiwm
1563 1053 1771 1088 ercstEu

987 1110 1205 1134 nascmrrio.
1237 1119 1283 1124 -—-
1308 1100 1431 1144 Ipsum
1462 1109 1549 1135 vero
1589 1100 1771 1145 templum

988 1146 1193 1183 rotundum
1221 1150 1368 1181 constat
1395 1157 1437 1181 ex
1459 1150 1542 1181 octo
1564 1146 1771 1193 parietibus

989 1194 1221 1237 conclusum,
1238 1193 1400 1229 exterius
1417 1204 1484 1239 per
1498 1193 1773 1237 t‘·ircnitum,in-

989 1241 1106 1277 terius
1127 1251 1216 1277 vero
1233 1240 1448 1286 ingentibus
1467 1241 1653 1277 columnis
1672 1252 1771 1277 mar-

992 1288 1130 1325 moreis
1142 1287 1591 1334 perti‘ivinn13i111nedio
1607 1299 1770 1334 quoque,

992 1336 1072 1380 ipsa
1111 1335 1322 1379 altitudine,
1352 1335 1389 1370 in
1416 1336 1569 1371 modum
1609 1336 1773 1372 fornacis

992 1388 1049 1419 est
1069 1383 1286 1419 obductum.
1310 1384 1371 1418 Est
1393 1387 1518 1418 autem
1545 1382 1774 1419 intrinsecus

992 1430 1171 1476 scriptum
1192 1429 1229 1464 in
1253 1440 1428 1476 supremo
1463 1430 1593 1466 ordine
1618 1442 1625 1466 z
1654 1431 1771 1472 Audi,

992 1480 1154 1518 Domine,
1175 1479 1348 1521 hymnum
1368 1481 1401 1512 et
1427 1480 1639 1518 oracionem,
1663 1489 1774 1523 quoin

991 1535 1116 1560 servus
1161 1528 1244 1558 tuus
1285 1528 1365 1559 orat
1402 1535 1521 1559 eornm
1560 1529 1606 1565 tc,
1653 1526 1772 1566 hodie,

994 1576 1032 1607 ut
1052 1574 1127 1607 sint
1157 1573 1253 1607 oculi
1279 1574 1335 1607 tui
1361 1573 1481 1617 aperti
1501 1582 1609 1617 snper
1629 1572 1774 1607 domum

992 1622 1116 1660 istum,
1141 1619 1200 1654 die
1235 1630 1276 1654 ac
1317 1622 1432 1654 nocte.
1470 1620 1510 1654 In
1547 1630 1775 1666 unoquoque

995 1678 1081 1703 vero
1103 1666 1261 1712 pariete,
1281 1666 1514 1702 extrinsecus
1538 1666 1665 1712 scripti
1688 1671 1776 1703 sunt

992 1714 1127 1761 singuli
1155 1713 1315 1750 istorum
1342 1724 1518 1750 versuum
1538 1714 1575 1749 in
1602 1714 1774 1758 circuitu,

992 1762 1044 1798 ita
1064 1765 1103 1798 ut
1124 1772 1191 1807 per
1217 1765 1334 1798 totam
1368 1761 1559 1797 civitatem
1584 1761 1656 1808 legi
1684 1773 1773 1808 pos-

993 1810 1082 1846 sint.
1107 1810 1246 1845 Contra
1266 1809 1456 1845 civitatem
1479 1820 1487 1844 :
1512 1811 1592 1844 Pam
1618 1814 1775 1853 aeterna,

993 1858 1040 1894 ab
1073 1861 1215 1893 aeterno
1256 1858 1381 1901 Patre,
1422 1856 1470 1892 sit
1512 1857 1596 1892 huic
1636 1858 1774 1893 domni.

994 1905 1133 1941 Contra
1153 1904 1336 1951 templum
1358 1903 1518 1940 militum
1543 1915 1550 1939 :
1576 1906 1669 1941 Bene
1691 1907 1776 1950 fun-

993 1953 1083 1988 data
1102 1956 1154 1988 est
1177 1953 1304 1987 domus
1321 1953 1479 1992 Domini,
1499 1962 1614 1997 supra
1633 1955 1777 1997 firmam

993 2004 1147 2046 petram.
1183 2000 1323 2036 Contra
1344 1998 1566 2035 Bethaniam
1589 2011 1598 2035 t
1618 2002 1699 2037 Non
1725 2003 1779 2035 est

994 2049 1053 2083 hic
1083 2047 1188 2083 aliud
1217 2048 1291 2082 nisi
1327 2047 1456 2082 domus
1482 2048 1560 2088 Dei,
1607 2051 1641 2083 et
1668 2051 1777 2093 porta

995 2097 1086 2131 carli.
1117 2095 1257 2142 Contra
1284 2098 1454 2130 montem
1478 2093 1612 2130 Oliveti
1634 2107 1644 2130 :
1673 2096 1778 2131 Beati

995 2144 1060 2189 qui
1089 2142 1259 2178 habitant
1287 2143 1327 2177 in
1361 2142 1464 2177 domo
1504 2145 1582 2184 tua,
1610 2144 1775 2178 Domine.

995 2192 1132 2227 Contra
1168 2189 1302 2225 vallem
1328 2190 1512 2236 Josaphat
1537 2201 1545 2225 ε
1581 2190 1778 2226 Benedicta

994 2239 1114 2283 qloria
1153 2239 1312 2278 Domini,
1341 2237 1385 2273 de
1422 2239 1496 2273 Ioco
1534 2242 1658 2274 sancto
1683 2238 1775 2283 ejus.

996 2287 1135 2322 Contra
1164 2285 1368 2321 claustrum
1392 2284 1521 2331 templi
1544 2297 1552 2321 z
1575 2287 1617 2321 In
1644 2286 1777 2331 templo

995 2333 1073 2378 ejus
1108 2343 1228 2369 omnes
1262 2333 1384 2368 dicent
1423 2333 1594 2377 gloriam.
1637 2334 1778 2370 Contra

997 2383 1164 2417 montem
1186 2380 1275 2417 Sion
1294 2391 1302 2416 :
1330 2382 1516 2426 Templum
1532 2382 1680 2416 Domini
1697 2391 1778 2415 sun-

996 2433 1092 2464 ctum
1127 2432 1204 2472 θείς
1242 2430 1307 2464 Dei
1343 2429 1574 2473 aqi-icultura
1612 2431 1689 2469 est3
1713 2429 1778 2463 Dei

995 2477 1190 2522 aedificatio
1205 2480 1271 2512 est.
1295 2477 1386 2512 Item
1406 2479 1539 2512 contra
1559 2475 1750 2511 civitatem
1768 2486 1777 2509 ;

995 2526 1035 2560 In
1069 2523 1215 2559 domum
1252 2525 1395 2559 Domini
1428 2523 1599 2559 laetantes
1629 2524 1779 2558 ibimus.

998 2573 1074 2607 Hoc
1096 2571 1278 2618 templum
1301 2571 1336 2606 in
1359 2575 1465 2618 parte
1485 2570 1588 2606 urbis
1609 2568 1779 2605 inferiori

997 2623 1034 2656 et
1054 2618 1176 2656 vicina
1193 2618 1289 2655 muri
1310 2618 1357 2655 ad
1372 2618 1572 2661 orientem,
1587 2628 1654 2652 nec
1671 2616 1781 2663 longe

997 2677 1019 2703 a
1050 2677 1172 2711 muro,
1198 2666 1246 2703 ad
1273 2665 1470 2702 meridiem
1501 2668 1557 2701 est
1590 2663 1717 2700 situm.
1744 2666 1784 2700 ln

997 2714 1110 2761 hujus
1141 2713 1270 2761 templi
1301 2713 1476 2756 ecclesia,
1506 2712 1677 2748 solebant
1700 2723 1784 2749 esse

999 2772 1081 2798 cum
1113 2762 1249 2799 abbate
1283 2759 1455 2796 canonici
1487 2759 1697 2806 regulares,
1726 2771 1785 2796 se-

999 2810 1163 2846 cundnm
1209 2808 1379 2855 regulam
1429 2806 1527 2843 beati
1572 2807 1784 2852 Angustifi,

1643 2868 1662 2898 ὃ
