1902 3126
138 193 195 225 158
609 188 754 222 PRIMAE
791 189 947 223 PARTIS
984 188 1122 224 CAPUT
1158 190 1280 223 XVIII

137 261 218 295 nati
233 262 330 301 sunt,
346 269 413 304 per
428 257 609 304 Baptismi·
622 261 911 302 sacramentum,

137 310 174 343 et
201 305 435 352 spiritualem
465 305 761 350 generationem,
784 308 820 341 et
846 305 912 341 filii

137 352 351 399 adoptionis
386 351 471 388 sacti
511 355 610 397 sunt;
653 352 739 398 quia
764 363 839 388 non
871 352 914 388 fit

136 411 203 446 per
222 400 375 435 modum
391 399 553 435 carnalis
564 399 834 446 generationis,
848 399 913 435 sed

136 446 356 493 spiritualis,
394 446 432 482 in
468 451 647 492 quantum
683 446 856 482 homines
892 456 914 481 a

136 495 213 530 Deo
248 493 473 539 recipientes
505 493 679 539 gratiam,
715 494 914 529 trahuntur

137 540 416 587 quodammodo
450 540 497 576 ad
529 543 701 576 naturam
729 540 911 583 divinam3

138 587 226 633 quia
259 598 326 633 per
356 587 494 623 donum
526 587 671 633 gratiae,
701 586 915 622 efficiuntur

136 638 314 670 consortes
331 635 466 669 divinae
479 638 630 669 naturae.
646 655 688 660 —-
702 635 733 669 M
740 633 892 669 oraliter
904 644 911 676 ;

135 681 225 717 hinc
245 681 377 727 collige
398 681 497 726 quod
522 681 613 716 nihil
637 682 855 724 humanum,
879 682 913 715 et

134 738 204 775 per
222 738 456 773 consequens
473 727 565 763 nihil
588 728 832 771 mundanum,
855 737 914 761 ne-

135 785 210 821 que
232 778 412 818 creatum,
432 775 542 810 debet
564 785 603 809 se
623 774 778 819 gignere
796 775 832 808 in
850 784 915 808 no-

134 821 211 865 bis;
242 825 280 857 ut
302 832 375 856 non
397 832 439 856 ex
462 821 540 864 illo,
568 821 633 856 sed
663 831 705 855 ex
732 820 811 855 solo
838 821 913 856 Deo

136 868 214 904 nati
236 867 364 903 simus.
387 867 527 903 Deinde
547 867 723 909 ostendit,
744 870 780 902 et
799 866 916 902 mani-

134 915 246 951 festat
270 915 437 957 modum,
466 925 538 959 quo
565 915 729 949 Verbum
752 913 854 948 venit
877 913 915 948 in

135 962 336 1003 mundun1;
367 961 453 1004 quia
479 971 553 995 non
584 960 689 995 venit
715 959 824 995 locali
850 960 915 996 ad-

133 1012 260 1051 ventu,
284 1011 317 1043 et
334 1007 395 1042 ubi
412 1006 517 1052 prius
534 1017 608 1042 non
626 1010 725 1050 erat;
745 1007 810 1042 sed
829 1007 915 1052 quia

134 1065 230 1090 novo
264 1054 390 1097 modo,
428 1053 479 1089 ibi
515 1064 597 1089 esse
631 1053 782 1099 incepit.
816 1054 917 1090 Sicut

133 1103 210 1137 Rex
236 1100 298 1146 qui
327 1100 431 1146 prius
461 1103 516 1136 est
538 1100 576 1135 in
603 1100 730 1146 aliqua
753 1100 915 1145 civitate,

80 1169 84 1171 >
133 1158 202 1193 per
218 1147 337 1183 solam
359 1147 414 1183 sui
436 1147 657 1193 potentiam,
681 1148 832 1193 quando
853 1159 916 1183 ve-

132 1194 189 1230 nit
207 1194 295 1230 illuc
315 1194 580 1240 personaliter,
607 1194 736 1240 incipit
758 1194 809 1230 ibi
835 1206 917 1231 esse

133 1251 232 1277 novo
257 1242 384 1285 modo,
413 1240 553 1277 scilicet
579 1252 647 1287 per
673 1241 729 1277 sui
751 1252 916 1288 praesen-

133 1287 245 1331 tiam3
268 1289 320 1323 sic
341 1288 406 1324 Dei
423 1288 549 1331 Filius,
572 1288 633 1334 qui
656 1292 735 1324 erat
754 1290 858 1334 prius
876 1289 916 1324 in

131 1335 273 1371 mundo
309 1345 376 1380 per
408 1335 628 1380 potentiam,
658 1336 914 1381 praesentiam,

132 1384 170 1418 et
200 1382 414 1424 essentiam,
444 1381 544 1417 venit
577 1382 630 1418 ibi
662 1393 757 1418 novo
787 1383 913 1428 modo,

132 1428 276 1465 scilicet
297 1428 528 1464 humiliando
556 1439 608 1472 se,
636 1439 704 1475 per
732 1430 852 1466 carnis
879 1433 916 1466 et

131 1478 273 1511 nostrae
292 1475 522 1511 infirmitatis
540 1476 856 1522 assumptionem;
875 1480 915 1512 ut

131 1521 201 1558 filii
226 1522 391 1568 adoptivi
418 1523 666 1568 efficeremur,
691 1534 758 1569 per
782 1524 914 1560 Filium

130 1569 356 1606 naturalem.

180 1631 200 1663 7
222 1617 334 1652 Vnam
366 1618 594 1652 INCARNATIO.
620 1635 664 1642 -——
691 1617 735 1652 Et
760 1617 832 1653 hoc
858 1621 914 1653 est

133 1663 233 1709 quod
251 1663 387 1698 dicitur
405 1676 415 1698 :
434 1666 481 1698 Et
502 1664 658 1699 Verbum
676 1675 757 1699 caro
773 1666 914 1707 factum

133 1713 199 1750 est,
221 1709 259 1745 id
281 1713 335 1745 est
356 1710 457 1745 carni
480 1710 626 1746 unitum
650 1714 719 1755 est,
743 1721 808 1746 seu
830 1721 912 1747 car-

132 1767 221 1793 nem
255 1757 477 1803 assumpsit3
515 1758 586 1792 hoc
618 1761 688 1801 est,
719 1758 913 1794 hominem

133 1807 381 1849 assumptum,
409 1803 447 1839 in
473 1814 586 1839 unam
612 1815 813 1850 personam
843 1805 913 1842 sibi

133 1850 333 1896 copulavit.
370 1851 463 1887 Caro
493 1851 592 1886 enim
622 1851 758 1887 dicitur
783 1853 912 1896 homo,

133 1896 350 1943 accipiendo
379 1898 648 1943 synecdochice
673 1902 819 1944 partem
845 1910 912 1945 pro

133 1947 232 1987 toto;
261 1955 304 1980 ac
326 1943 357 1979 si
381 1944 534 1989 diceret,
562 1946 700 1981 factum
728 1949 784 1981 est
810 1957 912 1991 caro,

130 1990 170 2026 id
192 1994 249 2027 est
267 1991 394 2027 homo.
419 1993 570 2027 Factum
594 1995 651 2027 est
671 1992 799 2037 utique
819 1995 912 2029 Ver-

131 2038 222 2074 bum
239 2049 340 2083 carO,
360 2049 435 2074 non
452 2039 551 2084 quod
572 2040 731 2075 Verbum
753 2042 914 2076 mutare-

131 2084 247 2120 turin
268 2095 431 2130 carnem,
453 2086 517 2121 sed
539 2085 627 2131 quia
647 2097 814 2131 carnem,
836 2087 913 2123 ani-

133 2141 196 2167 ma
225 2131 399 2167 rationali
428 2133 632 2168 animatam
661 2133 911 2180 suscipiendo,

134 2189 179 2214 ex
198 2178 393 2214 divinitate
415 2182 451 2214 et
472 2180 716 2225 humanitate,
736 2191 812 2217 una
831 2192 914 2227 per-

133 2235 227 2261 sona
247 2225 344 2260 sacta
364 2228 439 2269 est3
462 2229 501 2261 ut
518 2226 593 2261 sint
614 2228 696 2263 duae
714 2232 860 2264 naturae
874 2228 913 2264 in

133 2282 209 2308 una
223 2282 398 2318 persona,
412 2271 738 2319 inconfusibiliter,
751 2275 911 2320 integre,

134 2322 173 2355 et
186 2318 403 2354 indistincte
418 2319 552 2363 unitae;
570 2329 732 2357 nonuna
745 2321 785 2357 in
799 2323 912 2358 aliam

134 2376 328 2409 conversa,
352 2366 417 2401 sed
438 2368 558 2402 ambae
579 2366 618 2402 in
641 2379 716 2404 una
734 2379 911 2415 persona,

133 2413 233 2449 Deus
253 2415 290 2448 et
316 2413 442 2448 homo.
465 2414 606 2449 Natura
635 2425 722 2460 ergo
750 2417 914 2452 humana

134 2463 328 2505 assumpta
344 2463 399 2495 est
420 2470 442 2495 a
460 2461 597 2504 Verbo,
616 2472 691 2496 non
711 2461 750 2497 in
771 2463 913 2499 unitate

135 2509 295 2551 naturae,
318 2507 383 2542 sed
408 2506 447 2542 in
471 2507 614 2543 unitate
637 2509 830 2554 suppositi,
854 2510 913 2546 vel

134 2563 318 2600 personae.
336 2555 380 2589 Et
397 2553 482 2590 ideo
499 2565 631 2590 sensus
648 2559 705 2591 est
723 2567 731 2590 ε
751 2557 912 2592 Verbum

136 2611 223 2637 caro
238 2601 376 2637 sactum
391 2604 459 2645 est,
475 2611 518 2637 ac
533 2602 565 2637 si
582 2601 767 2638 diceretur
786 2614 794 2637 :
816 2604 913 2639 Deus

135 2647 249 2683 homo
276 2648 396 2683 sactus
423 2652 490 2684 est.
520 2649 623 2684 Unde
652 2650 878 2693 Augustinus
902 2663 912 2685 .-

139 2708 158 2726 «
179 2694 293 2730 Filius
312 2694 477 2731 hominis
503 2696 616 2732 habet
638 2695 818 2741 animam,
846 2697 913 2732 ha-

135 2741 200 2777 bet
219 2752 376 2787 corpus;
400 2742 511 2778 Filius
533 2742 613 2786 Dei,
634 2743 735 2788 quod
755 2747 810 2779 est
826 2745 912 2779 Ver-

135 2787 225 2824 bum
253 2788 332 2834 Dei,
361 2789 474 2826 habet
502 2790 692 2826 hominem
724 2794 915 2837 tamquam

992 259 1118 295 anima
1137 269 1290 305 corpus;
1314 261 1351 295 et
1371 258 1465 294 sicut
1481 258 1608 295 anima
1625 259 1769 296 habens

991 316 1139 352 corpus,
1160 317 1235 342 non
1256 306 1343 341 facit
1364 306 1456 342 duas
1478 316 1673 352 personas,
1703 307 1770 343 sed

991 363 1108 389 unum
1130 351 1335 397 hominem,
1361 353 1413 388 sic
1439 354 1602 389 Verbum
1626 353 1771 389 habens

990 399 1198 444 hominem,
1238 411 1314 436 non
1350 401 1442 436 duas
1475 410 1670 446 personas,
1705 400 1772 437 sed

990 457 1105 482 unum
1125 446 1328 482 Christum.
1348 447 1443 490 Quid
1462 451 1517 483 est
1535 446 1772 483 homo‘?Ani-

991 504 1052 529 ma
1083 493 1291 536 rationalis,
1322 494 1464 529 habens
1499 504 1646 540 corpus.
1675 493 1771 537 Quid

992 543 1048 576 est
1061 539 1253 576 Christus?
1270 541 1431 576 Verbum
1448 541 1526 584 Dei,
1546 541 1691 577 habens
1706 540 1771 576 ho-

991 586 1130 622 minem
1145 598 1153 621 :
1173 601 1186 618 n
1205 587 1286 622 haec
1300 588 1543 631 Auyustz'nus.
1561 588 1771 624 Perfectam

992 644 1080 678 ergo
1112 632 1151 668 in
1184 643 1223 668 se
1252 636 1424 668 naturam
1454 633 1618 669 hominis
1644 633 1771 670 Domi-

990 690 1061 717 nus
1079 679 1351 715 demonstravit
1374 691 1381 714 :
1406 679 1492 725 quia
1513 683 1632 716 totum
1654 680 1774 716 homi-

990 737 1078 763 nem
1087 726 1232 762 salvare
1242 726 1353 762 venit.
1366 727 1469 762 Unde
1480 727 1771 771 chrysostomus:

994 788 1012 807 «
1032 775 1140 818 Nam,
1159 773 1248 819 quia
1263 774 1342 820 jam
1363 773 1503 809 dudum
1518 776 1673 819 propter
1688 783 1772 819 pec-

992 824 1130 866 catum,
1147 821 1258 856 homo
1280 824 1379 856 totus
1396 820 1621 855 sententiam
1640 819 1772 856 mortis

992 868 1217 911 incurrerat,
1244 870 1280 902 et
1303 867 1340 902 in
1368 877 1538 912 corpore,
1564 869 1601 902 et
1625 866 1666 902 in
1691 866 1771 902 ani-

992 925 1068 959 ma,
1105 913 1316 950 necessario
1355 914 1536 949 Dominus
1572 916 1773 959 utrumque

992 961 1167 1007 suscepit,
1189 965 1229 997 ut
1246 965 1447 1005 utrumque
1465 961 1638 996 salvaret.
1663 972 1681 994 »
1703 961 1774 996 No-

992 1008 1061 1044 luit
1082 1012 1207 1044 autem
1236 1007 1475 1054 Evangelista
1495 1007 1693 1043 nominare
1714 1009 1772 1043 to-

991 1059 1085 1099 tum,
1129 1058 1167 1091 ut
1205 1055 1420 1090 ostenderet
1465 1054 1695 1099 singularem
1735 1056 1774 1089 et

992 1102 1193 1139 maximam
1219 1101 1399 1138 unionem
1429 1101 1541 1138 Verbi
1572 1101 1619 1136 ad
1649 1099 1771 1136 homi·

992 1160 1093 1194 nem,
1121 1160 1204 1195 quae
1235 1152 1339 1184 tanta
1372 1152 1441 1192 est,
1471 1151 1512 1184 ut
1541 1158 1619 1183 non
1648 1147 1772 1183 solum

992 1197 1155 1232 Verbum
1177 1196 1224 1232 sit
1248 1197 1375 1239 homo,
1398 1199 1435 1231 et
1458 1196 1569 1230 homo
1590 1195 1771 1239 Verbum,

993 1244 1058 1279 sed
1077 1243 1189 1279 etiam
1207 1243 1389 1289 separatis
1406 1241 1575 1287 partibus
1592 1240 1772 1285 hominis,

992 1289 1134 1326 scilicet
1159 1301 1271 1326 carne
1298 1294 1334 1326 et
1359 1290 1497 1332 anima,
1526 1289 1690 1324 Verbum
1715 1289 1774 1323 est

991 1348 1229 1383 unaquaeque
1243 1337 1420 1384 partium,
1440 1339 1476 1371 et
1494 1334 1668 1381 quaelibet
1684 1344 1773 1380 pars

991 1388 1048 1420 est
1070 1386 1249 1421 Verbum.
1274 1386 1316 1419 Et
1337 1384 1423 1419 licet
1449 1384 1574 1419 anima
1595 1381 1642 1417 sit
1661 1380 1770 1417 nobi-

990 1431 1062 1467 lior
1081 1435 1118 1468 et
1133 1431 1373 1478 praestantior
1388 1440 1516 1483 carne,
1536 1427 1706 1481 nomi-nat
1720 1430 1771 1464 ta-

990 1489 1078 1514 men
1113 1489 1264 1514 carnem
1298 1488 1417 1524 magls
1443 1487 1556 1522 quam
1582 1485 1770 1518 animam3

990 1525 1078 1571 quia
1102 1528 1144 1561 ut
1172 1525 1292 1571 magis
1321 1535 1390 1560 nos
1420 1523 1659 1566 certificaret,
1684 1520 1771 1557 ideo

989 1575 1134 1617 partem
1150 1572 1403 1617 indigniorem
1418 1571 1613 1616 expressit,
1633 1569 1681 1605 de
1698 1578 1773 1614 qua

989 1619 1109 1665 magis
1126 1619 1280 1655 dubium
1295 1629 1377 1654 esse
1391 1620 1551 1664 poterat,
1568 1616 1668 1661 quod
1682 1616 1772 1667 Ver·

988 1666 1078 1702 bum
1098 1666 1219 1712 ipsam
1239 1663 1496 1710 assumpserit.
1517 1684 1562 1688 —
1579 1661 1770 1698 Morallter

989 1716 1115 1749 autem
1141 1713 1272 1748 maluit
1298 1712 1421 1747 dicere
1443 1721 1529 1746 caro
1553 1720 1667 1756 quam
1688 1708 1769 1744 ani—

988 1770 1064 1805 ma,
1094 1760 1142 1796 ad
1169 1758 1507 1795 commendandum
1533 1755 1768 1792 inenarrabi-

988 1806 1063 1842 lem
1080 1807 1374 1843 condescensum
1392 1803 1634 1849 benignitatis
1650 1806 1686 1838 et
1702 1802 1772 1838 hu-

988 1853 1157 1890 militatis
1184 1853 1264 1897 Dei,
1294 1853 1393 1889 unde
1420 1855 1567 1897 partem
1599 1849 1770 1885 viliorem

987 1900 1194 1937 nominavit
1215 1912 1222 1935 :
1245 1900 1284 1935 in
1305 1910 1378 1945 quo
1400 1897 1615 1944 superbiam
1638 1896 1770 1932 multo-

988 1958 1071 1983 rum
1092 1946 1267 1994 percutit,
1290 1945 1351 1992 qui
1373 1944 1542 1991 requisiti
1564 1944 1610 1980 de
1629 1953 1769 1996 cogna-

987 1994 1089 2030 tione
1108 2005 1189 2038 sua,
1204 1993 1436 2039 respondent
1455 1990 1683 2027 nominando
1704 1990 1769 2026 all-

988 2051 1114 2087 quem,
1154 2044 1345 2077 tenentem
1385 2042 1521 2074 statum
1560 2036 1768 2083 dignitatis,

987 2088 1102 2124 etiam
1137 2089 1176 2124 in
1211 2087 1313 2123 linea
1346 2089 1504 2130 remota,
1537 2085 1768 2136 dicentesse

987 2146 1070 2171 esse
1088 2139 1244 2180 nepotes
1262 2134 1347 2170 talis
1363 2132 1542 2179 episcopi,
1560 2130 1768 2178 praeposui,

986 2182 1046 2218 vel
1072 2181 1218 2226 decani,
1246 2184 1310 2217 aut
1335 2180 1563 2226 hujusmodi,
1585 2181 1622 2215 et
1643 2181 1769 2215 tacent

987 2229 1034 2265 de
1053 2228 1284 2274 parentibus,
1301 2231 1337 2264 et
1353 2228 1450 2268 aliis,
1468 2226 1529 2272 qui
1544 2225 1664 2271 magis
1682 2227 1770 2261 sunt

986 2275 1200 2323 propinqui.
1224 2275 1439 2321 Exemplum
1461 2274 1507 2310 ad
1530 2274 1601 2309 hoc
1623 2272 1769 2309 fabulo-

988 2333 1070 2359 sum
1088 2326 1264 2359 narratur
1279 2322 1325 2358 de
1346 2322 1463 2367 mulo,
1484 2322 1545 2367 qui
1563 2319 1768 2365 requisitus

988 2369 1071 2416 quis
1091 2373 1190 2406 esset
1209 2372 1317 2416 pater
1337 2370 1431 2415 ejus,
1453 2368 1647 2414 respondit
1667 2366 1767 2412 quod

987 2416 1197 2453 dextrarius
1209 2417 1289 2463 ejus
1301 2419 1400 2452 esset
1411 2415 1627 2459 avunculus,
1639 2416 1768 2450 tacens

989 2467 1025 2500 et
1045 2465 1284 2509 erubescens,
1310 2463 1410 2510 quod
1429 2462 1557 2499 asinus
1578 2464 1678 2498 esset
1695 2471 1765 2508 pa—

987 2514 1046 2548 ter
1068 2511 1162 2556 ejus.

1036 2560 1056 2593 8
1080 2559 1193 2594 VERm
1210 2568 1435 2593 INHABITATIO
1456 2568 1493 2591 m
1515 2566 1632 2591 Noms.
1649 2573 1701 2606 ·—-
1719 2555 1768 2590 Et

989 2604 1041 2640 sic
1061 2605 1226 2641 Verbum
1250 2605 1431 2640 habitavit
1446 2605 1485 2638 in
1504 2603 1620 2643 nobis,
1647 2600 1686 2636 ld
1709 2604 1767 2637 est

988 2650 1028 2687 in
1064 2655 1195 2687 nostra
1220 2655 1355 2687 natura
1379 2648 1694 2696 inseparabiliter,
1724 2651 1766 2683 ut

989 2698 1150 2745 amplius
1171 2698 1383 2734 nullatenus
1397 2698 1444 2733 ab
1464 2707 1508 2732 ea
1527 2695 1765 2741 disjungere·

989 2747 1062 2780 tur.
1085 2746 1166 2781 Non
1187 2749 1243 2782 est
1260 2743 1558 2789 intelligendum,
1578 2742 1678 2788 quod
1697 2741 1766 2777 ha-

988 2791 1120 2828 bitavit
1138 2791 1178 2828 in
1196 2791 1320 2837 nobis,
1339 2790 1444 2838 quasi
1464 2789 1502 2826 in
1520 2789 1660 2826 unitate
1682 2798 1767 2834 sup-
