1902 3126
629 125 682 159 DE
720 124 1068 158 CIRCUMCISIONE
1107 122 1277 156 DOMlNl.

138 197 347 236 Bernartius
365 209 375 232 :
399 209 418 230 «
437 194 575 241 Duplex
596 197 650 230 est
665 193 915 237 circumcisio,

141 255 226 292 quae
259 254 282 281 a
312 243 422 280 nobis
446 241 526 278 fieri
550 241 675 284 debet,
699 240 842 276 scilicet
863 239 918 275 in-

141 291 260 329 terior
279 295 316 327 et
340 289 515 326 exterior.
537 288 706 324 Exterior
733 287 769 322 in
798 287 919 322 tribus

143 338 329 381 consistit,
352 336 493 373 scilicet

143 432 252 476 bilis;
275 434 312 466 et
332 431 369 466 in
393 440 581 473 sermone,
605 439 650 466 ne
677 429 725 465 sit
751 432 919 465 contem-

141 477 294 526 ptibilis.
330 477 490 513 Interior
523 476 698 513 similiter
726 475 765 511 in
798 475 918 511 tribus
954 468 955 507 ἔ

139 524 327 569 consistit,
349 524 492 560 scilicet
517 535 525 559 :
549 524 587 560 iu
608 522 852 570 cogitatione,
882 525 921 558 ut
954 516 956 550 ἶ

139 572 187 609 sit
209 575 364 615 sancta;
388 571 423 607 in
441 571 655 615 affectione,
676 575 715 607 ut
730 570 779 607 sit
799 580 918 652 pulra3
954 574 956 587 ¹

799 632 816 649 »
852 627 921 653 iaec
954 645 956 652 ,

140 619 180 656 in
216 619 438 662 intentione,
468 622 507 655 ut
545 620 593 655 sit
618 623 721 655 recta
750 630 758 654 :

141 667 360 704 Bernartius.
398 667 582 703 Debemus
605 665 720 711 igitur
743 675 826 701 esse
847 665 919 700 cir-

140 713 295 750 cumcisi
315 713 443 758 corde,
459 724 480 749 a
501 713 790 759 cogitationibus
803 711 920 747 noxiis

140 765 178 798 et
194 760 415 804 immundis,
427 771 449 797 a
465 760 618 807 judiciis
633 760 732 795 falsis
750 764 785 795 et
807 762 921 795 teme-

137 808 262 853 rai-iis,
288 809 335 845 ab
361 807 635 843 intentionibus
655 810 690 843 et
716 805 918 842 voluntati·
955 847 956 850 Ἴ

141 856 211 894 bus
239 855 393 902 iniquis,
415 858 455 891 ut
485 865 613 891 coram
635 856 711 890 Deo
745 853 921 900 pertime-

142 913 292 940 scamus
309 913 461 939 versare
476 901 514 937 in
530 902 656 946 corde,
673 901 775 947 quod
793 910 920 937 coram

142 949 358 987 hominibus
380 950 690 986 erubesceremus
717 948 842 984 dicere
862 948 918 983 vel
956 982 957 985 ,

143 997 286 1041 facere;
307 997 394 1043 quia
415 1007 498 1043 quae
521 996 621 1033 dicta
642 996 699 1032 vel
721 996 820 1031 facta
852 995 919 1031 ho-
956 1005 957 1021 ³

142 1044 322 1090 minibus,
345 1045 424 1081 haec
450 1049 537 1080 sunt
561 1043 808 1090 cogitationes
830 1044 920 1078 Deo,

142 1092 327 1128 Debemus
348 1102 496 1137 quoque
518 1102 598 1127 esse
619 1090 832 1127 circumcisi
855 1090 922 1125 lin-

137 1149 215 1185 gua
239 1149 262 1175 a
290 1139 414 1175 verbis
449 1139 636 1185 turpibus,
666 1136 919 1181 detractoriis,

140 1186 344 1232 mendosis,
370 1185 502 1222 otiosis
521 1190 557 1222 et
585 1185 810 1232 superfluis;
834 1184 922 1230 quia

140 1233 188 1270 de
225 1233 329 1270 omni
367 1234 481 1269 verbo
520 1234 640 1269 otioso
676 1232 790 1268 etiam
817 1233 922 1277 igno-

142 1284 270 1317 ranter
284 1280 447 1327 prolato,
464 1280 559 1316 sicut
575 1284 613 1316 et
627 1280 672 1316 de
691 1279 921 1325 cogitatione
956 1274 957 1301 ³

142 1327 616 1371 minutissima‚reddeuda
635 1330 687 1362 est
701 1326 844 1363 ratioiu
860 1325 920 1362 die
956 1339 957 1343 ¹

137 1374 283 1421 judicii.
308 1376 497 1412 Debemus
518 1374 631 1411 etiam
653 1385 734 1410 esse
757 1373 920 1410 circum·
956 1374 957 1377 ’

141 1422 222 1467 cisi,
251 1422 428 1459 omnibus
465 1422 638 1458 sensibus
671 1425 707 1457 et
741 1420 921 1457 membris
956 1418 957 1455 J

139 1469 309 1516 corporis
328 1469 459 1512 nostri,
483 1480 505 1505 a
531 1468 731 1515 prohibitis
752 1472 789 1504 et
817 1467 922 1502 illici-
955 1484 957 1500 t

139 1516 201 1561 tis,
224 1527 247 1553 a
267 1516 501 1563 voluptuosis
520 1522 557 1552 et
582 1515 782 1562 superfluis
803 1514 922 1550 omni-

140 1565 207 1601 bus
225 1563 465 1607 abstinendo,
489 1567 525 1599 et
544 1574 619 1599 non
641 1563 763 1598 solum
785 1573 807 1598 a
835 1572 920 1608 pec·
955 1563 957 1592 i

140 1614 236 1656 cato,
259 1611 325 1648 sed
357 1611 403 1647 ab
433 1611 535 1646 omni
557 1611 755 1646 occasione
777 1608 918 1656 peccati

140 1669 206 1695 nos
226 1658 507 1702 subtrahendo;
528 1668 602 1703 qua
620 1658 693 1693 nisi
714 1656 796 1702 quis
817 1667 923 1692 occa-

140 1705 287 1742 sionem
317 1705 461 1751 peccati
487 1704 678 1751 vitaverit,
703 1704 762 1740 vix
788 1714 922 1752 pecca-

140 1756 220 1790 tum
240 1752 459 1789 declinabit.

187 1803 208 1836 8
234 1800 308 1837 CUR
334 1812 391 1835 nir:
422 1811 559 1835 ocum
590 1800 740 1835 FIEBAT?
770 1820 817 1825 —
845 1797 923 1835 Tali
958 1820 960 1835 ›

140 1847 428 1884 circumcisione
452 1846 581 1883 omnia
601 1847 692 1882 vitia
715 1850 751 1883 et
773 1849 926 1893 peccata
959 1879 961 1885 s

141 1894 324 1931 tolluntur
361 1898 398 1930 et
439 1894 698 1938 excluduntur,
745 1894 845 1930 unde
892 1896 928 1929 et

141 1945 273 1978 octavo
295 1941 355 1978 die
379 1941 612 1978 circumcisio
640 1941 774 1977 merito
798 1942 926 1985 fiebat,
961 1954 963 1961 ¹

144 1990 183 2025 in
222 1999 296 2035 qua
330 1991 368 2025 et
410 1989 540 2025 ultima
579 1988 804 2025 resurrectio
848 1988 926 2032 fiet,

145 2036 299 2090 quando
326 2037 501 2073 omnibus
531 2035 711 2072 membris
732 2035 927 2071 circumci-

147 2094 212 2129 sis,
240 2083 278 2120 id
302 2089 359 2137 est
382 2083 492 2127 vitiis,
512 2087 549 2137 et
574 2083 737 2129 peccatis
757 2082 928 2127 abscisis,
964 2098 967 2136 i·

134 2134 248 2168 totus
271 2142 315 2167 ex
342 2135 488 2177 integro
514 2135 730 2175 innovatus,
753 2129 932 2176 omnique
966 2161 967 2168 ,

149 2180 411 2225 superfluitate
431 2179 632 2215 mundatus
654 2180 766 2214 homo
791 2178 839 2213 ad
863 2177 932 2213 im-

151 2226 420 2263 mortalitatem
452 2229 638 2271 resurget.
678 2226 817 2262 Octava
854 2224 933 2261 dies

152 2273 235 2320 ipsa
255 2277 311 2309 est
337 2284 421 2320 quie
447 2277 482 2309 et
504 2273 638 2320 prima.
668 2274 709 2308 In
739 2273 809 2308 hac
833 2272 934 2308 enim

530 347 538 371 :
570 335 608 371 in
629 333 773 377 habitu,
802 344 848 369 ne
870 333 917 369 sit
954 332 955 348 ³

143 384 342 427 notabilis;
364 383 403 419 in
423 386 521 426 actu,
546 393 593 418 ne
617 381 663 418 sit
683 380 919 428 reprehensi·
953 379 956 416 l

962 2036 965 2051 t

155 2320 318 2356 mundus
349 2321 475 2367 coepit,
509 2320 678 2357 Christus
710 2319 933 2364 resurrexit3

157 2367 195 2404 in
213 2368 283 2403 hac
304 2371 340 2404 et
362 2367 585 2404 universalis
605 2367 829 2404 resurrectio
851 2366 934 2404 erit.

160 2416 229 2451 Sex
249 2414 389 2467 etenim
419 2419 505 2451 sunt
526 2416 636 2461 hujus
657 2415 771 2451 seculi
793 2418 938 2459 aetates,

162 2463 199 2498 in
216 2463 351 2508 quibus
370 2473 435 2509 pro
452 2464 527 2499 Deo
542 2462 734 2499 laboribus
750 2462 938 2506 insistere,

161 2513 198 2546 et
210 2520 277 2556 pro
290 2509 534 2557 adipiscenda
551 2513 781 2556 sempiterna
795 2509 938 2557 requie,

159 2557 210 2610 ad
237 2561 398 2604 tempus,
426 2559 574 2604 operari
601 2568 754 2594 necesse
778 2561 852 2603 est3
882 2568 939 2594 se-

159 2608 277 2658 ptima
310 2609 401 2641 aetas
431 2616 506 2641 non
535 2605 572 2641 in
599 2606 682 2650 hac,
711 2605 778 2642 sed
804 2605 841 2641 in
867 2605 942 2641 alia

162 2657 235 2688 vita
267 2652 543 2699 quiescentium
571 2664 688 2699 usque
719 2654 767 2689 ad
794 2656 942 2700 tempus

161 2700 446 2753 resurrectionis
464 2700 633 2737 omnium
649 2712 656 2745 ;
672 2704 804 2737 octava
816 2704 942 2737 autem

163 2751 253 2784 aetas
272 2758 351 2795 ipsa
372 2752 430 2785 est
449 2747 529 2786 dies
549 2748 837 2786 resurrectionis
861 2747 941 2785 sine

1740 119 1779 153 85

995 192 1069 228 ullo
1091 192 1271 237 temporis
1295 192 1369 228 tine
1392 192 1513 227 beata.
1530 192 1632 227 Tunc
1651 193 1777 227 autem

996 250 1072 274 non
1104 239 1225 274 solum
1256 238 1480 281 circumcisi,
1510 238 1576 274 scd
1603 237 1777 274 omuibus

993 286 1040 321 ab
1078 285 1132 320 eis
1171 286 1335 330 peccatis
1373 285 1540 329 abscisis,
1579 285 1709 322 muudi
1743 287 1780 320 et

994 332 1225 368 immaculati
1261 337 1442 368 reternum
1481 343 1617 369 nomen
1652 330 1779 369 Sancti

995 378 1201 424 suscipient
1236 382 1272 414 et
1305 379 1565 415 hereditatem.
1595 379 1662 423 Qui
1691 388 1780 424 ergo

996 427 1095 462 mala
1118 429 1155 462 et
1175 436 1273 461 vana
1296 425 1475 471 cogitare,
1505 427 1561 462 vel
1593 426 1694 472 loqui
1716 428 1781 462 aut.

996 475 1118 510 facere
1153 484 1229 509 non
1264 472 1421 518 appetit,
1456 473 1523 508 iste
1560 473 1717 509 interius
1745 475 1782 509 et

996 520 1160 557 exterius
1205 520 1370 566 perfecte
1421 520 1662 556 circumcisus
1709 523 1781 557 est.

999 570 1137 605 Parum
1168 571 1294 604 autem
1329 567 1483 613 prodest
1519 567 1782 602 circumcisum

997 626 1092 660 csse,
1115 627 1157 652 ex
1180 620 1286 661 parte
1310 625 1386 649 una
1406 617 1443 649 et
1464 624 1537 649 non
1559 624 1602 649 ex
1624 614 1718 656 alia3
1744 616 1784 648 ut

997 664 1097 699 enim
1126 662 1177 699 ait
1198 664 1285 698 Pius
1308 663 1409 707 Papa
1433 672 1440 696 :
1466 675 1484 693 «
1506 660 1602 696 Nihil
1630 660 1784 705 prodest

996 710 1138 746 homini
1156 710 1331 756 Jejunare
1351 712 1388 744 et
1409 718 1533 752 orare,
1551 711 1586 743 et
1607 707 1681 743 alia
1701 706 1785 743 reli-

996 757 1119 803 gionis
1140 758 1239 793 bona
1268 767 1397 803 agere,
1421 755 1491 791 nisi
1514 765 1621 791 mens
1643 755 1690 790 ab
1713 753 1782 789 ini-

997 805 1155 851 quitate,
1179 808 1215 840 et
1234 805 1280 840 ab
1302 801 1638 839 obtrectationibus
1655 801 1785 846 lingua

997 852 1255 898 prohibeatur.
1279 864 1296 885 »
1320 850 1418 886 Nihil
1441 850 1593 896 quidem
1614 848 1782 895 prodest,

997 899 1139 935 scilicet
1160 901 1340 945 quantum
1362 898 1410 934 ad
1431 897 1545 933 vitam
1575 900 1753 932 aeternam
1773 906 1782 938 ;

996 948 1151 992 prodest
1176 947 1277 982 enim
1307 948 1491 991 quantum
1520 944 1567 980 ad
1595 947 1784 989 tempora-

997 994 1058 1030 lia.
1089 993 1192 1030 Unde
1212 994 1264 1028 ait
1286 996 1322 1028 et
1343 993 1442 1028 Beda
1465 1005 1474 1027 :
1506 1006 1524 1025 (ε
1547 992 1662 1028 Nemo
1691 999 1785 1026 sane

997 1052 1080 1077 cum
1116 1039 1445 1076 circumcisionem
1482 1037 1679 1085 praedicari
1718 1047 1783 1073 au·

996 1088 1121 1132 dierit,
1143 1087 1254 1124 unius
1275 1087 1397 1123 solum
1418 1086 1575 1123 membri
1591 1084 1785 1121 continen-

996 1137 1086 1172 tiam
1123 1138 1291 1171 autumet
1320 1133 1514 1180 imperari,
1546 1132 1653 1179 quasi
1677 1131 1735 1168 vel
1761 1141 1784 1167 a

997 1182 1244 1218 fornicatione
1264 1185 1410 1217 tantum
1437 1180 1704 1223 abstinentem,
1726 1178 1784 1214 vel

996 1230 1097 1266 licito
1120 1228 1362 1265 matrimonio
1392 1231 1647 1273 temperanter
1675 1229 1783 1262 uten-

997 1281 1087 1321 tem,
1104 1278 1161 1313 vel
1177 1276 1392 1322 virginitate
1405 1275 1612 1321 gloriosum
1624 1273 1785 1311 existere

996 1326 1141 1370 absque
1161 1323 1323 1360 aliarum
1342 1323 1522 1359 virtutum
1542 1320 1786 1369 adjunctione

996 1372 1173 1415 sufficiat,
1196 1374 1232 1406 et
1255 1381 1331 1406 non
1352 1371 1520 1406 omnium
1542 1371 1667 1416 potius
1689 1377 1784 1414 quos

996 1420 1124 1462 corde,
1143 1418 1200 1454 vel
1216 1428 1374 1463 corpore
1392 1421 1584 1464 gestamus
1603 1424 1784 1452 sensuum

997 1465 1283 1512 castigationem
1298 1464 1464 1511 praecipi.
1482 1464 1546 1500 Ille
1560 1465 1684 1509 itaque
1696 1472 1786 1498 vera

997 1512 1284 1549 circumcisione
1297 1512 1500 1548 mundatus
1515 1514 1585 1555 est,
1599 1510 1786 1556 qui-obtu-

995 1565 1054 1597 rat
1075 1571 1185 1596 aures
1207 1570 1308 1603 suas,
1331 1570 1378 1594 ne
1396 1558 1527 1595 audiat
1545 1556 1785 1604 sanguinem,

996 1612 1032 1645 et
1074 1607 1215 1644 claudit
1260 1606 1388 1643 oculos
1428 1617 1527 1650 suos,
1569 1616 1617 1641 ne
1660 1603 1787 1640 videat

996 1656 1162 1699 malum;
1204 1654 1267 1700 qui
1311 1653 1474 1690 custodit
1511 1652 1590 1689 vias
1625 1662 1711 1688 suas
1738 1661 1786 1687 ne

997 1703 1193 1749 delinquat
1223 1701 1264 1738 in
1296 1701 1425 1747 lingua
1451 1711 1533 1744 sua,
1561 1704 1599 1737 et
1624 1697 1787 1736 attendit

998 1751 1068 1787 sibi
1086 1761 1132 1786 ne
1148 1752 1325 1796 gravetur
1341 1759 1409 1785 cor
1425 1749 1504 1795 ejus
1521 1748 1560 1784 in
1579 1746 1733 1793 crapula
1753 1748 1789 1782 et

999 1797 1202 1841 ebrietate;
1226 1796 1289 1843 qui
1305 1796 1416 1832 'lavat
1444 1798 1542 1832 inter
1566 1794 1789 1831 innocentes

1001 1856 1136 1882 manus
1172 1855 1273 1888 suas,
1313 1847 1351 1880 et
1387 1844 1434 1880 ab
1472 1842 1576 1879 omni
1603 1842 1663 1878 via
1691 1841 1790 1876 mala

1000 1892 1175 1940 prohibet
1196 1892 1309 1938 pedes
1327 1901 1429 1935 SUOS,
1449 1890 1512 1936 qui
1529 1900 1644 1936 super
1662 1889 1790 1925 omnia

1002 1940 1161 1986 castigat
1177 1949 1313 1985 corpus
1329 1949 1437 1974 suum
1459 1941 1495 1974 et
1516 1936 1685 1974 servituti
1707 1936 1792 1972 sub-

999 1988 1100 2034 jicit;
1125 1986 1303 2032 omnique
1329 1985 1501 2022 custodia
1528 1987 1654 2021 servat
1680 1993 1791 2019 suum

1005 2046 1083 2078 cor,
1114 2033 1291 2080 quoniam
1319 2044 1362 2069 ex
1394 2034 1474 2078 ipso
1497 2031 1573 2068 vita
1604 2029 1788 2078 procedit.

1006 2082 1077 2119 Sed
1105 2086 1141 2118 et
1173 2081 1256 2127 ipsa
1285 2081 1384 2117 bona
1410 2079 1508 2116 actio
1536 2089 1617 2124 sua,
1643 2089 1725 2125 quae
1753 2077 1792 2113 in

1006 2128 1226 2166 abscondito
1271 2131 1341 2173 est,
1385 2127 1672 2164 circumcisione
1715 2135 1791 2161 non

1009 2177 1132 2213 minus
1170 2175 1326 2222 indiget,
1362 2179 1403 2211 ut
1426 2185 1511 2211 cum
1533 2175 1679 2221 jejuno,
1708 2183 1790 2217 or0,

1007 2225 1287 2270 eleemosynam
1306 2222 1417 2267 facio,
1440 2222 1600 2269 gloriam
1620 2220 1793 2257 intrinse-

1009 2282 1074 2308 cus
1101 2281 1280 2318 quaeram.
1308 2271 1543 2317 Quapropter
1569 2273 1605 2306 et
1631 2270 1790 2322 Aposto-

1009 2320 1066 2356 lus
1077 2318 1338 2355 absconditam
1349 2318 1793 2354 cordecircumcisionem

1011 2366 1140 2404 sedulo
1176 2366 1430 2410 commendat,
1458 2365 1516 2402 cui
1544 2367 1626 2401 laus
1651 2374 1722 2400 non
1748 2373 1794 2398 ea:

1013 2415 1232 2455 hominibus,
1272 2414 1336 2450 sed
1371 2424 1416 2449 ecc
1448 2415 1519 2449 Deo
1551 2415 1604 2448 est
1632 2425 1642 2447 .·
1671 2425 1689 2443 »
1714 2411 1796 2446 haec

1012 2462 1122 2499 Beda.
1147 2462 1333 2498 Debemus
1357 2471 1446 2507 ergo
1471 2471 1582 2496 omne
1604 2461 1796 2505 peccatum

1014 2510 1116 2546 intus
1131 2513 1167 2546 et
1186 2512 1290 2545 extra
1303 2508 1434 2553 vitare,
1451 2511 1487 2544 et
1507 2519 1551 2544 ex
1569 2506 1672 2543 omni
1690 2507 1797 2553 parte

1016 2556 1262 2605 spiritualiter
1279 2555 1488 2592 circumcisi
1511 2565 1608 2591 esse.

1065 2620 1085 2652 9
1099 2606 1310 2640 MORALITER
1321 2615 1408 2639 ocro
1422 2612 1716 2639 1LLUM1NAT10NES
1728 2611 1799 2637 cm-

1016 2664 1250 2689 cuumsxoxun
1262 2663 1390 2687 nexus
1406 2663 1440 2686 1x
1454 2661 1586 2686 notum-2
1602 2659 1798 2684 POENtTENTt

1019 2712 1336 2737 Pnfficunssxrns.—
1345 2699 1421 2735 Dici
1433 2695 1798 2744 potestetiam,quod

1017 2749 1130 2785 homo
1142 2747 1253 2784 toties
1263 2743 1705 2791 circumcidimi-,quoties
1714 2746 1798 2790 post
