1876 3126
178 249 238 283 260
649 243 794 277 PRIMAE
831 242 985 276 PARTIS
1023 240 1158 274 CAPUT
1195 238 1336 271 XXXII

179 320 419 360 solitudinem
442 318 577 355 mentis
609 318 803 361 adeuntes,
823 319 859 353 et
879 315 953 352 vir-

178 374 297 407 tutum
318 371 482 404 montem
502 365 748 402 ascendentes
763 363 953 400 dulcedini
989 388 991 396 ,

179 427 353 463 supernae
383 411 710 459 contemplationis
736 411 896 455 inhiare,
920 415 956 446 et
989 399 991 442 l

179 463 428 500 intentionem
457 464 623 497 nostram
653 458 875 506 infatigabili
901 458 954 493 af·
989 479 991 500 4

180 512 275 547 fectu
299 511 343 546 ad
375 519 537 555 superna
558 507 732 552 dirigere.
755 520 773 538 »
796 505 885 541 Huic
912 504 955 539 il-
989 505 991 539 ἕ
1033 496 1294 542 corrumpitur,
1329 507 1403 531 non
1448 496 1527 531 sine
1569 507 1705 542 magna
1739 495 1806 532 Dei

178 558 240 594 lud
266 559 444 593 Bermirdz'
470 559 662 597 consonat,
687 565 758 599 quo
791 553 836 588 de
858 563 896 587 se
921 554 957 586 et
990 549 991 575 1
1033 545 1188 579 Offensa·
1213 545 1281 578 Per·
1303 544 1373 578 hoc
1394 547 1517 579 autem
1533 544 1631 588 quod
1647 545 1805 589 Aposto-

179 604 248 641 sibi
275 604 344 651 ipsi
372 603 549 639 dicebat:
580 616 597 634 «
620 603 758 642 Venite,
781 599 955 634 ascenda-
989 631 991 640 χ

177 663 257 687 mus
277 652 325 687 ad
343 656 496 686 montem
516 651 672 689 Domini,
696 651 728 683 et
747 648 794 683 od
813 647 956 681 domum
990 675 991 691 ἢ

176 702 243 735 Dei
262 699 385 738 Jacob,
412 702 444 733 et
477 697 615 732 docebit
639 706 702 730 nos
728 697 807 729 cias
841 702 954 727 suris:

179 746 424 788 intentiones,
459 743 707 789 cogitationes
745 741 956 775 voluntates
986 762 990 783 3

179 796 216 829 et
261 794 494 834 affectiones,
541 794 575 825 ct
615 788 741 824 omnia
776 785 957 821 interiora

176 851 273 880 mea,
298 839 432 880 venite,
467 836 710 872 ascendamus
730 834 767 869 in
791 835 954 868 montem

176 887 338 928 Domini,
363 886 396 920 in
421 886 540 920 locum
567 883 629 918 ubi
651 881 830 916 Dominus
856 878 956 913 videt

179 934 232 970 vel
272 933 430 968 videtur.
469 934 575 965 tlurae
603 956 611 972 ,
657 925 953 969 sollicitudines,

176 980 394 1020 anxietates,
413 988 532 1023 pocnae
545 988 552 1019 ;
565 977 774 1021 exspectate
794 973 854 1008 hic
872 983 955 1008 cum

176 1027 281 1063 asino
312 1035 468 1070 corpore
498 1023 584 1065 isto,
614 1023 732 1057 donec
772 1031 839 1065 ego
871 1030 955 1055 cum
988 1048 989 1058 ,

175 1084 306 1119 puero,
334 1072 369 1106 id
393 1075 446 1106 est
480 1068 741 1115 intelligentia,
769 1077 886 1111 usque
911 1066 954 1101 il-
988 1104 989 1107 Ἰ

176 1121 235 1155 luc
257 1122 503 1165 properantes
531 1121 764 1153 revertamur
796 1114 843 1150 ad
874 1124 952 1149 vos.

176 1168 422 1203 Revertcmur
443 1164 540 1200 enim
561 1164 608 1199 ad
628 1174 706 1207 vos,
726 1166 761 1198 ct
780 1161 878 1197 heu!
900 1171 956 1196 re·
988 1163 989 1179 ³

176 1217 369 1250 vertentur
389 1223 500 1258 quam
521 1211 606 1247 cito.
631 1224 648 1242 »

226 1280 242 1301 2
265 1267 370 1301 MANE
396 1276 503 1300 lucro
527 1274 703 1299 ocensem
723 1273 838 1297 ELioiT
858 1262 953 1296 Apo-

178 1324 322 1348 s‘soLos.
343 1333 387 1338 —-
407 1315 466 1357 Et,
494 1323 573 1346 cum
599 1312 676 1345 dies
701 1312 823 1354 factus
850 1311 951 1348 esset,

176 1362 319 1395 'vocarit
338 1361 516 1394 Dominus
533 1358 578 1393 ad
594 1369 632 1393 se
645 1358 844 1402 discipulos
856 1366 951 1396 suos,

175 1407 270 1443 forte
291 1407 411 1442 adhuc
426 1406 670 1448 dormientes,
692 1409 726 1439 et
747 1405 853 1447 elavit
868 1404 954 1438 duo-

176 1455 291 1489 decim
315 1466 358 1488 ω’
376 1455 467 1498 ipsis
498 1463 560 1488 scu
584 1451 668 1487 fecit
691 1451 888 1486 statuendo
914 1453 955 1485 ut

177 1505 302 1537 essent
318 1499 528 1541 duodecim,
541 1509 624 1534 cnm
640 1498 702 1533 illo
719 1497 838 1543 magis
855 1497 956 1543 prin-

177 1548 330 1593 cipalcs,
348 1559 435 1592 quos
454 1551 486 1582 et
503 1547 711 1592 Apostolos,
730 1545 766 1579 id
788 1548 843 1580 est
864 1544 953 1579 mis-

179 1595 406 1638 sos,scilicet
428 1594 472 1629 ad
496 1593 775 1639 prtcdicandum
797 1601 954 1636 regnum
987 1617 988 1626 l

176 1641 256 1685 Dei,
275 1643 496 1680 nominarim
517 1640 618 1685 prius
641 1639 790 1684 quidem
810 1637 956 1673 vocavit

177 1699 242 1724 eos
269 1688 315 1723 ad
343 1687 627 1733 discipulatum,
656 1686 721 1721 sed
757 1685 868 1720 modo
908 1684 955 1719 ad

176 1735 447 1781 Apostolatnm.
489 1733 693 1770 Considera
732 1732 813 1776 hic,
855 1731 954 1777 quod

176 1782 345 1819 Christus
377 1781 576 1827 Apostolos
602 1781 786 1816 electurus
821 1779 954 1814 orabat

176 1829 331 1876 prolixe,
356 1839 441 1873 quia
462 1831 541 1863 erat
563 1831 788 1873 pernoctans
813 1825 849 1860 in
869 1836 952 1861 ora·
987 1848 988 1854 1

176 1876 296 1919 tione3
313 1879 348 1910 et
371 1875 421 1910 sic
443 1874 589 1910 diutina
610 1877 645 1909 et
668 1877 851 1909 nocturna
872 1883 953 1907 ora-

176 1923 277 1958 tione
299 1921 520 1968 praehabita,
535 1920 645 1966 elegit
660 1920 873 1966 Apostolos,
886 1930 953 1965 per

174 1970 246 2005 hoc
267 1970 468 2005 ostendens
488 1969 588 2013 qnod
606 1966 835 2013 promotioni
857 1977 952 2012 pree-

175 2016 335 2052 ]atornm
363 2016 401 2050 in
429 2015 594 2051 Ecclesia
617 2014 682 2050 Dei
706 2015 842 2049 debent
867 2023 952 2049 ora-

178 2064 298 2099 tiones
321 2064 464 2098 devotte
486 2061 676 2108 prremitti,
699 2065 735 2097 et
759 2061 858 2107 quod
882 2060 953 2106 ipsi

175 2121 244 2156 per
261 2111 413 2145 devotas
434 2109 638 2153 orationes,
656 2112 693 2145 et
714 2119 789 2144 non
809 2118 876 2154 per
894 2108 952 2143 in-

176 2157 372 2192 ductiones
399 2160 435 2192 et
461 2156 743 2202 promissiones,
769 2159 854 2191 sunt
887 2154 953 2190 eli-

176 2205 300 2250 gendi.
330 2204 432 2238 Unde
460 2204 586 2239 Glossa
614 2216 623 2238 :
656 2219 667 2233 u
706 2202 888 2238 Dominus
916 2202 953 2237 in

176 2255 342 2286 montem
380 2251 582 2285 ascendens
617 2250 665 2285 ad
699 2261 738 2285 se
773 2253 880 2285 vocat
918 2252 954 2284 ct

177 2297 289 2342 elegit
322 2305 414 2341 quos
447 2297 536 2339 vult,
567 2296 655 2342 quia
695 2308 769 2332 non
803 2296 953 2332 illorum

176 2343 370 2380 electionis
397 2346 432 2378 et
459 2343 590 2386 studii,
619 2344 683 2379 sed
711 2343 845 2379 divinae
872 2346 954 2379 erat

176 2390 406 2436 dignationis
425 2393 462 2425 et
482 2390 626 2435 gratiae,
650 2394 687 2425 ut
705 2390 741 2425 in
760 2391 952 2437 Apostola-

178 2441 256 2474 tum
284 2441 532 2481 vocarentur3
562 2436 644 2472 ideo
671 2437 723 2472 ait
747 2450 757 2472 :
786 2441 866 2474 Non
892 2448 953 2473 ”cos

177 2496 232 2520 me
251 2486 423 2528 eleqistiS,
447 2485 509 2519 sed
528 2495 589 2528 eqo
611 2485 701 2528 elegi
716 2495 776 2519 vos
794 2498 828 2519 ».
856 2486 952 2530 Ergo

176 2533 385 2568 humanum
406 2530 582 2575 studium,
596 2536 635 2567 ut
654 2541 806 2577 precum
824 2532 953 2568 huma-

174 2589 321 2622 narum,
335 2578 521 2625 pecuniae,
539 2582 718 2623 quaestus,
736 2578 900 2623 generis,
916 2582 952 2615 et

174 2625 389 2672 hujusmodi
414 2625 576 2661 excludit
599 2624 777 2661 Dominus
807 2626 852 2661 ab
875 2626 949 2661 ele-

175 2674 298 2710 ctione
331 2672 489 2718 praelati,
509 2676 548 2709 ut
575 2673 612 2708 in
639 2683 684 2708 ea
715 2675 842 2707 currat
871 2672 951 2709 sola

175 2720 298 2767 gratia
311 2720 449 2762 divina,
460 2723 613 2766 propter
627 2729 739 2765 quam
753 2722 897 2754 tantum
915 2723 951 2755 et
984 2730 985 2751 1

174 2778 243 2813 per
266 2778 379 2812 quam
405 2767 517 2803 debet
544 2768 627 2813 quis
655 2765 755 2812 eligi.
782 2765 885 2801 Unde
912 2765 950 2801 in
983 2775 985 2786 ²

176 2814 375 2850 Psalmista
397 2825 405 2849 ε
427 2815 638 2851 Ascendunt
662 2816 811 2854 montes,
835 2816 869 2848 et
888 2813 950 2848 de·
983 2839 985 2862 ἶ

175 2862 349 2897 scendunt
365 2863 484 2908 campi
501 2864 538 2897 in
559 2863 686 2903 locum,
700 2859 838 2897 scilicet
852 2870 947 2906 prae·
981 2869 983 2891 i

1030 308 1194 353 lationis,
1214 319 1317 354 quem
1334 307 1504 351 fundasti
1521 308 1584 348 eis,
1603 318 1678 344 non
1695 318 1806 355 pecu·

1031 357 1106 400 nia,
1129 366 1204 391 non
1233 354 1394 391 carnalis
1427 355 1602 398 affectus;
1633 355 1698 391 sed
1725 355 1806 391 sola

1031 403 1151 450 gratia
1170 406 1206 438 et
1227 402 1359 438 electio
1382 401 1577 445 canonica,
1597 412 1678 447 quae
1696 401 1808 438 hodie

1031 451 1079 487 ad
1114 449 1317 496 perniciem
1353 449 1525 485 Ecclesiae
1553 448 1809 495 multipliciter

1032 590 1087 625 los
1100 589 1260 625 instituit
1275 589 1313 624 in
1328 589 1806 636 monte,significavitquod

1032 636 1202 682 Episcopi
1245 636 1508 681 Apostolorum
1570 647 1805 673 successores

1030 683 1067 718 in
1104 682 1288 728 superiori
1318 683 1437 729 gradu
1488 686 1574 719 sunt
1614 684 1802 720 Ecclesiae.

1030 737 1134 773 Unde
1155 736 1328 772 dicuntur
1345 736 1529 783 Episcopi,
1549 738 1596 773 ab
1616 735 1687 781 ἑωὶ,
1702 738 1802 783 quod

1029 796 1085 828 est
1105 803 1232 838 snpra,
1254 795 1290 827 et
1312 790 1436 828 σκοπὸς
1462 791 1633 835 intentio,
1657 791 1718 837 qui
1739 802 1801 828 su-

1027 850 1095 886 pra
1110 849 1263 885 gregem
1278 837 1511 874 Dommicum
1527 839 1663 875 debent
1680 838 1802 874 inten-

987 918 988 927 ,
1029 887 1131 931 dere,
1154 890 1193 922 ut
1214 896 1297 922 eum
1318 885 1365 920 ad
1385 895 1546 931 superna
1566 886 1714 921 valeant
1734 885 1804 921 eri-

1028 945 1130 976 gere.
1149 933 1234 976 Sed,
1249 932 1344 968 heu!
1362 932 1467 967 multi
1495 944 1537 968 ex
1549 931 1725 968 eishodie
1745 934 1802 968 in-

1029 981 1187 1017 feriores
1227 979 1265 1015 in
1290 990 1401 1025 opere
1429 983 1534 1023 sunt3
1558 983 1592 1015 et
1621 990 1689 1015 nec
1716 978 1801 1024 sibi,

1028 1039 1096 1064 nec
1123 1028 1205 1064 aliis
1231 1030 1400 1073 prosunt,
1429 1026 1535 1062 etsie
1565 1037 1703 1062 nomen
1724 1028 1804 1062 sine

1029 1086 1070 1112 re
1102 1078 1243 1111 tenent.

1077 1126 1096 1157 5
1125 1124 1380 1158 Dconnxfflics
1414 1131 1577 1156 Ncnsnrs
1609 1132 1646 1156 ix
1680 1132 1806 1156 nemis

1030 1181 1284 1204 connnxns'rcs
1333 1180 1374 1202 ET
1422 1179 1708 1204 PRAEFIGL'RATL'S.
1760 1187 1807 1194 —-

1031 1216 1129 1252 Sicut
1157 1221 1281 1252 antem
1307 1215 1346 1250 in
1373 1215 1568 1250 vocatione
1602 1215 1672 1250 suit
1704 1225 1805 1250 com-

988 1273 989 1291 1
1029 1263 1219 1299 mendatio
1241 1262 1386 1308 gratiae,
1405 1261 1457 1298 sic
1480 1261 1518 1297 in
1539 1272 1694 1297 numero
1717 1272 1804 1297 con-

1029 1311 1202 1357 gruentia
1233 1311 1364 1355 figurae
1400 1320 1407 1344 ε
1437 1319 1525 1344 nam
1551 1308 1806 1344 duodenarius

987 1364 989 1388 3
1027 1358 1290 1403 Apostolorum
1319 1366 1497 1392 numerus
1531 1356 1569 1390 in
1597 1355 1723 1391 multis
1750 1359 1807 1391 est

1028 1405 1223 1450 figuratus.
1237 1404 1299 1440 Isti
1316 1403 1413 1439 enim
1429 1402 1625 1439 duodecim
1636 1402 1804 1448 Apostoli

1029 1454 1096 1488 sub
1137 1452 1258 1498 figura
1295 1450 1481 1496 loquendo
1517 1454 1602 1486 sunt
1627 1461 1634 1485 :
1667 1449 1802 1495 primo,

1029 1499 1224 1535 duodecim
1243 1498 1479 1545 patriarchae,
1493 1500 1611 1533 totum
1624 1497 1803 1543 populum

1029 1546 1281 1583 Christianum
1305 1544 1548 1591 spiritualiter
1567 1544 1802 1589 generando;

1029 1594 1208 1635 secundo,
1226 1591 1423 1628 duodecim
1440 1591 1609 1628 viventes
1627 1593 1747 1627 t'ontes
1764 1591 1805 1627 in

1029 1641 1173 1686 Helym,
1202 1639 1381 1676 doctrinis
1419 1639 1495 1675 suis
1533 1638 1736 1674 Ecclesiam
1769 1640 1806 1674 et

1028 1688 1209 1723 mundum
1230 1686 1421 1732 irrigando
1438 1698 1445 1729 ;
1465 1685 1589 1729 tertio,
1606 1685 1804 1721 duodecim

1028 1734 1171 1780 lapides
1198 1734 1236 1769 in
1263 1737 1366 1769 veste
1386 1733 1604 1778 pontificali,
1627 1732 1805 1778 exemplis

1029 1781 1169 1816 sanctis
1182 1780 1384 1816 Ecclesiam
1397 1779 1619 1815 adornando
1631 1791 1638 1822 ;
1655 1783 1804 1825 quarto,

1028 1827 1227 1864 duodecim
1250 1838 1366 1874 panes
1390 1837 1502 1873 supra
1528 1837 1697 1862 mensam
1718 1837 1805 1873 pro-

1029 1875 1240 1921 positionis,
1272 1874 1419 1911 animas
1455 1875 1567 1909 verbo
1600 1873 1684 1909 vitae
1717 1874 1805 1909 resi-

1029 1922 1185 1965 ciendo,
1215 1921 1359 1968 quinto,
1389 1920 1582 1956 duodecim
1618 1920 1805 1967 principes

1028 1969 1206 2013 tribuum,
1228 1971 1415 2015 praecepta
1437 1967 1617 2003 salutaria
1639 1967 1804 2013 promul-

1029 2016 1153 2062 gando
1177 2019 1213 2052 et
1231 2016 1433 2052 Ecclesiam
1453 2014 1653 2051 salubriter
1672 2016 1806 2060 guber-

1028 2064 1153 2099 nando
1168 2075 1176 2107 ;
1201 2067 1318 2107 sexto,
1335 2061 1534 2098 duodecim
1549 2062 1804 2108 exploratores

1029 2114 1140 2146 terrae
1152 2109 1424 2156 promissionis„
1435 2110 1598 2145 futuram
1610 2109 1723 2144 vitam
1736 2119 1804 2155 per

1029 2158 1383 2204 contemplationem
1393 2157 1615 2202 inquirendo
1629 2160 1664 2191 et
1676 2160 1804 2201 postea

1029 2205 1173 2241 devotis
1192 2204 1475 2247 annuntiando;
1514 2203 1686 2249 septimo,
1709 2203 1801 2238 duo-

1028 2252 1147 2288 decim
1188 2252 1329 2298 lapides
1369 2251 1415 2287 de
1448 2251 1615 2287 Jordane
1651 2249 1802 2295 sublati,
1846 2280 1849 2281 γ

1028 2299 1156 2335 mundi
1175 2300 1313 2335 fluxum
1333 2298 1608 2334 contemnendo
1627 2309 1635 2341 3
1657 2301 1801 2341 octavo,

1028 2346 1227 2382 duodecim
1249 2346 1392 2392 lapides
1415 2345 1558 2388 altaris,
1582 2344 1718 2380 Christi
1742 2354 1804 2380 sa-

1028 2393 1211 2430 crificium
1233 2393 1270 2429 in
1297 2404 1335 2429 se
1351 2392 1558 2439 portando3
1583 2391 1802 2436 nono,duo-

1028 2441 1151 2477 decim
1177 2440 1282 2477 vituli
1310 2440 1469 2476 Domino
1497 2438 1701 2483 immolati,
1734 2448 1804 2484 pro

1028 2488 1176 2525 Christo
1198 2487 1418 2534 martyrium
1440 2486 1682 2530 sustinendo;
1703 2484 1804 2521 deci-

1027 2546 1103 2579 mo,
1127 2535 1324 2571 duodecim
1344 2535 1456 2571 boves
1478 2535 1545 2570 sub
1564 2533 1659 2569 mari
1682 2543 1802 2577 aeneo,

1028 2582 1208 2629 Baptismi
1232 2583 1391 2628 gratiam
1414 2580 1654 2628 praedicando
1677 2583 1713 2615 et
1733 2579 1802 2615 mi-

1024 2630 1218 2666 nistrando
1232 2641 1241 2674 3
1260 2629 1471 2674 undecimo,
1487 2626 1682 2664 duodecim
1694 2627 1802 2662 leun-

1026 2676 1096 2712 culi
1124 2677 1163 2712 in
1192 2677 1331 2713 throno
1358 2674 1589 2718 Salomonis,
1621 2677 1803 2719 tyrannos

1026 2723 1157 2759 mundi
1175 2724 1360 2760 vincendo
1375 2728 1412 2760 et
1431 2723 1635 2759 obstinatos
1651 2719 1803 2756 commi-

1024 2771 1181 2807 natione
1206 2781 1405 2818 poenarum
1430 2768 1566 2805 inferni
1596 2767 1798 2812 terrendo3

1023 2817 1264 2862 duodecimo,
1292 2816 1488 2853 duodecim
1516 2816 1727 2862 Prophetae,
1754 2814 1801 2851 de

1022 2864 1149 2901 futuro
1172 2869 1342 2911 tempore
1366 2862 1568 2900 Ecclesiam
1595 2862 1800 2899 admonen-
