1943 3141
507 145 558 180 DE
596 144 864 178 NATIVITATE
902 144 1175 178 SALVATORIS
1213 144 1389 178 Nosrttl.
1733 144 1772 175 75

133 213 234 249 Patri
257 213 445 257 exhibitis,
473 217 658 249 venerunt
685 223 816 248 omnes
844 222 912 258 per

130 260 285 297 ordines
319 271 406 297 suos
435 260 562 296 videre
597 258 732 295 faciem
762 258 911 295 Domini

131 307 195 344 Dei
223 307 293 351 sui,
328 311 365 343 et
395 307 598 343 adorantes
635 317 736 349 eum,
764 310 800 342 et
834 316 911 342 ma-

131 357 225 391 trem
266 354 397 400 ipsius,
434 364 518 390 cum
557 353 659 389 omui
695 352 910 390 reverentia

127 401 249 438 laudis
269 401 391 437 eidem
411 402 669 447 personabant
685 404 721 437 et
737 400 906 444 cantica;

128 448 211 494 quis
249 447 349 484 enim
388 448 554 492 illorum,
592 448 730 484 talibus
769 447 909 484 auditis

125 494 258 538 novis,
296 495 545 531 remansisset
581 495 618 531 in
658 495 774 539 COElO,
815 496 907 541 quin

124 541 311 578 visitasset
347 542 547 579 Dominum
573 553 681 579 suum
705 542 757 578 sic
783 543 906 578 humi-

124 587 210 625 liter
244 589 489 626 constitutum
519 590 557 626 in
590 591 718 626 terra?
738 592 777 626 ln
805 590 906 626 nullo

124 645 255 672 eorum
295 637 429 673 cadere
471 637 655 684 potuisset
688 639 770 674 haec
803 641 907 673 tanta

122 683 312 730 superbia.
356 685 459 721 Unde
485 685 686 730 Apostolus
712 697 720 721 ε
752 687 800 721 Et
826 696 906 721 cum

121 731 325 768 introducit
369 734 658 776 Primoqenitzcm
710 735 749 768 in
786 733 906 768 orbem

120 779 313 820 terrarum,
334 780 426 815 dicit
444 793 454 815 :
474 782 522 816 Et
548 780 700 815 adorent
725 790 804 815 eum
831 791 904 815 om-

119 835 183 862 nes
208 826 345 871 Anqelz'
377 829 455 863 Dei.
488 827 592 863 Unde
628 829 862 871 Azzqustinus
893 839 903 862 :

122 884 140 907 «
176 874 216 909 In
254 874 401 911 stabulo
433 874 612 917 nascitur,
647 877 684 911 et
723 884 744 910 a
784 877 904 910 matre

122 919 240 956 Maria
265 921 327 957 vili
350 921 466 958 fascia
491 921 668 967 cingitur,
692 925 729 958 et
750 921 788 957 in
806 932 903 968 prze-

121 967 224 1020 sepio
264 969 481 1005 reclinatur.
523 970 602 1004 Non
639 973 719 1005 erat
767 968 800 1004 ei
843 980 902 1005 ce-

120 1015 232 1051 dr1na
257 1016 405 1060 domus,
426 1027 492 1052 nec
514 1016 632 1052 lectus
654 1017 845 1052 eburneus
866 1017 902 1052 in

119 1071 193 1108 quo
226 1067 378 1109 pareret
404 1065 648 1106 Creatorem,
672 1067 708 1099 et
732 1063 901 1099 omnium

118 1114 277 1156 poneret
303 1111 608 1156 Redemptorem.
639 1110 780 1147 Idcirco
802 1111 903 1147 velut

117 1156 200 1192 exul
239 1160 275 1193 et
312 1158 526 1204 peregrina,
549 1158 587 1194 in
615 1158 742 1194 aliena
773 1158 899 1203 domo,

117 1204 247 1240 mundi
283 1205 485 1242 Dominum
520 1205 690 1252 peperit,
729 1208 766 1242 et
804 1209 900 1241 tam-

116 1260 228 1297 quam
249 1252 389 1289 t'emina
406 1264 563 1299 pauper,
582 1264 657 1289 non
676 1252 820 1296 sericis,
834 1253 899 1288 sed

115 1298 253 1344 pannis
281 1300 416 1336 vilibus
443 1300 613 1344 involvit,
637 1304 673 1336 et
695 1300 733 1335 in
758 1310 898 1346 priese-

112 1345 175 1392 pio
184 1347 399 1391 collocavit3
415 1359 528 1393 quem
543 1352 579 1383 ut
596 1347 754 1394 peperit,
771 1347 898 1383 statim

115 1396 155 1429 ut
176 1394 294 1429 Deum
323 1395 508 1431 adoravit.
531 1395 558 1431 O
587 1394 775 1431 stabulum
798 1394 896 1439 felix,

110 1450 280 1487 praesepe
315 1443 481 1486 beatum,
521 1442 559 1477 in
606 1453 692 1488 quo,
730 1442 898 1477 nascitur

116 1487 298 1533 Christus,
315 1493 351 1525 et
371 1489 577 1525 reclinatur
591 1489 759 1524 omnium
778 1489 893 1525 Deusl

107 1535 160 1571 Ibi
182 1535 331 1572 fuerunt
346 1537 567 1572 obstetrices
585 1535 766 1582 angelicae
789 1537 896 1572 Pote-

108 1585 238 1627 states,
277 1587 313 1619 et
352 1583 530 1619 solatium
556 1584 811 1629 Angelorum3
842 1583 893 1620 ibi

106 1633 216 1666 erant
251 1630 369 1666 millia
405 1630 566 1667 millium
604 1630 890 1675 exsultantium3

63 1703 66 1705 -
105 1676 156 1714 ibi
174 1677 347 1723 vagiebat
363 1678 533 1714 Christus
553 1678 590 1714 in
607 1678 892 1722 stabulo,ettie-

105 1724 170 1761 bat
189 1724 321 1762 laetitia
336 1736 472 1771 magna
487 1726 524 1761 in
537 1726 646 1761 coelo.
665 1725 891 1762 Plorabatin

104 1772 289 1819 praesepio
299 1773 482 1816 Christus,
493 1778 528 1809 et
540 1776 667 1809 tamen
680 1773 725 1809 de
737 1772 817 1819 ipso
829 1783 890 1809 ex-

103 1819 216 1856 sultat
232 1820 431 1857 multitudo
449 1820 613 1857 coelestis
626 1820 890 1864 exercitus,re-

101 1876 243 1904 sonans
264 1870 340 1904 Deo
367 1868 527 1914 gloriam
558 1868 595 1904 in
624 1867 830 1911 altissimis,
853 1873 890 1904 et

100 1912 257 1951 interra
272 1926 401 1961 pacem
423 1915 652 1952 annuntians
672 1915 888 1951 hominibus

102 1961 212 1998 bonae
244 1963 467 2002 voluntatis.
499 1963 588 2009 quia
623 1962 772 1999 bonitas
802 1962 885 1998 coeli

100 2012 190 2046 nata
216 2013 296 2046 erat
323 2010 362 2046 in
392 2010 518 2046 terris.
542 2010 796 2046 Descenderat
816 2020 886 2055 pax

101 2066 191 2093 vera
217 2058 263 2093 de
292 2058 401 2101 coelo,
423 2061 460 2094 et
487 2058 574 2093 inde
598 2056 729 2103 Angeli
757 2060 887 2103 gratu-

99 2102 222 2141 lantes
250 2105 502 2141 decantabant
529 2104 689 2152 gloriam
715 2104 754 2139 in
779 2103 883 2140 altis-

98 2151 204 2188 simis
243 2154 333 2189 Deo.
378 2153 574 2189 Exsultant
610 2151 758 2198 Angeli,
799 2162 886 2187 con-

99 2199 283 2235 tremiscit
313 2200 444 2243 Maria,
478 2201 597 2236 Mater
632 2198 697 2235 Dei
734 2198 880 2235 effecta.

99 2246 306 2283 GaudentA
314 2247 410 2293 ngeli
423 2248 469 2283 de
478 2247 626 2284 Christo
638 2245 882 2292 tripudiando

99 2303 244 2338 secure,
272 2299 358 2330 ante
390 2305 502 2341 quem
530 2298 604 2330 stat
630 2295 768 2336 Mater;
798 2303 882 2329 cum

99 2350 236 2386 magno
258 2345 424 2378 tremore
444 2346 478 2378 et
500 2341 636 2378 timore
666 2341 826 2377 exsultat
846 2345 883 2376 et

98 2398 182 2424 cum
194 2389 441 2424 exsultatione
454 2389 585 2425 timida
600 2391 838 2436 perseverat:
860 2402 877 2419 »

100 2435 182 2472 haec
210 2437 454 2480 Anqustz'nus.

151 2486 191 2519 16
219 2484 402 2520 szwnns
423 2495 664 2519 FESTlNANTER
683 2495 728 2519 AD
749 2495 884 2520 PRAESE-

98 2541 167 2566 peu
193 2542 362 2567 vnxit-NT.
385 2551 430 2556 -
450 2533 497 2567 Et
519 2534 600 2577 post
624 2531 718 2576 haec,
741 2535 780 2566 ut
801 2531 879 2567 dis-

97 2583 280 2615 cesserunt
316 2579 362 2614 ab
399 2580 450 2613 eis
482 2579 618 2623 Anyelz'
652 2580 692 2614 in
727 2579 877 2619 coelum,

96 2629 264 2673 pastores
291 2627 535 2672 loquebantur
563 2626 612 2661 ad
641 2627 796 2662 invicem
821 2625 877 2662 di-

97 2676 246 2709 centes:
266 2675 508 2709 Transeamus
524 2684 639 2718 usque
652 2674 873 2715 Bethlehem,

99 2720 147 2757 de
165 2731 239 2767 qua
260 2721 368 2758 nobis
386 2721 528 2758 dictum
543 2725 611 2765 est,
632 2724 666 2757 et
685 2721 877 2757 videamus

96 2767 148 2804 ibi
169 2767 288 2805 oculis
311 2769 450 2806 nostris
478 2769 542 2805 hoc
565 2768 726 2810 verbum,
747 2768 785 2805 id
802 2773 872 2814 est,

988 211 1098 247 istam
1116 223 1193 248 rem
1215 213 1368 257 dignam
1390 215 1503 251 verbo
1520 214 1576 250 vel
1597 214 1771 251 recorda-

987 257 1103 302 tione,
1127 260 1223 304 quod
1241 263 1382 301 fadum
1396 265 1461 301 est.
1479 262 1577 307 quod
1596 263 1770 297 Dominus

986 305 1086 348 fecit,
1110 306 1197 350 quia
1218 306 1312 342 alius
1337 308 1459 344 facere
1481 320 1555 344 non
1577 308 1712 355 potuit,
1734 313 1769 344 et

985 353 1156 391 ostendit.
1174 352 1210 387 id
1233 357 1287 387 est
1314 355 1506 399 revelavit,
1522 358 1639 392 nobis.
1658 356 1767 400 Quasi

985 399 1156 436 dicerent
1185 411 1192 434 t
1219 399 1420 436 Videamus
1449 413 1606 447 puerum
1639 408 1766 439 natum

983 457 1051 493 per
1082 447 1237 483 verbum
1258 447 1392 492 Angeli
1423 449 1530 485 nobis
1554 450 1766 495 signatum3

982 495 1139 530 verbum
1179 493 1280 529 enim
1325 495 1384 530 vel
1420 506 1544 531 sermo
1582 498 1620 532 in
1661 508 1767 533 sacra

983 541 1190 587 Scriptura,
1214 552 1314 587 sa=pe
1342 552 1408 587 pro
1441 553 1482 578 re
1513 543 1626 589 digna
1652 546 1766 581 verbs·

983 588 1176 635 accipitur,
1196 593 1236 624 ut
1260 588 1296 624 in
1324 588 1419 624 Isaia
1451 601 1458 624 :
1484 592 1563 627 Non
1583 593 1658 634 fuit
1683 603 1765 626 ver-

984 636 1078 679 bum,
1107 638 1147 671 in
1173 637 1277 671 domo
1304 646 1384 678 sua,
1409 636 1443 671 id
1472 640 1529 672 est
1567 648 1625 673 res
1652 649 1766 683 gran-

981 683 1052 728 dis,
1079 684 1176 729 quod
1201 695 1272 719 non
1297 684 1500 719 ostenderet
1527 687 1592 720 eis.
1620 685 1683 720 Vel
1711 686 1764 720 vi-

982 731 1138 766 deamus
1167 732 1238 766 hoc
1266 731 1446 775 Verbum,
1476 731 1577 776 quod
1611 735 1693 767 erat
1725 732 1762 768 in

981 778 1164 825 principio
1211 779 1310 824 apud
1357 779 1505 814 Patrem
1525 807 1533 823 ,
1575 779 1766 824 quomodo

981 836 1067 861 caro
1120 826 1259 861 factum
1300 829 1382 869 est3
1420 826 1509 871 quia
1553 836 1637 862 cuin
1677 837 1764 863 caro

982 873 1129 908 Domini
1171 872 1290 909 nostri
1329 873 1491 917 videtur,
1510 874 1676 910 Verbum
1706 874 1763 909 vi-

979 920 1089 956 detur
1115 921 1216 966 quod
1244 919 1357 956 Filius
1389 924 1465 963 est;
1489 920 1589 966 quod
1624 921 1761 957 sactum

979 971 1060 1011 est,
1098 968 1198 1013 quod
1244 971 1324 1003 tota
1362 967 1526 1003 Trinitas
1572 969 1761 1005 incarnari

978 1015 1185 1058 constituit,
1226 1018 1262 1050 et
1299 1014 1353 1050 sic
1391 1016 1529 1051 sactum
1570 1015 1761 1052 hominem

978 1062 1120 1098 scilicet
1158 1062 1383 1105 mortalem,
1422 1062 1589 1098 ostendit
1628 1063 1761 1107 nobis,

978 1109 1067 1155 quia
1096 1109 1134 1145 in
1166 1110 1305 1146 deitate
1347 1109 1464 1145 videri
1495 1121 1570 1145 non
1596 1114 1759 1156 poterat.

976 1159 1023 1192 Et
1054 1161 1226 1193 venerunt
1251 1160 1483 1200 festinante&
1504 1157 1762 1204 principaliter

976 1215 1019 1240 cx
1046 1205 1262 1241 vehementi
1285 1205 1422 1251 gaudio
1443 1208 1480 1241 et
1499 1204 1688 1241 desiderio
1711 1205 1761 1240 vi-

975 1251 1085 1287 dendi
1107 1252 1290 1287 infantem
1310 1255 1454 1296 natum,
1475 1255 1512 1288 et
1535 1252 1759 1290 secundario

974 1303 1014 1334 ut
1044 1299 1154 1334 citius
1191 1299 1358 1335 redirent
1391 1300 1437 1335 ad
1465 1310 1619 1345 gregem
1648 1310 1757 1336 suum

973 1346 1055 1382 sine
1081 1346 1252 1382 custodia
1275 1346 1500 1390 dimissum;
1525 1347 1564 1382 in
1584 1357 1657 1392 quo
1694 1358 1759 1383 no-

972 1397 1073 1428 tatur
1111 1404 1243 1430 eorum
1282 1394 1432 1430 devotio
1467 1397 1503 1429 et
1543 1393 1757 1430 sollicitudo

972 1441 1194 1486 quaerendi:
1232 1452 1340 1476 nemo
1373 1441 1474 1476 enim
1497 1452 1580 1477 cum
1611 1441 1758 1478 desidia

973 1498 1161 1532 quaerens,
1177 1487 1365 1524 Christum
1382 1488 1550 1524 invenire
1566 1492 1755 1534 meretur;

970 1535 1017 1570 ad
1057 1546 1182 1580 quem,
1206 1535 1413 1571 secundum
1457 1536 1606 1577 Rectam,
1650 1536 1754 1572 sesti-

970 1586 1106 1617 nanter
1133 1582 1202 1627 ire,
1232 1586 1302 1626 est,
1328 1593 1405 1618 non
1429 1583 1568 1628 pedum
1601 1593 1754 1629 gressus

969 1629 1195 1673 accelerare,
1237 1630 1302 1665 sed
1341 1629 1379 1665 in
1418 1630 1493 1666 fide
1526 1640 1676 1676 semper
1710 1641 1754 1666 ac

966 1676 1104 1712 virtute
1135 1677 1334 1723 proficere.
1363 1680 1411 1713 Et
1437 1680 1653 1713 invenerunt
1679 1680 1755 1714 Μα·

965 1726 1062 1759 riam
1095 1728 1128 1760 et
1157 1726 1300 1771 Joseph,
1327 1728 1360 1760 et
1388 1727 1572 1768 Infantem
1588 1727 1751 1771 positum

965 1773 1004 1807 in
1032 1774 1224 1818 praesepio.
1263 1774 1311 1808 Ex
1347 1772 1579 1808 abundantia
1613 1773 1751 1819 quippe

964 1821 1080 1865 paciS,
1107 1830 1180 1865 qua
1205 1823 1293 1855 tunc
1321 1820 1493 1856 homines
1520 1820 1749 1867 gaudebant,

963 1870 998 1902 et
1018 1872 1171 1913 propter
1191 1867 1381 1913 hospitum
1403 1867 1749 1913 supervenientium

963 1914 1215 1960 frequentiam
1230 1919 1347 1960 portae
1367 1926 1441 1950 non
1462 1915 1749 1959 claudebantur,

962 1960 1047 1997 ideo
1087 1965 1258 2007 pastores
1299 1966 1406 1998 nocte
1445 1961 1591 1998 intrare
1631 1966 1665 1998 et
1701 1963 1750 1998 ad

964 2010 1127 2045 Puerum
1165 2009 1293 2045 venire
1332 2013 1521 2055 poterant.
1556 2009 1750 2045 Invenitur

964 2057 1135 2092 ChrIstus
1167 2067 1251 2091 cum
1282 2056 1399 2092 Maria
1428 2056 1596 2101 Virgine,
1623 2060 1658 2093 et
1689 2058 1751 2093 Jo-

961 2104 1053 2149 seph
1079 2103 1157 2139 viro
1181 2104 1298 2149 justo,
1315 2108 1352 2140 et
1378 2104 1416 2139 in
1442 2104 1627 2150 praesepio
1652 2114 1747 2150 :per

960 2150 1060 2195 quod
1076 2150 1269 2195 docemur,
1287 2152 1386 2197 quod
1406 2151 1467 2197 qui
1485 2151 1561 2188 vult
1576 2151 1744 2187 invenire

958 2198 1163 2241 Christum,
1191 2198 1303 2234 debet
1335 2200 1476 2235 habere
1518 2198 1744 2235 munditiam

957 2245 1082 2281 cordis
1114 2250 1289 2291 respectu
1329 2246 1399 2290 sui,
1431 2247 1531 2292 quod
1572 2257 1639 2293 per
1670 2248 1744 2282 Ma-

956 2292 1053 2329 riam
1094 2292 1310 2339 Virginem;
1346 2294 1533 2340 justitiam
1569 2298 1743 2340 respectu

955 2340 1130 2386 proximi,
1154 2341 1255 2386 quod
1292 2351 1359 2387 per
1396 2342 1536 2387 Joseph
1571 2341 1740 2386 Justum;

956 2390 993 2424 et
1030 2388 1281 2424 humilitatem
1315 2399 1358 2424 ac
1396 2388 1649 2425 reverentiam
1680 2399 1742 2424 re-

956 2440 1088 2481 spectu
1120 2436 1201 2480 Dei,
1238 2436 1338 2481 quod
1376 2447 1444 2482 per
1472 2436 1614 2472 humile
1643 2446 1738 2481 prae·

956 2482 1102 2529 sepium
1152 2483 1338 2519 innuitur.
1382 2483 1573 2519 Invenitur
1612 2488 1738 2518 autem

957 2530 1128 2567 Christus
1160 2531 1350 2566 mediante
1386 2530 1503 2567 Maria
1522 2534 1558 2566 et
1580 2530 1736 2575 Joseph,

955 2577 991 2613 id
1016 2582 1086 2622 est,
1109 2577 1428 2624 contemplatione
1455 2581 1492 2614 et
1514 2577 1674 2620 actione,
1696 2576 1737 2613 in

954 2626 1062 2671 cujus
1082 2626 1243 2671 figuram
1263 2627 1393 2670 Jacob,
1408 2625 1470 2671 qui
1492 2628 1528 2660 et
1547 2624 1675 2667 Israel,
1697 2624 1735 2660 id

953 2677 1024 2717 est,
1039 2674 1167 2708 videns
1186 2676 1298 2709 Deum
1318 2673 1439 2709 dictus
1450 2675 1520 2715 est,
1536 2675 1734 2723 utramque

951 2731 1120 2764 uxorem,
1139 2720 1282 2757 scilicet
1303 2720 1440 2756 Rachel
1474 2722 1510 2755 et
1536 2720 1639 2755 Liam
1667 2719 1733 2754 ha-

950 2767 1043 2804 buit.
1070 2769 1242 2805 videntes
1269 2771 1389 2804 autem
1409 2765 1526 2803 oculis
1556 2776 1732 2813 corpora-
