1876 3126
132 173 190 206 308
580 168 723 201 PRIMAE
760 167 916 201 PARTIS
954 165 1086 198 CAPUT
1122 164 1292 198 XXXVII

132 241 322 278 sciendum
337 239 435 285 quod
452 240 567 274 Lucas
581 236 718 273 omittit
734 236 826 272 duas
846 247 906 282 pe-

130 289 282 324 titiones
303 285 483 323 orationis
513 284 730 327 Dominiczc,
767 283 908 319 scilicet

129 335 277 371 tertiam
299 338 335 369 et
354 333 565 379 septiinam,
587 331 674 376 quia
692 331 803 366 tertia
824 341 908 366 con-

128 382 268 418 tinetur
293 381 332 416 in
367 380 510 416 duabus
530 377 843 424 proecedentibus,
872 380 908 412 et

129 429 288 474 septima
318 428 356 463 in
379 430 493 462 sexta.
530 428 570 461 In
612 424 907 461 sanctificatione

129 476 227 511 enim
249 474 384 510 animce
403 484 485 519 quae
506 472 644 519 petitur
663 471 700 507 in
715 471 850 517 prima,
873 474 909 505 et

127 522 165 558 in
202 520 474 557 resurrectione
506 519 630 555 carnis
657 529 740 564 quse
769 518 909 563 petitur
946 547 948 552 ,

127 570 161 604 111
185 569 361 612 secunda,
391 567 566 613 impletur
586 565 711 601 divina
733 566 907 600 voluntas

123 626 205 661 quae
226 615 365 661 petitur
383 614 421 649 in
441 613 564 649 tertia.
587 613 667 656 Vel,
695 612 726 647 si
747 611 907 657 gloriam
946 641 948 653 ,
1136 654 1142 660 .
1172 654 1178 660 .

946 667 948 703 t
981 657 1080 690 Bene
1108 655 1196 689 (11611
1223 659 1356 697 vestra,
1391 655 1477 700 quia
1502 656 1582 692 haec
1607 660 1663 692 est
1685 658 1765 694 5013

123 662 189 698 Dei
210 661 468 708 principaliter
494 670 721 706 quaeramus,
757 662 791 694 61
819 668 905 709 par-

123 708 381 755 ticipationem
416 708 523 752 regni
555 708 648 752 ejus,
675 717 755 751 quse
785 708 907 739 conti-

123 760 262 792 nentur
282 755 319 790 in
337 755 481 791 duabus
496 753 627 800 primis
648 751 906 798 petitionibus,

124 803 223 839 116116
243 803 471 838 voluntatem
483 802 565 845 ejus
583 799 752 841 facimus,
772 801 807 832 et
829 798 908 842 ejus

124 850 297 885 voluntas
312 849 489 894 impletur
506 848 544 882 in
558 846 685 889 nobis;
706 844 803 890 quod
820 854 906 895 6011-

120 896 260 932 tinetur
283 897 318 931 in
355 895 479 936 tertia,
505 893 591 938 quia
611 893 658 927 ad
685 892 755 926 hoc
776 901 907 936 praeci—

123 953 196 989 pue
217 943 386 978 voluntas
407 940 472 976 Dei
496 939 627 983 tendit,
652 942 692 974 ut
720 938 799 983 ejus
825 947 910 989 san-

122 989 288 1025 ctitatem
318 996 589 1033 cognoscamus
619 988 655 1020 et
698 995 784 1020 611111
823 994 903 1035 ipso

122 1046 337 1080 regnemus.
378 1032 557 1070 Similiter
598 1031 756 1077 septima
795 1034 909 1082 conti-

122 1087 234 1118 netur
256 1081 295 1116 in
317 1085 432 1125 sexta,
467 1083 509 1115 ut
533 1079 625 1115 sciat
646 1087 907 1123 unusquisque

123 1139 163 1165 se
179 1129 329 1165 liberari
343 1139 365 1164 a
381 1127 494 1169 malo,
518 1136 604 1161 6311]
625 1136 701 1161 11011
718 1124 908 1159 inducitur

124 1175 165 1211 in
195 1174 456 1211 tentationem.
482 1172 518 1210 si
551 1172 650 1208 enim
671 1172 710 1207 in
730 1171 906 1206 tentatio—

123 1233 210 1258 nem
228 1233 305 1258 non
328 1220 537 1257 inducimur
555 1219 588 1255 ei
612 1218 904 1261 succumbendo,

125 1269 191 1305 sed
234 1269 354 1315 magis
394 1268 641 1314 praevalemus
680 1265 905 1307 resistendo,

123 1317 219 1352 bene
246 1316 451 1352 liberamur
483 1325 505 1350 a
527 1315 638 1349 malo.
664 1314 708 1348 Et
728 1311 780 1347 sic
808 1312 907 1356 quod

123 1364 321 1399 Matthaeus
347 1362 437 1398 dicit
457 1361 642 1407 explicite,
665 1361 782 1395 Lucas
803 1369 905 1394 com-

131 1410 310 1456 plectitur
330 1409 522 1456 implicite.

174 1461 214 1493 15
239 1459 507 1493 ADVERTENDCM
532 1466 625 1495 Qcon
665 1465 702 1489 ΙΝ
729 1464 906 1488 omnm-13

126 1515 193 1540 sm
221 1516 433 1540 toxoscnxni
458 1512 717 1538 NECESSITATEM
739 1512 900 1536 11115611-

123 1563 183 1586 1111
213 1563 392 1587 0511511111
416 1552 592 1586 Domxcs.
622 1568 667 1574 —
695 1549 740 1583 L't
779 1551 906 1583 autem

124 1597 214 1633 dicit
246 1600 503 1642 Auqustinus:
529 1611 547 1629 «
571 1597 651 1631 Non
671 1594 906 1640 negligenter
942 1623 945 1637 ,

123 1646 428 1690 praetereundum
453 1647 523 1686 est,
546 1642 644 1688 quod
669 1652 711 1677 ex
733 1641 906 1677 omnibus

122 1691 181 1727 his
213 1692 420 1734 sententiis,
450 1691 584 1736 quibus
621 1699 691 1724 nos
724 1687 906 1724 Dominus

124 1749 233 1774 orare
247 1738 440 1784 praecepit,
456 1747 539 1774 eam
553 1734 789 1782 potissimum
808 1745 906 1770 com-

122 1786 377 1822 mendandam
399 1795 480 1821 esse
497 1782 690 1830 judicavit,
713 1793 795 1827 quae
818 1792 903 1827 per-

121 1831 217 1868 tinet
237 1833 285 1869 ad
304 1827 565 1868 rbmi-sionem
586 1833 839 1875 peccatorum,
863 1828 900 1863 in

123 1889 196 1924 qua
210 1891 279 1915 nos
291 1878 554 1915 misericordes
564 1876 784 1919 6556101311,
803 1876 905 1921 quod

122 1937 240 1962 unum
259 1929 315 1962 est
327 1925 523 1961 consilium
545 1923 716 1959 miserias
738 1923 903 1958 evaden-
942 1942 945 1967 3

122 1972 173 2008 di.
196 1976 238 2010 In
272 1973 375 2010 nulla
401 1972 502 2008 enim
532 1970 720 2007 sententia
746 1970 799 2005 sic
819 1980 904 2005 ora-

122 2030 219 2065 mus,
246 2026 288 2057 ut
323 2019 429 2066 quasi
455 2018 691 2065 paciscamur
727 2027 810 2053 cum
844 2027 901 2052 eo.

119 2068 286 2105 Dicimus
302 2068 402 2103 enim
420 2079 428 2102 ι
444 2068 594 2102 Dimitte
608 2066 787 2108 nobis‚....
810 2065 905 2099 sicut

122 2122 155 2153 et
174 2126 237 2150 nos
255 2116 476 2150 dimittimus
504 2112 728 2148 debitoribus
753 2113 902 2155 nostris,

122 2164 162 2200 in
184 2172 257 2206 qua
279 2162 452 2207 pactione
484 2159 514 2196 si
541 2158 761 2202 mentimur,
788 2157 903 2194 totius

120 2208 302 2247 orationis
342 2208 466 2243 nullus
497 2210 554 2242 est
585 2207 727 2242 fructus
749 2217 756 2240 :
779 2219 798 2237 »
824 2205 905 2241 haec

123 2257 368 2300 Auyustinus.
421 2254 525 2289 Unde
567 2256 652 2299 post
695 2251 903 2288 orationem

122 2301 364 2350 subjungitur
384 2315 391 2337 ε
414 2303 554 2336 Etcum
568 2301 713 2335 stabitis
731 2300 779 2334 ud
799 2310 906 2334 orem-

121 2353 209 2388 dum
229 2351 415 2391 dimittite,
443 2349 476 2382 si
502 2348 591 2392 quid
615 2347 753 2382 habetis
775 2347 903 2381 adver-

119 2410 180 2435 sus
199 2399 372 2442 aliquem,
400 2398 441 2430 ut
459 2397 492 2429 et
511 2396 619 2429 Pater
641 2397 755 2428 vester
780 2396 845 2438 qui
865 2396 905 2429 in

122 2447 219 2482 coelis
237 2447 302 2487 est,
319 2443 482 2477 dimittat
497 2441 597 2476 vobis
609 2444 758 2486 peccata
770 2445 902 2476 vestra.

121 2493 228 2530 Unde
248 2490 300 2527 ait
325 2491 594 2534 chrysostomus
613 2500 623 2521 .·
647 2501 666 2519 «
687 2487 773 2522 Ideo
796 2488 905 2523 coelo-

120 2551 203 2576 rum
226 2541 262 2575 et
280 2536 402 2573 Patris
415 2534 598 2577 meminit,
619 2537 659 2569 ut
676 2544 719 2568 ex
732 2534 802 2569 hoc
821 2545 904 2578 pro-

120 2590 228 2623 vocet
260 2585 483 2621 auditorem.
506 2581 604 2618 Nihil
625 2580 726 2616 enim
753 2579 805 2616 ita
826 2583 902 2617 Deo

123 2632 306 2670 assimilat
342 2630 438 2666 sicut
472 2627 651 2675 injuriam
678 2626 903 2663 facientibus

120 2681 331 2726 ignoscere.
373 2675 649 2714 Inconveniens
683 2676 739 2710 est
777 2677 900 2709 autem

125 2729 156 2764 si
191 2726 276 2763 talis
307 2724 429 2762 Patris
462 2723 562 2759 filius
583 2721 742 2758 existens
777 2720 903 2756 feralis

125 2774 299 2820 efficitur,
322 2776 359 2810 et
388 2771 436 2809 ad
461 2770 596 2808 coelum
616 2771 768 2806 vocatus
788 2771 903 2805 terre-

979 245 1066 271 num
1086 234 1285 280 quemdam
1300 238 1335 270 et
1347 234 1431 269 vitae
1446 234 1557 279 hujus
1565 235 1758 281 proprium

980 282 1091 318 habet
1114 292 1263 317 sensum
1283 293 1289 316 :
1328 295 1346 312 ³>
1370 282 1450 317 haec
1472 282 1759 328 Chrysostomus.

979 331 1020 365 Si
1053 331 1145 363 enim
1186 329 1413 369 dimiseritis,
1444 339 1516 363 non
1561 328 1762 366 retinendo

979 386 1190 418 rancorem,
1215 386 1288 410 11011
1308 375 1518 420 appetendo
1541 375 1762 421 vindictam,

981 423 1184 457 hominibus
1204 427 1351 466 peccatu
1385 433 1518 466 eorum,
1549 421 1691 458 scilicet
1723 423 1763 459 in

980 480 1045 504 vos
1083 469 1297 512 commissa,
1331 470 1492 504 dimittet
1517 470 1619 505 vobis
1657 471 1766 505 Pater

981 519 1096 550 vester
1114 517 1263 550 caelestis
1285 517 1418 551 delicta
1439 519 1571 551 vestra.
1588 518 1633 552 Si
1644 520 1764 552 autem

980 573 1049 597 non
1081 563 1294 597 dimiseritis
1321 563 1542 607 hominibuS,
1574 574 1638 599 nec
1658 565 1768 599 Pater

981 612 1095 643 1631611
1136 609 1296 643 dimittet
1329 610 1428 643 cobis
1461 613 1609 654 peccata
1629 613 1762 646 vestra.

981 701 1149 747 operatio
1171 701 1334 736 hominis
1352 705 1386 736 et
1404 702 1607 747 possessio,
1623 703 1765 739 scilicet.

980 752 1192 794 peccatum;
1215 747 1253 783 in
1275 748 1413 783 malum
1436 748 1536 784 enim
1556 753 1679 795 potest
1698 761 1769 796 per

981 806 1034 838 se,
1053 806 1127 830 non
1148 794 1187 829 in
1208 796 1361 830 bonum.
1380 797 1471 830 Ecce
1491 795 1561 839 lex,
1584 807 1605 832 0
1633 797 1762 842 1101110,

980 841 1047 877 11111
1070 853 1091 877 3
1112 841 1271 877 Domino
1292 842 1413 887 posita
1438 845 1508 877 est.
1530 842 1565 878 Si
1586 844 1686 879 enim
1712 844 1766 880 di-

982 887 1144 931 miseris,
1174 888 1381 924 dimittetur
1406 889 1494 932 tibi3
1523 889 1553 925 si
1580 901 1668 926 tero
1688 901 1764 926 non

983 935 1183 978 dimiseris,
1206 946 1273 970 1166
1307 935 1514 971 dimittetur
1540 936 1622 972 tibi.
1660 938 1765 973 Unde

983 983 1187 1027 Cyprianus
1207 995 1217 1017 :
1236 997 1254 1014 «
1271 983 1465 1018 Excusatio
1485 982 1585 1018 enim
1602 982 1670 1019 tibi
1684 984 1766 1020 nul-

979 1029 1015 1064 la
1036 1028 1106 1064 erit
1136 1028 1173 1064 in
1207 1029 1267 1064 die
1286 1029 1430 1074 judicii,
1453 1039 1536 1064 cum
1559 1030 1764 1066 secundum

979 1079 1084 1111 tuam
1119 1075 1344 1111 sententiam
1362 1075 1556 1122 judiceris,
1591 1080 1628 1112 et
1664 1077 1765 1123 quod

944 1126 946 1131 “
980 1122 1112 1157 seceris
1150 1124 1220 1158 hoc
1258 1122 1338 1168 ipse
1376 1122 1586 1168 patieris.»
1625 1124 1691 1160 Ubi
1731 1127 1767 1160 et

981 1170 1251 1213 chrysostomus
1273 1182 1283 1204 :
1307 1183 1325 1203 «
1348 1170 1437 1204 Post.
1459 1169 1654 1216 impletam
1680 1181 1766 1207 ora-

980 1215 1092 1251 tionis
1123 1216 1321 1252 sormulam
1336 1216 1474 1252 nullius
1494 1227 1648 1262 prorsus
1664 1228 1768 1253 man-

981 1263 1058 1298 dati
1080 1263 1265 1307 meminit,
1287 1263 1360 1298 nisi
1378 1263 1484 1299 istius
1503 1275 1574 1309 quo
1599 1268 1699 1300 certe
1716 1265 1765 1300 ad

944 1304 946 1335 ῗ
980 1310 1146 1345 dandum
1184 1321 1252 1346 nos
1278 1311 1426 1346 veniam
1463 1310 1676 1347 concitavit.
1703 1311 1765 1347 Ait

980 1358 1116 1402 quippe
1139 1368 1146 1392 :
1165 1359 1206 1394 Si
1226 1358 1442 1392 dimiscritis
1463 1358 1668 1393 hominibus
1681 1368 1764 1404 pee-

980 1408 1061 1439 cata
1081 1415 1215 1447 eorum,
1237 1405 1395 1440 dimittet
1415 1407 1448 1439 et
1459 1405 1559 1440 vobis
1574 1407 1683 1441 Pater
1700 1416 1763 1441 ccc-

944 1464 945 1467 *
980 1453 1079 1487 lestis
1108 1455 1258 1497 pec-cata
1285 1455 1416 1486 vestm.
1441 1453 1569 1497 Itaque
1603 1463 1626 1488 a
1651 1451 1762 1488 nobis

979 1502 1057 1534 tota
1083 1499 1162 1534 haec
1194 1509 1254 1534 res
1287 1499 1399 1534 sumit
1430 1498 1637 1543 exordium,
1658 1499 1760 1535 futu—

979 1556 1136 1591 rumque
1157 1546 1202 1581 de
1222 1545 1331 1581 nobis
1357 1545 1395 1581 in
1419 1549 1549 1581 nostra
1563 1549 1620 1581 est
1653 1550 1758 1591 pote-

978 1596 1072 1628 state
1089 1593 1285 1638 J'udicium.
1305 1594 1357 1628 Ne
1372 1592 1472 1629 enim
1492 1593 1550 1628 vel
1563 1592 1762 1629 irrationa-

978 1639 1062 1675 bilis
1090 1639 1288 1685 quispiam,
1316 1643 1379 1675 aut
1410 1639 1449 1674 in
1479 1650 1614 1685 magno
1635 1639 1759 1685 aliquo

979 1690 1042 1722 aut
1068 1685 1106 1721 in
1131 1687 1262 1732 exiguo
1292 1686 1426 1722 delicto
1459 1686 1504 1722 de
1521 1686 1663 1733 judicio
1692 1687 1758 1723 Dei

979 1733 1155 1779 conqueri
1188 1737 1326 1779 posset,
1366 1735 1487 1779 ipsum
1506 1744 1613 1770 reum
1634 1735 1759 1770 Domi-

942 1795 944 1802 ·
977 1780 1178 1816 numillius
1199 1780 1285 1816 secit
1298 1791 1379 1816 esse
1398 1780 1609 1817 sententiae.
1626 1781 1761 1824 Quem-

941 1844 944 1858 <
979 1827 1195 1871 admodum,
1232 1827 1366 1873 inquit,
1395 1831 1434 1863 tu
1465 1828 1544 1873 ipse
1566 1828 1761 1875 judicave-

942 1891 944 1908 ,ι
977 1873 1043 1917 ris,
1066 1874 1117 1909 ita
1139 1875 1203 1910 tibi
1225 1875 1338 1910 etiam
1362 1874 1553 1920 judicabo.
1583 1875 1620 1911 Si
1655 1875 1758 1911 enim

978 1921 1165 1956 dimiseris
1185 1932 1365 1956 conservo
1388 1926 1466 1965 tuo,
1489 1932 1511 1957 a
1527 1932 1587 1957 me
1607 1932 1757 1968 quoque

978 1968 1149 2003 eamdem
1164 1968 1325 2013 gratiam
1339 1968 1593 2014 consequeris.
1603 1970 1649 2004 Et
1658 1973 1758 2005 certe

979 2025 1218 2067 nequaquam
1232 2015 1333 2051 istud
1349 2016 1492 2061 aequale
1509 2019 1565 2051 est
1581 2027 1589 2051 :
1603 2019 1642 2052 tu
1657 2016 1760 2052 enini

977 2062 1151 2106 remittis,
1166 2062 1344 2109 cumipse
1366 2073 1515 2108 quoque
1535 2062 1760 2100 remissione

978 2109 1147 2155 indigeas
1162 2122 1170 2153 3
1191 2111 1289 2146 Deus
1310 2120 1509 2153 ver0,cum
1526 2110 1664 2146 nullius
1677 2121 1759 2147 um-

978 2167 1089 2202 quam
1110 2157 1290 2202 indigeat,
1312 2156 1494 2202 ignoscit3
1518 2160 1558 2193 tu
1578 2167 1760 2193 conservo

977 2203 1150 2248 remittis,
1188 2206 1287 2240 Deus
1312 2215 1441 2248 servo;
1471 2207 1508 2239 et
1538 2207 1579 2239 tu
1609 2203 1761 2250 quidem

979 2250 1081 2287 mille
1101 2255 1340 2298 peccatorum
1361 2261 1461 2295 reus,
1484 2252 1582 2287 Deus
1596 2261 1685 2287 vero
1712 2252 1759 2287 ab

979 2299 1082 2334 omni
1111 2302 1263 2345 peccato
1303 2301 1512 2334 extraneus.
1552 2299 1597 2334 Et
1617 2300 1758 2342 tamen,

981 2344 1033 2380 sic
1058 2356 1207 2391 quoque
1228 2345 1496 2381 abundantiam
1513 2344 1676 2391 propriae
1693 2345 1761 2381 mi-

980 2392 1181 2428 serationis
1223 2392 1398 2428 ostendit.
1428 2393 1508 2435 Quo
1536 2403 1612 2428 non
1645 2392 1762 2438 igitur

980 2439 1082 2485 digni
1097 2439 1277 2486 supplicio
1297 2439 1452 2484 erimus,
1473 2449 1557 2475 cum
1575 2439 1641 2475 tali
1659 2438 1760 2475 enim
1788 2471 1791 2473 .

980 2497 1002 2522 a
1037 2488 1113 2523 Deo
1134 2490 1316 2533 potestate
1340 2487 1492 2530 donata,
1526 2485 1599 2532 ipsi
1630 2486 1761 2522 salutis

979 2538 1115 2570 nostrae
1126 2533 1310 2570 efficimur
1324 2533 1560 2580 proditores?
1569 2533 1760 2576 Quomodo

981 2584 1107 2617 autem
1145 2580 1185 2616 in
1205 2580 1289 2616 aliis
1315 2592 1384 2617 nos
1422 2592 1445 2617 a
1479 2582 1555 2616 Deo
1591 2579 1758 2616 exaudiri

980 2639 1172 2673 rogamus,
1210 2639 1295 2664 cum
1325 2628 1501 2671 nolimus,
1528 2627 1619 2663 dum
1640 2637 1759 2673 penes

981 2686 1051 2711 nos
1069 2678 1138 2719 est,
1156 2674 1438 2721 nobismetipsis
1460 2674 1639 2721 parcere?
1657 2672 1758 2709 Nihil

981 2726 1036 2757 cst
1053 2722 1153 2767 quod
1173 2722 1225 2758 516
1246 2722 1311 2758 Dei
1330 2722 1470 2758 similes
1484 2725 1596 2767 atque
1611 2719 1759 2756 confor-

979 2779 1064 2805 mes
1078 2779 1148 2805 nos
1164 2768 1288 2815 saciat,
1309 2773 1347 2806 ut
1367 2767 1540 2815 malignis
1560 2769 1673 2814 atque
1696 2766 1758 2802 116-
