1943 3141
358 148 406 182 nt:
445 146 494 181 EO
531 145 644 185 QUOD
681 144 843 178 JOSEPII
881 143 1043 178 VOLUIT
1083 141 1330 175 DIMITTERE
1370 141 1562 175 MARIAM.
1743 143 1782 177 05

133 216 322 253 catoribus
361 213 623 262 poenitentiam
666 222 712 247 εει)
747 213 926 247 sententia

138 274 269 309 ayere3
290 262 354 298 sed
389 263 515 296 statim
553 260 710 294 ultiones
735 259 923 299 adhibere,

139 312 267 356 maqm'
305 309 468 352 beneficii
503 310 555 342 est
591 306 784 341 indicium.
821 306 924 342 Unde

136 357 343 395 secundum
375 357 650 398 Hieronymum,
683 363 820 399 magna
856 353 924 388 mi-

133 405 236 442 seria
262 406 318 439 est
346 402 394 437 ad
416 411 599 447 praesens,
623 400 921 436 misericordiam

134 462 209 488 non
240 448 418 494 consequi
443 460 450 491 ;
490 451 527 484 et
559 448 764 484 secundum
793 449 921 491 Augu-

129 500 284 538 stinum,
310 506 449 542 magna
484 495 542 531 ira
580 495 645 531 Dei
681 498 736 530 est
769 495 921 541 quando

134 547 354 592 peccantem
389 553 464 579 non
499 542 675 588 corripit;
710 543 776 578 sed
805 542 921 578 licen-

133 591 226 628 tiam
270 600 405 637 vagam
461 589 499 625 in
553 593 748 636 peccatum
788 590 920 626 ruendi

137 637 335 686 permittit.
360 659 405 663 —
437 636 606 681 Decium,
630 641 670 673 ut
702 647 808 684 spem
846 648 923 673 ma-

131 688 256 733 jorem
282 685 330 722 ad
352 686 470 721 Deum
502 685 655 728 habeat,
678 689 714 720 et
742 685 920 720 fiduciam

133 734 357 780 ampliorem
394 732 481 768 inde
514 731 686 778 accipiat.
711 732 814 767 Unde
846 734 923 767 Au-

134 783 305 825 qustinus
327 793 338 815 .-
362 792 379 812 «
405 780 495 817 Cum
520 779 656 815 timore
681 779 796 815 debes
823 789 917 823 esse,

137 828 287 875 quando
314 826 380 863 tibi
407 827 503 863 bene
532 829 601 862 est.
628 827 757 862 Nonne
786 827 921 862 melius

133 880 194 912 est
230 873 367 912 tentari
410 877 447 910 et
484 873 651 920 probari,
693 883 805 919 quam
845 885 920 909 non

138 925 323 959 tentatum
357 920 552 967 reprobari
571 921 588 956 ‘2
609 934 626 952 »
659 921 764 956 Unde
782 925 815 957 et
837 923 920 956 Bet·-

136 970 276 1006 nardus
294 982 304 1005 :
322 984 340 1002 «
355 971 457 1005 Tunc
478 968 598 1015 magis
613 967 786 1004 irascitur
804 970 916 1012 Deus,

136 1028 221 1053 cum
256 1027 331 1052 non
362 1015 550 1052 irascitur.
582 1017 662 1051 Non
696 1015 798 1051 enim
835 1026 919 1052 cum

139 1063 357 1108 nescio‚sed
373 1073 456 1099 cum
478 1062 598 1099 sentio
615 1066 651 1098 te
675 1062 828 1105 iratum,
846 1064 916 1099 Do-

139 1111 252 1155 mine,
263 1116 351 1147 tunc
364 1110 521 1146 maxime
532 1110 682 1146 confido
692 1110 895 1156 propitium
909 1122 916 1154 ;

136 1158 277 1194 etenim
303 1169 379 1193 cum
416 1159 534 1193 iratus
557 1159 688 1202 fueris,
713 1160 918 1193 miscricor-

135 1207 206 1242 ‹liae
240 1205 500 1241 recordaberis.
527 1217 544 1238 »
567 1225 612 1230 —
641 1205 858 1248 Undecimo,
877 1208 919 1240 ut

133 1263 221 1289 cum
246 1256 398 1299 paratus
429 1251 475 1287 sit
507 1253 604 1288 Deus
634 1252 678 1287 ad
702 1263 921 1288 succurren-

138 1301 242 1345 dum,
267 1301 379 1336 homo
404 1299 509 1343 sciat,
533 1299 562 1334 si
592 1303 718 1335 tamen
754 1300 799 1335 ad
833 1310 919 1335 eum

139 1351 217 1384 toto
239 1346 352 1383 corde
373 1350 556 1383 recurrat.
573 1346 677 1382 Unde
694 1346 915 1382 Psalmista:

138 1395 199 1431 Ad
219 1397 411 1430 Dominum
432 1405 511 1430 cum
531 1395 732 1429 tribularer
745 1395 916 1435 clamat-25,

134 1446 170 1478 ct
201 1442 395 1478 emautlivit
431 1453 497 1476 mc.
522 1462 564 1467 -
606 1441 848 1484 Duodecimo‚
881 1444 920 1476 ut

137 1490 251 1526 homo
273 1489 466 1535 probetur,
491 1487 520 1523 si
550 1489 665 1523 Deum
691 1492 805 1530 amet,
828 1491 865 1523 et
888 1487 917 1523 si

133 1537 293 1573 virtutes
332 1535 372 1571 in
405 1546 444 1571 se
479 1535 630 1571 habeat.
652 1535 756 1571 Unde
785 1536 917 1579 Grego-

132 1586 240 1622 rius,-
266 1584 421 1619 «Poena
454 1582 679 1629 interrogat,
703 1582 733 1618 si
769 1583 919 1628 quietus

130 1631 216 1677 quis
266 1632 384 1666 Deum
428 1631 614 1665 veraciter
658 1632 773 1665 amat.
809 1644 827 1662 »
875 1631 919 1665 Et

132 1678 300 1714 iterum:
332 1690 349 1711 «
378 1678 493 1713 Nemo
523 1677 558 1712 in
582 1686 673 1723 pace
701 1676 799 1713 vires
830 1687 919 1713 suas

135 1726 326 1771 cognoscit
345 1736 353 1768 ;
377 1724 407 1760 si
430 1724 530 1760 enim
551 1725 653 1761 bella
673 1724 824 1768 desunt,
846 1725 919 1760 vir-

135 1776 257 1809 tutum
278 1773 538 1819 experimenta
548 1774 630 1807 ‘nou
658 1772 878 1818 proderunt.
898 1785 915 1805 ))

136 1839 183 1849 —-
199 1820 433 1863 Tredecimo,
455 1822 496 1855 ut
528 1819 642 1855 homo
675 1818 764 1855 inde
786 1821 919 1865 proba-

135 1867 211 1904 tior
241 1867 321 1911 fiat,
350 1870 387 1903 et
405 1877 473 1913 per
493 1866 713 1913 patientiam
739 1877 918 1902 coronam

138 1915 322 1961 majorem
357 1917 393 1950 et
418 1913 597 1949 meritum
631 1913 791 1960 amplius
821 1915 918 1950 acci-

138 1961 230 2006 piat,
252 1964 292 1998 ut
313 1964 417 2008 patet
442 1961 488 1997 de
513 1961 584 1997 Job
611 1964 648 1997 et
675 1961 916 2007 martyribus.

137 2009 242 2046 Unde
260 2010 424 2046 Jacobus
442 2019 451 2044 ε
474 2010 606 2044 Beatus
628 2010 685 2043 ¹vir
707 2010 772 2054 qui
792 2009 920 2053 suffert

137 2058 384 2097 tentationem,
426 2058 598 2101 quoniam
634 2067 713 2091 cum
744 2056 921 2101 probatus

135 2106 266 2148 fuerit,
288 2104 441 2149 accipiet
481 2114 647 2139 eoronam
685 2105 780 2143 vitaz
810 2114 919 2149 quam

135 2153 346 2198 repromisit
370 2153 464 2186 Deus
491 2151 730 2195 diligentibus
756 2161 805 2187 se.
828 2152 919 2186 Item

136 2198 347 2235 secundum
375 2199 678 2242 Chrysostomum,
701 2200 740 2233 ut
768 2198 919 2243 signum

136 2245 366 2282 creditorum
388 2245 457 2282 sibi
480 2246 759 2289 thesaurorum,
788 2246 825 2281 id
848 2249 918 2287 est,

133 2294 323 2330 donorum
351 2293 570 2329 collatorum
596 2292 767 2338 accipiat.
792 2293 920 2339 Neque

134 2340 237 2377 enim
272 2340 533 2387 superveniret
569 2339 601 2376 ei
635 2340 823 2383 diabolus,
845 2339 918 2376 nisi

133 2398 221 2424 eum
243 2388 377 2434 majori
399 2388 543 2423 honore
562 2388 739 2423 affectum
759 2387 916 2424 videret.

137 2435 238 2472 Sicut
261 2434 461 2471 insurrexit
484 2435 665 2471 adversus
681 2435 816 2479 Adam,
833 2435 921 2481 quia

136 2483 256 2519 multa
293 2482 398 2518 illum
431 2481 614 2528 dignitate
653 2482 743 2518 vidit
771 2482 920 2529 conspi-

135 2541 263 2575 cuum,
287 2533 323 2566 et
353 2533 484 2566 contra
511 2533 684 2565 sanctum
715 2531 800 2573 Job,
831 2530 920 2576 quia

136 2578 290 2615 videbat
328 2577 434 2614 illum
470 2577 564 2613 adeo
604 2576 709 2613 miris
747 2577 922 2614 laudibus

139 2628 377 2661 coronatum.

187 2674 444 2720 9Tnmcnmo
488 2684 654 2708 mmmm
689 2684 733 2708 An
772 2683 922 2708 1PSORUM

139 2731 368 2756 PUNtTtONEM.
393 2741 435 2746 —
464 2721 621 2766 Insuper
640 2719 808 2766 quidam,
834 2721 922 2756 mali

139 2767 295 2812 scilicet,
343 2767 502 2813 flagellis
542 2772 578 2803 et
615 2767 923 2804 tribulationibus

247 2820 337 2854 Vin
359 2821 446 2854 Jnsu
469 2823 627 2861 Cunisn,
652 2829 766 2853 ‘rosus
792 2821 818 2852 Ι.

1000 213 1228 253 atteruntur,
1256 221 1326 245 nou
1350 211 1395 245 ad
1426 211 1566 256 peccati
1588 212 1780 257 purgatio-

999 267 1084 292 nem
1104 259 1140 291 et
1160 256 1321 299 veniam,
1343 257 1407 292 sed
1426 258 1471 293 ad
1496 258 1728 303 punitionem
1743 263 1781 296 et

999 303 1216 346 vindictam,
1233 307 1267 338 et
1289 304 1334 339 ad
1357 309 1507 340 artemia:
1526 306 1781 342 damnationis

998 349 1277 385 inchoationem
1315 354 1351 385 et
1383 358 1640 397 augmentum,
1681 354 1782 400 quod

998 397 1246 443 reproborum
1268 399 1555 443 estp1·‹·›p1·ium;
1591 401 1685 436 sicut
1706 403 1780 437 An-

998 445 1146 480 tiochus
1179 447 1216 479 et
1249 444 1430 486 Herodes,
1460 456 1501 479 ac
1534 447 1686 492 quidam
1717 448 1781 484 alii

997 496 1085 528 sunt
1111 490 1225 538 passi.
1254 492 1298 526 Et
1322 491 1425 526 multi
1451 493 1572 528 adhuc
1595 495 1705 531 hodie
1728 495 1780 531 vi-

996 539 1135 575 dentur
1173 537 1264 584 pati,
1305 538 1440 584 quibus
1477 541 1649 585 congruit
1689 542 1782 578 illud

995 587 1190 633 propheta·v
1230 597 1237 620 :
1270 587 1419 632 Duplici
1455 589 1669 623 contritione
1699 601 1783 624 con-

996 638 1069 669 tere
1091 644 1161 669 eos.
1182 632 1333 669 Talibus
1355 632 1456 668 enim
1478 639 1684 679 praesentes
1707 646 1782 671 mo-

994 681 1114 717 lestiae
1129 683 1216 716 sunt
1234 680 1422 726 quoddam
1442 682 1730 726 prassambulum,
1747 687 1784 718 et

995 728 1145 764 initium
1172 738 1369 774 poenarum
1396 729 1600 773 gehennam
1625 729 1713 774 quia
1734 730 1785 765 as-

996 775 1205 811 ssictionum
1224 785 1375 811 suarum
1393 775 1641 821 iniserizeJ'am
1657 780 1783 812 osten-

994 823 1102 867 dunt,
1130 822 1230 869 quod
1247 825 1432 869 perpetua
1453 822 1490 858 in
1507 823 1681 869 gehenna
1701 834 1784 870 pas-

995 870 1071 907 suri
1096 873 1195 906 sunt.

1047 934 1087 954 10
1122 919 1324 953 ermxrnn
1356 928 1448 951 nne«)
1483 929 1694 953 Toni-:nxxnx
1720 930 1782 954 EST

994 976 1218 1001 Tninrnx'rm.
1242 985 1287 990 —-
1309 963 1416 1000 Circa
1439 976 1527 1001 suos
1549 976 1636 1001 vcro
1655 967 1782 1001 Domi-

995 1023 1064 1048 nus
1086 1011 1213 1048 omnia
1234 1011 1532 1048 misericorditer
1551 1012 1717 1057 ordinat,
1743 1016 1782 1049 et

994 1060 1041 1095 ad
1055 1059 1256 1095 utilitatem
1270 1070 1399 1095 eorum
1420 1063 1555 1095 cuncta
1569 1059 1779 1106 dispensat.

994 1107 1130 1143 Omnia
1147 1117 1251 1152 ergo,
1275 1106 1330 1142 vel
1351 1107 1466 1151 juste,
1493 1107 1548 1142 vel
1571 1107 1782 1143 miscricor-

993 1153 1200 1198 ditersaeit‚
1216 1153 1269 1189 vel
1288 1153 1369 1189 [ieri
1388 1153 1566 1199 permittit
1586 1154 1779 1200 Dominus,

994 1201 1125 1237 etideo
1142 1201 1178 1236 iu
1197 1200 1370 1236 omnibus
1389 1212 1538 1247 semper
1553 1205 1609 1237 est
1628 1202 1782 1238 laudan-

994 1249 1075 1285 dus.
1101 1248 1205 1284 Unde
1228 1249 1458 1293 Auyustz‘nus
1490 1261 1499 1283 .·
1533 1264 1550 1281 «
1572 1250 1669 1285 Vera
1692 1250 1782 1285 tide-

994 1296 1084 1332 lium
1104 1295 1296 1332 humilitas
1321 1299 1376 1331 est
1397 1295 1434 1331 in
1451 1296 1551 1331 nullo
1571 1297 1779 1342 superbire,

996 1345 1032 1378 in
1069 1343 1172 1379 nullo
1204 1353 1454 1386 murmurare,
1493 1354 1559 1379 uec
1590 1343 1781 1390 ingratum

994 1401 1090 1436 esse,
1114 1401 1181 1426 nee
1207 1391 1427 1436 querulum3
1451 1390 1516 1426 sed
1544 1390 1581 1426 in
1604 1391 1781 1427 omnibus

995 1437 1059 1473 Dei
1083 1437 1254 1484 judiciis,
1280 1437 1422 1482 gratias
1450 1437 1518 1483 ipsi
1548 1439 1621 1473 Deo
1651 1449 1779 1483 agere,

993 1495 1154 1530 eumque
1179 1484 1469 1530 laudare,cujus
1496 1484 1625 1521 omnia
1650 1496 1779 1531 opera,

993 1535 1056 1567 aut
1070 1532 1173 1578 justa
1187 1535 1361 1576 sunt,aut
1372 1531 1536 1577 benigna
1556 1544 1563 1567 :
1585 1548 1599 1562 »
1618 1533 1782 1568 ham-Au-

992 1581 1174 1624 gustinus.
1199 1578 1263 1614 His
1289 1579 1416 1624 itaque
1444 1579 1705 1624 consideratis,
1729 1579 1782 1616 sic

993 1638 1058 1662 cor
1084 1630 1189 1662 tuum
1217 1626 1385 1662 stabilire
1406 1629 1442 1662 et
1468 1626 1648 1663 ordinare
1675 1627 1778 1663 stud-

993 1685 1071 1718 eaS,
1102 1676 1139 1710 ut
1168 1674 1206 1709 in
1244 1673 1551 1719 contingentibus
1593 1674 1778 1719 adversis,

994 1725 1029 1757 et
1059 1720 1359 1767 quibuscumque
1386 1721 1635 1767 displicentiis
1656 1722 1779 1758 humi-

993 1769 1092 1814 liter,
1111 1779 1154 1804 ac
1173 1768 1372 1815 patienter,
1396 1773 1432 1804 et
1456 1769 1629 1805 laetanter
1654 1772 1690 1805 te
1712 1770 1779 1805 ha-

993 1818 1098 1860 beas,
1114 1816 1205 1852 etin
1222 1816 1280 1852 via
1296 1815 1449 1862 spiritus
1466 1818 1516 1852 ita
1535 1820 1570 1852 te
1588 1827 1778 1861 exerceas,

993 1868 1033 1900 ut
1058 1864 1139 1910 ejus
1165 1864 1330 1910 repletus
1354 1863 1515 1907 fervore,
1547 1863 1660 1900 etiam
1699 1865 1780 1900 haec

994 1922 1061 1957 pro
1080 1921 1210 1947 amore
1232 1910 1379 1947 Domini
1406 1912 1496 1947 Jesu
1523 1914 1692 1958 appetas,
1716 1911 1779 1958 qui

992 1959 1028 1994 in
1052 1969 1091 1994 se
1113 1962 1150 1994 et
1169 1958 1206 1994 in
1228 1958 1319 2002 suis,
1339 1958 1437 1993 hanc
1455 1958 1570 1994 vitam
1592 1959 1779 1995 excelsam

993 2005 1114 2042 tenuit
1152 2009 1188 2041 et
1222 2005 1460 2050 monstravit,
1492 2009 1529 2041 et
1560 2007 1779 2052 exemplum

993 2052 1209 2089 ambulandi
1230 2064 1297 2099 per
1311 2063 1394 2089 eam
1416 2052 1591 2089 omnibus
1610 2053 1778 2099 reliquit.

995 2100 1141 2136 Patitur
1162 2101 1261 2136 euim
1284 2104 1320 2136 et
1346 2100 1522 2144 sustinet,
1548 2105 1587 2137 ut
1606 2100 1713 2137 electi
1743 2104 1780 2137 et

994 2147 1060 2183 filii
1088 2147 1193 2194 regni
1215 2147 1434 2193 affligantur
1467 2147 1526 2183 hic
1547 2148 1586 2184 in
1605 2147 1777 2184 interiori

994 2194 1146 2231 homine
1171 2198 1208 2231 et
1235 2195 1425 2231 exteriori.
1455 2196 1548 2231 Nam
1571 2196 1777 2232 secundum

992 2242 1213 2289 Apostolum
1233 2243 1281 2279 ad
1302 2243 1494 2286 Hebraeos,
1517 2242 1579 2289 qui
1598 2247 1702 2279 extra
1721 2243 1777 2279 di-

992 2290 1189 2337 sciplinam
1207 2293 1309 2334 sunt,
1332 2301 1407 2325 non
1426 2290 1508 2334 filii,
1530 2290 1596 2326 sed
1616 2289 1776 2327 adulteri

992 2341 1100 2382 sunt;
1124 2341 1161 2373 ct
1193 2338 1401 2374 secundum
1422 2339 1683 2382 Auyustinum,
1713 2337 1776 2384 qui

992 2389 1185 2432 exemptus
1205 2389 1262 2422 est
1288 2396 1309 2421 a
1330 2385 1504 2431 passione
1526 2385 1775 2432 flagellorum,

992 2437 1186 2479 exemptus
1214 2436 1270 2469 est
1295 2436 1330 2469 et
1359 2443 1381 2469 a
1412 2444 1568 2469 numero
1601 2433 1781 2468 filiorum.

993 2481 1098 2517 Unde
1124 2480 1223 2516 idem
1244 2481 1476 2525 Auqasttnns
1498 2493 1507 2515 :
1532 2494 1548 2513 «
1573 2481 1689 2516 Nemo
1711 2478 1782 2515 sibi

992 2527 1204 2576 promittat,
1221 2529 1321 2574 quod
1342 2527 1583 2574 Evangelium
1607 2538 1680 2563 non
1702 2537 1786 2572 pro-

995 2575 1121 2612 mittit.
1145 2577 1303 2612 Necesse
1321 2578 1391 2619 est,
1413 2579 1452 2611 ut
1474 2585 1590 2621 usque
1609 2574 1644 2609 in
1671 2574 1785 2609 tinem

996 2623 1049 2660 sic
1070 2623 1150 2669 fiat,
1166 2624 1261 2659 sicut
1282 2622 1486 2669 Scriptum
1502 2622 1686 2658 dixerunt.
1706 2622 1785 2656 Non

998 2671 1105 2707 nobis
1124 2670 1349 2717 promittunt
1367 2669 1569 2715 Scriptura:
1590 2672 1728 2704 nostrze
1748 2667 1786 2703 in

997 2720 1069 2755 hoe
1096 2719 1237 2762 seculo,
1264 2717 1334 2753 nisi
1368 2716 1649 2759 tribulationes,
1682 2726 1787 2761 pres·

998 2777 1120 2811 suras,
1139 2766 1348 2812 augustias,
1368 2767 1573 2810 augmenta
1596 2763 1787 2806 dolorum,

1646 2820 1661 2848 5
