1902 3126
452 141 506 174 DE
544 139 916 173 PRAESENTATIONE
955 139 1111 174 DOMINI
1149 141 1191 175 IN
1230 139 1458 173 TEMPLL'M.
1715 140 1765 174 nt

135 212 304 256 clesiam,
341 210 462 247 solum
498 211 653 255 propter
686 207 909 254 praesentias

136 260 207 297 sibi
232 258 401 301 dandas;
431 255 487 292 vel
515 255 578 301 qui
607 254 656 290 ibi
688 255 828 291 vadunt
860 255 907 291 ad

136 305 446 354 negotiationem,
469 307 505 338 et
539 312 652 338 causa
691 301 782 338 lucri
814 305 907 338 tem-

135 354 289 401 poralis.
315 351 356 388 lli
385 350 485 387 enim
514 359 659 392 omnes,
682 348 769 395 quia
796 349 909 385 tinem

135 402 302 438 debitum
341 408 416 434 nou
458 396 672 439 intendunt,
713 407 787 432 non
824 401 911 432 sunt

134 447 237 494 digni
264 443 412 491 ingredi
437 443 474 479 in
500 443 681 496 templum
708 454 716 478 :
747 443 834 489 quia
855 444 911 479 in-

131 494 345 542 gredientes
385 502 460 526 non
495 493 632 526 sistunt
664 501 703 526 se
736 491 910 535 Domino,

129 552 199 578 nee
217 540 370 577 veniunt
388 537 520 585 spiritu
538 537 574 573 in
590 538 790 584 templum;
811 539 911 575 unde

128 599 205 625 non
238 587 367 623 vident
401 585 604 628 Christum,
630 596 698 621 nec
722 596 806 621 eum
831 596 910 622 am-

156 635 269 672 lexari
304 637 462 680 possunt
491 632 749 679 spiritualibus
775 633 910 669 animan

128 646 308 720 grachus.
338 683 381 717 Et
409 683 509 723 nota,
529 680 735 716 secundum
759 681 908 721 Rectam.

131 730 232 776 quod
260 729 322 765 ille
349 732 431 775 post
455 727 779 763 circumcisionem
802 730 909 764 Jeru-

132 778 251 814 salem
273 776 409 813 allatus
430 779 467 811 et
490 774 648 811 Domino
670 775 817 811 oblatus
839 779 910 820 est,

131 824 193 871 qui
218 825 325 871 juxta
359 833 445 859 eum
481 822 541 868 qui
570 821 661 857 dixit
685 835 694 857 :
715 824 865 858 Deelma
889 835 910 858 a

127 873 224 908 malo
251 875 284 907 et
314 873 376 914 fac
405 871 547 911 bonum,
571 873 769 915 postquam
800 870 910 906 desiit

128 929 151 956 a
185 918 363 966 peccatis,
408 916 516 954 bonis
568 916 681 963 coepit
733 917 910 963 operibns

127 966 346 1010 abundare3
382 965 443 1011 qui
480 965 605 1000 dicere
632 967 755 1010 potest
778 976 785 999 :
807 965 910 1000 Ocale'

128 1015 200 1050 mei
230 1024 368 1059 semper
389 1013 437 1048 ad
458 1014 663 1051 Dominum,
686 1015 726 1047 ut
758 1013 908 1048 audiam

127 1071 246 1097 vocem
269 1061 391 1097 laudis
425 1063 517 1101 tuce,-
543 1058 604 1104 qui
627 1058 716 1094 dicit
737 1070 745 1094 ε
771 1060 908 1095 Christi

129 1109 241 1144 bonus
262 1109 350 1144 odor
369 1118 516 1149 sumam
537 1110 573 1143 et
594 1118 601 1141 :
623 1108 759 1142 Levavi
780 1118 909 1142 manus

127 1166 226 1192 meas
263 1156 312 1191 ad
346 1155 522 1190 mandata
562 1157 638 1194 tua,
677 1157 710 1189 et
748 1156 908 1189 converti

125 1203 237 1250 pedes
274 1213 368 1238 meos
407 1204 446 1238 in
483 1203 690 1237 testimonia
725 1205 808 1245 tuc1‚·
844 1201 906 1246 qui

129 1250 208 1287 sive
231 1250 447 1292 manducat,
472 1248 549 1285 sive
571 1248 677 1291 bibit,
701 1247 776 1284 sive
804 1248 907 1284 aliud

129 1297 220 1343 quid
245 1297 336 1343 agit,
362 1295 489 1333 onmia
518 1296 555 1331 in
584 1295 743 1341 gloriam
766 1295 829 1332 Dei
857 1295 908 1331 sa-

128 1344 192 1388 cit,
216 1348 251 1380 et
286 1343 375 1380 dicit
400 1355 407 1378 :
432 1344 544 1386 Quam
581 1343 705 1378 dulcia
737 1343 908 1386 faucibus

127 1394 216 1428 meis
243 1393 388 1437 eloquia
417 1395 494 1431 ttae,
514 1392 688 1426 Domine!
706 1393 739 1425 et
767 1390 814 1426 ad
845 1400 906 1426 ex-

128 1443 291 1475 tremum
317 1450 324 1473 :
349 1440 414 1475 Cot·
434 1448 549 1472 meam.
571 1441 603 1472 et
629 1447 712 1473 caro
738 1448 817 1473 mea
840 1448 906 1473 em-

126 1487 356 1523 sulcaverunt
381 1487 417 1520 ιή
440 1488 552 1521 Deam
581 1487 714 1520 vivam.

178 1536 221 1569 28
247 1535 380 1569 mem
415 1543 675 1568 summo-mo
702 1543 768 1567 PER
804 1532 908 1568 Cum-

128 1592 231 1617 srrn.
265 1601 306 1607 ——
343 1581 464 1623 Quare
500 1583 625 1615 autem
663 1579 834 1615 Salvator
867 1578 905 1614 iu

128 1628 309 1674 templum
351 1626 492 1674 portari
526 1626 654 1670 voluit,
681 1629 820 1672 praeter
850 1637 908 1662 ra-

126 1674 248 1711 tiones
270 1674 376 1718 alias‚
395 1678 517 1720 potest
534 1685 615 1710 esse
639 1673 749 1719 ratio,
774 1677 815 1710 ut
841 1684 908 1720 per

128 1733 235 1759 suam
270 1722 511 1769 praeseutiam
550 1721 731 1768 templum
770 1721 907 1757 saneti-

127 1770 280 1814 ficaret3
310 1769 404 1806 sicut
433 1768 640 1815 baptizatus
667 1772 737 1813 est,
760 1772 801 1805 ut
829 1768 907 1815 ipse

129 1828 246 1864 aquas
271 1817 536 1853 sanctificaret.
572 1817 692 1860 Unde,
720 1816 816 1852 sicut
841 1827 909 1862 per

127 1865 360 1911 Baptismum
375 1863 526 1908 Christi,
541 1875 614 1900 non
633 1864 753 1900 solum
775 1863 909 1900 sancti-

128 1912 242 1949 ficata
272 1916 327 1948 est
363 1912 425 1948 illa
462 1922 550 1958 pars
585 1922 691 1957 aquae
716 1910 908 1955 JordaniS,

131 1970 214 2006 quae
241 1959 363 2005 tetigit
399 1969 550 1995 carnem
587 1958 737 2002 Christi,
770 1959 836 1994 sed
873 1963 909 1994 et

130 2018 261 2043 omnes
280 2006 473 2053 aquzrzsic
495 2017 561 2052 per
581 2007 661 2052 eJus
682 2005 908 2041 delationem

130 2054 170 2090 in
192 2055 373 2101 templum
398 2054 488 2090 illud
517 2053 553 2089 iu
574 2053 797 2097 Jerusalem,
823 2064 908 2089 san-

131 2102 294 2139 ctificata
321 2106 405 2137 sunt
439 2101 567 2137 onmia
598 2100 738 2147 templa
764 2100 801 2136 in
828 2101 910 2146 ejus

129 2149 283 2186 nomine
305 2149 489 2186 dedicata.
520 2150 678 2194 Propter
705 2148 805 2192 quod
834 2153 909 2184 sta-

130 2200 254 2234 tutum
291 2202 347 2234 est
383 2197 483 2243 quod
519 2196 554 2231 in
590 2195 772 2239 ecclesiis,
800 2195 912 2232 debet

129 2244 261 2281 haberi
289 2245 400 2281 etiam
429 2243 635 2290 corporalis
655 2243 792 2279 Christi
814 2253 910 2289 prae-

130 2292 250 2328 sentia
275 2320 283 2336 ‚
333 2291 505 2327 videlicet
557 2291 594 2327 in
638 2292 908 2334 Sacramento;

133 2339 234 2375 unde
255 2338 367 2375 etiam
389 2338 437 2375 ibi
467 2338 723 2383 reconduntur
742 2337 910 2383 reliquiae

134 2388 387 2429 sanct01·um;
425 2385 472 2421 ibi
531 2385 645 2421 etiam
702 2385 911 2421 ministeria

132 2434 231 2470 fiunt
255 2434 494 2479 Angelorum.
517 2434 559 2468 Et
581 2433 663 2468 ideo
679 2432 834 2477 dignum
855 2436 911 2468 est

134 2484 176 2517 ut
189 2481 356 2517 ecclesia·
374 2480 408 2516 in
428 2480 665 2516 veneratione
684 2481 910 2524 habeantur,

133 2532 171 2564 et
198 2539 272 2564 non
306 2528 373 2563 nisi
408 2539 491 2564 cum
528 2538 674 2564 summa
703 2527 912 2564 reverentia

133 2579 171 2613 et
208 2575 408 2612 devotione
454 2575 756 2620 frequententur;
798 2575 910 2618 unde,

131 2624 338 2660 secundum
374 2622 611 2659 Psalmistam
637 2634 644 2658 ;
676 2625 828 2659 Domum
848 2624 915 2658 Dei

131 2672 230 2707 decet
250 2671 471 2706 sanctitudo.

181 2732 225 2765 29
242 2720 374 2754 Tam-Li
395 2730 565 2754 »ιω-τηις
582 2730 643 2755 snt:
662 2730 780 2754 ,xm-maz
799 2729 913 2753 niom-

132 2777 196 2802 TAS
223 2777 388 2807 Qcixwon
420 2778 462 2802 Ex
495 2778 628 2802 musis.
666 2787 711 2793 —-
753 2766 913 2803 Possunt

989 211 1116 244 autem
1133 209 1213 244 haec
1227 209 1364 255 exponi
1377 210 1422 245 de
1439 209 1578 255 templo
1595 209 1765 255 mentali,

990 254 1027 291 in
1054 256 1153 300 quod
1186 258 1347 291 Verbum
1382 261 1565 293 {eternum
1598 257 1767 303 quotidie

989 301 1178 338 inducitur
1202 314 1222 338 a
1243 303 1389 339 devotis
1417 304 1604 348 fidelibus,
1628 305 1673 340 de
1695 315 1768 350 quo

989 348 1042 385 ait
1060 349 1260 395 Apostolus
1281 361 1287 384 :
1314 352 1497 396 Templum
1518 353 1583 386 Dei
1603 356 1769 387 sanctum

988 400 1054 436 est,
1078 396 1175 441 quod
1195 398 1279 431 estis
1312 408 1385 432 vos.
1420 399 1462 432 Et
1480 397 1568 443 quia
1595 398 1771 435 nobilitas

989 442 1190 490 cujuslibet
1206 442 1274 485 rei,
1296 453 1339 478 ex
1365 444 1445 488 ejus
1477 445 1599 481 causis
1623 446 1768 492 colligi-

990 494 1074 534 tur;
1097 489 1184 526 hine
1205 494 1261 525 est
1286 491 1385 535 quod
1410 491 1518 535 hujus
1549 493 1677 539 templi
1702 505 1768 529 no-

992 537 1116 574 bilitas
1145 537 1344 583 colligatur
1370 548 1413 573 ex
1443 543 1605 583 quatuor
1631 540 1768 585 causiS,

990 584 1130 621 scilicet
1159 595 1168 620 t
1203 595 1245 620 ex
1276 583 1474 620 efficientis
1504 585 1699 630 dignitate,
1727 599 1769 623 ex

990 632 1159 668 materia:
1188 631 1438 678 pretiositate,
1470 642 1511 667 ex
1534 632 1664 668 forman
1685 645 1769 680 spe-

990 679 1176 724 ciositate,
1203 682 1239 714 et
1274 689 1317 714 ex
1342 678 1428 714 finis
1462 680 1767 717 honorabilitate.

992 727 1160 762 Primum
1189 730 1306 772 patet,
1346 727 1434 771 quia
1470 726 1540 762 hoe
1574 727 1769 772 templum,

990 774 1091 820 quod
1112 777 1169 810 est
1194 784 1299 809 mens
1326 773 1463 809 animae
1486 773 1694 818 rationalis,
1715 778 1772 810 est

990 823 1036 858 ab
1058 821 1219 868 ipsomet
1240 822 1315 857 Deo
1349 820 1565 857 immediate
1587 825 1768 858 creatum.

990 871 1032 905 Et
1049 869 1119 905 hoe
1140 867 1263 915 arguit
1291 868 1490 903 maximam
1509 867 1643 904 anima¹
1667 868 1769 905 nobi-

989 916 1159 960 litatem;
1184 926 1271 951 nam
1293 915 1341 951 ad
1360 916 1564 951 creandam
1586 915 1767 960 animam,

989 965 1087 1000 Deus
1109 974 1186 999 non
1213 962 1409 999 advocavit
1436 962 1601 1008 aliquam
1623 967 1768 999 creatu-

988 1022 1084 1054 ram,
1119 1011 1185 1047 sed
1218 1010 1301 1056 ipsa
1330 1009 1493 1045 Trinitas
1527 1010 1768 1057 semetipsam

988 1058 1173 1101 invitavit,
1193 1057 1320 1094 dicens
1338 1069 1345 1092 ε
1365 1059 1556 1093 Faciamus
1577 1059 1766 1093 hominem.

988 1107 1067 1141 Non
1103 1105 1216 1149 enim,
1244 1108 1284 1140 ut
1310 1104 1399 1140 dicit
1429 1105 1670 1148 Achztstinus,
1700 1106 1770 1141 hoe

989 1154 1143 1189 verbum
1165 1152 1299 1188 direxit
1324 1153 1421 1187 Deus
1442 1152 1489 1187 ad
1505 1153 1682 1197 Angelos,
1704 1153 1768 1189 sed

987 1200 1068 1246 ipse
1089 1201 1200 1236 Pater
1224 1200 1271 1235 ad
1292 1199 1385 1235 alias
1407 1210 1586 1244 personas
1612 1199 1650 1235 in
1679 1199 1769 1235 divi-

989 1247 1069 1290 nis;
1110 1250 1147 1283 et
1174 1257 1216 1282 ex
1243 1247 1313 1282 hoe
1339 1246 1550 1282 ostenditur
1575 1246 1768 1283 hominem

988 1305 1069 1330 esse
1090 1304 1183 1340 opus
1211 1293 1399 1339 singulare
1423 1293 1539 1339 ipsius
1560 1293 1764 1329 Trinitatis.

988 1341 1253 1377 -Secundum
1268 1344 1384 1386 patet,
1395 1341 1481 1386 quia
1496 1352 1570 1377 non
1583 1352 1624 1377 ex
1640 1341 1767 1387 aliqua

988 1390 1212 1435 praejaeente
1240 1387 1399 1423 materia
1431 1388 1528 1423 sacta
1549 1392 1604 1424 est
1625 1388 1766 1432 anima,

987 1436 1051 1472 sed
1071 1446 1114 1471 ex
1137 1435 1267 1471 nihilo.
1283 1437 1323 1470 ln
1346 1434 1520 1471 omnibus
1535 1435 1635 1471 enim
1655 1436 1767 1472 rebus

987 1482 1123 1519 creatis
1146 1510 1154 1526 ‚
1193 1493 1268 1518 non
1313 1481 1575 1518 inveniebatur
1614 1482 1768 1528 aliquod

987 1530 1182 1566 materiale
1202 1529 1253 1565 ita
1277 1528 1415 1571 nobile,
1442 1533 1480 1564 ut
1507 1540 1549 1565 ex
1574 1540 1616 1565 eo
1642 1535 1768 1575 posset

985 1577 1067 1614 fieri
1101 1576 1227 1612 anima
1263 1576 1473 1612 rationalis.
1506 1578 1585 1612 Non
1616 1577 1766 1622 quidem

985 1628 1100 1669 terra,
1123 1624 1180 1659 vel
1205 1623 1357 1669 aliquod
1379 1623 1537 1659 aliorum
1560 1624 1766 1660 elemento-

986 1683 1088 1716 rum;
1111 1682 1179 1707 nee
1207 1671 1357 1715 coelum,
1380 1674 1469 1716 puta
1490 1671 1545 1707 sol
1571 1675 1637 1707 aut
1663 1672 1766 1716 luna,

986 1719 1105 1756 stellae
1139 1730 1206 1754 seu
1237 1718 1392 1764 aliquod
1420 1729 1618 1765 corporum
1655 1719 1767 1755 coele-

987 1767 1098 1804 stium
1121 1765 1189 1802 suit
1211 1766 1365 1811 dignum
1389 1765 1530 1802 intrare
1551 1766 1589 1801 in
1615 1777 1767 1813 compo-

987 1815 1162 1851 sitionem
1189 1813 1327 1850 animfe
1359 1813 1570 1857 rationalis,
1593 1817 1633 1849 ut
1654 1819 1769 1850 mate-

987 1862 1080 1898 riale
1095 1861 1321 1908 principium
1336 1862 1418 1907 eJ'us
1432 1864 1544 1905 esset,
1557 1872 1639 1907 quae
1658 1861 1768 1907 longe

987 1910 1099 1946 altior
1121 1913 1158 1944 et
1182 1908 1346 1945 nobilior
1366 1908 1420 1944 eis
1441 1908 1595 1944 exstitit.
1620 1910 1663 1944 Et
1684 1908 1767 1944 ideo

988 1958 1086 1994 facta
1103 1959 1160 1992 est
1179 1967 1221 1992 ex
1237 1955 1368 2000 nihilo,
1387 1956 1485 2001 quod
1501 1956 1547 1991 ad
1567 1955 1767 1992 maximam

990 2004 1225 2041 nobilitatem
1247 2002 1301 2039 eis
1318 2003 1429 2038 cedit.
1451 2023 1494 2028 —
1515 2003 1680 2038 Tertium
1702 2014 1767 2049 pa-

989 2055 1055 2095 tet,
1078 2062 1164 2087 nam
1188 2052 1308 2086 forma
1328 2050 1527 2085 rationalis
1553 2050 1690 2086 animae
1713 2054 1769 2086 est

990 2098 1238 2141 nobilissima,
1260 2108 1343 2133 cum
1368 2097 1415 2133 sit
1436 2097 1600 2143 imagine
1624 2097 1687 2133 Dei
1711 2097 1767 2133 in-

989 2146 1151 2192 signata.
1190 2147 1272 2181 Non
1308 2144 1407 2180 enim
1442 2146 1539 2181 Deus
1578 2145 1770 2191 impressit

989 2194 1124 2231 anima¹
1144 2192 1346 2238 imaginem
1366 2192 1522 2238 alicujus
1543 2192 1596 2228 rei
1618 2196 1767 2237 creatae,

990 2242 1056 2278 sed
1083 2242 1243 2277 formam
1265 2239 1319 2276 sui
1341 2239 1470 2286 ipsius,
1498 2239 1549 2276 ita
1570 2240 1669 2286 quod
1690 2240 1770 2286 ipsa

990 2289 1111 2325 sorma
1128 2287 1263 2324 animae
1282 2287 1491 2331 rationalis,
1508 2291 1649 2324 nonest
1669 2287 1768 2324 aliud

989 2347 1102 2383 quam
1127 2336 1300 2382 quaedam
1319 2334 1526 2371 relucentia
1546 2334 1664 2381 ipsius
1684 2336 1769 2371 bea-

989 2383 1144 2420 tissima}
1171 2382 1376 2419 Trinitatis.
1397 2383 1472 2418 Nee
1492 2386 1637 2429 poterat
1658 2383 1769 2417 beata

989 2431 1152 2468 Trinitas
1188 2430 1308 2477 magis
1340 2430 1506 2466 animam
1542 2430 1766 2466 rationalem

988 2478 1203 2522 nobilitare,
1227 2488 1337 2524 quam
1360 2478 1458 2523 quod
1482 2487 1564 2513 eam
1587 2476 1654 2512 sibi
1677 2476 1767 2511 assi-

989 2526 1145 2569 milavit,
1169 2529 1204 2562 et
1226 2525 1389 2572 propriae
1411 2524 1586 2569 imaginis
1608 2525 1766 2559 sormam

990 2574 1022 2610 ei
1050 2573 1259 2620 impressit;
1290 2577 1341 2615 ut,
1365 2572 1452 2618 quia
1479 2571 1684 2607 similitudo
1712 2574 1768 2606 est

989 2632 1103 2658 causa
1120 2620 1347 2663 dilectionis,
1362 2620 1412 2655 sic
1431 2623 1464 2655 et
1480 2619 1603 2655 anima
1618 2628 1768 2653 ‹unnem

990 2670 1166 2705 affectum
1179 2667 1391 2704 dilectionis
1412 2667 1448 2702 iu
1471 2666 1590 2712 ipsum
1613 2675 1767 2700 conver-

991 2720 1100 2760 teret,
1123 2727 1206 2752 cum
1234 2715 1326 2751 nihil
1349 2714 1417 2750 sibi
1445 2713 1565 2748 simile
1598 2711 1635 2747 iu
1658 2713 1769 2747 rebus

992 2764 1129 2801 creatis
1151 2762 1348 2799 inveniret.
1379 2782 1423 2786 —
1446 2761 1627 2804 Quartum
1650 2763 1768 2806 patet,
