1902 3126
345 161 533 195 JOANNES
571 158 845 192 CONFITETUR
882 159 934 192 SE
971 160 1055 194 NON
1093 161 1199 194 ESSE
1238 159 1482 194 emitisTUM.
1690 157 1747 193 160

111 232 289 279 intelligit
307 231 570 268 discretionem
586 227 679 275 justi
699 227 895 272 examinis,

115 290 183 318 seu
203 280 369 317 divinum
391 276 588 324 Judicium‚
609 278 647 311 et
667 278 895 320 potestatem

113 325 354 364 discernendi
375 326 493 361 bonos
513 333 536 358 a
555 321 678 365 malis,
694 321 789 357 sicut
810 331 898 357 ven-

111 374 249 411 tilabro
271 372 489 408 dividuntur
524 379 643 414 grana
664 378 686 404 a
707 367 840 414 paleis,
859 371 897 403 et

112 421 304 458 fructuosa
332 419 378 454 ab
414 415 676 459 infructuosi53
705 415 807 461 quod
841 417 899 450 est

109 467 152 505 in
177 476 305 508 manu,
330 464 366 500 id
390 465 450 499 est
473 462 512 498 in
532 464 719 509 potestate
737 465 773 497 et
795 461 896 497 arbi-

109 513 183 551 trio
204 511 342 549 Christi
356 510 552 557 Judicandi
570 509 712 546 etenim
731 508 897 545 osticium

107 559 182 598 sibi
203 558 384 595 traditum
407 560 463 594 est
486 568 508 593 a
533 558 657 600 Patre,
683 558 772 602 qaia
796 566 898 592 omne

103 606 289 654 iudicium
310 606 411 641 dedit
430 605 538 640 Filio.
562 603 693 641 Subdit
714 613 803 649 ergo
824 615 832 640 :
857 605 899 639 Et

104 653 382 738 {er-mundabit,
408 651 446 687 id
466 656 524 688 est
550 652 714 698 perfecte
733 650 897 686 munda-

137 699 181 745 it,
216 703 250 736 et
284 700 459 746 pur-qamt
489 698 529 734 in
556 699 680 735 futuro
702 708 838 739 aream,
861 696 899 733 id

110 750 169 785 est
194 746 398 783 Ecclesiam
433 756 537 781 suam
557 756 580 782 a
612 745 744 792 paleis,
766 745 803 780 in
825 754 900 790 qua

110 803 212 831 nunc
245 804 365 839 grana
391 802 475 829 cum
506 792 639 839 paleis,
672 792 710 827 id
733 795 789 827 est
810 790 899 827 boni

108 850 196 878 cum
231 840 354 884 malis,
386 839 579 876 commixti
613 842 720 883 sunt3
762 839 828 874 sed
861 839 899 874 in

105 887 250 936 judicio
278 888 560 933 separabuntur
586 887 634 923 ab
655 886 723 922 eis.
748 888 795 922 Et
815 896 898 921 con-

110 935 279 980 9reyabz't
301 937 464 970 triticum
488 933 599 969 modo
618 933 788 979 pluribus
807 931 900 968 locis

111 981 338 1028 dispersum,
353 981 390 1017 id
411 984 467 1016 est
482 982 602 1017 bonos
622 984 660 1015 et
675 981 812 1026 justos,
836 978 899 1025 qui

110 1028 161 1066 ad
189 1029 342 1064 modum
367 1027 479 1063 tritici
507 1031 594 1064 sunt
621 1026 780 1063 interius
807 1037 899 1061 can-

112 1075 206 1120 didi,
233 1086 300 1122 per
327 1074 565 1118 munditiam,
594 1074 756 1110 exterius
778 1073 897 1117 rubei,

139 1132 180 1159 er
204 1122 441 1169 patientiam,
463 1132 598 1168 graves
619 1122 802 1164 moribus,
826 1119 898 1156 uti-

127 1179 168 1206 es
200 1168 456 1213 sermonibus,
484 1168 788 1214 multiplicabiles
809 1167 899 1203 alio-

110 1226 196 1254 rum
211 1215 534 1260 conversionibus,
547 1218 586 1251 in
603 1218 896 1255 hori-eumanum,

109 1263 152 1300 id
171 1264 254 1309 test,
283 1264 433 1299 coeleste
467 1263 735 1299 habitaculum.
770 1263 898 1297 Paleas

112 1314 249 1356 autem,
262 1310 300 1346 id
321 1314 377 1346 est
392 1310 512 1346 malos
526 1313 561 1346 et
580 1310 777 1356 reprobos,
798 1308 898 1344 leves

140 1368 182 1394 er
196 1357 428 1404 superbiam,
443 1357 601 1403 pallidos
617 1367 683 1403 per
700 1355 897 1398 invidiam,

129 1405 267 1451 ragiles
297 1415 364 1451 per
397 1404 644 1448 iracundiam,
679 1403 806 1439 aridos
831 1413 898 1448 per

112 1451 325 1495 avaritiam,
342 1451 596 1488 infructuosos
614 1461 681 1497 per
699 1449 896 1493 accidiam,

114 1499 208 1536 viles
233 1509 300 1545 per
326 1499 519 1535 carnalem
540 1496 896 1543 concupiscentiam,

111 1547 293 1583 comburet
319 1548 413 1590 iane,
442 1546 640 1591 gehennae,
668 1545 898 1587 ineaecinqai-

113 1594 193 1638 bili,
217 1597 254 1629 et
282 1603 393 1646 poena
419 1592 604 1628 sensibili.
623 1594 664 1627 ln
691 1593 761 1627 hac
784 1590 898 1626 etiam

111 1644 290 1688 praesenti
338 1639 429 1683 vita,
467 1638 648 1676 Dominus
690 1637 898 1674 Ecclesiam

109 1691 263 1735 purgat,
301 1687 391 1723 dum
427 1687 475 1722 ob
501 1685 703 1723 manifesta
727 1687 897 1731 peccata,

108 1733 280 1783 perversi
301 1738 338 1770 et
363 1733 450 1770 mali
471 1733 519 1770 de
540 1732 706 1769 Ecclesia
722 1743 790 1778 per
810 1741 898 1767 sen-

108 1781 267 1820 tentiam
297 1781 520 1827 ejiciuntur,
555 1780 614 1816 vel
645 1790 713 1826 per
737 1782 899 1815 mortem

111 1829 160 1867 de
195 1829 267 1865 hac
298 1830 374 1864 vita
393 1827 688 1871 abscinduntur3
717 1827 784 1863 sed
818 1827 900 1861 htec

110 1875 286 1924 purgatio
319 1875 358 1910 in
385 1876 460 1911 fine
487 1874 717 1921 perficietur,
749 1874 899 1920 quando

112 1933 183 1971 per
217 1923 381 1969 Angelos
413 1922 459 1958 de
498 1932 615 1969 regno
663 1932 729 1957 suo
769 1919 900 1957 omnia

111 1970 296 2007 scandala
311 1969 551 2014 colligentur.
574 1968 654 2013 Vel,
667 1968 779 2004 modo
796 1977 903 2003 mun-

114 2016 196 2062 dat,
215 2015 465 2052 discernendo
493 2015 642 2059 merito,
668 2026 744 2050 non
768 2024 901 2050 nume-

114 2065 184 2108 ro};
219 2064 286 2100 sed
317 2067 406 2099 tunc
438 2066 474 2099 et
510 2072 668 2099 numero
695 2066 732 2097 et
752 2061 901 2097 merito.

112 2112 234 2149 Multa
248 2111 394 2157 quidem
410 2113 444 2146 et
458 2111 535 2145 alia
551 2111 763 2150 eaehortans,
784 2111 821 2144 et
840 2107 904 2143 do-

114 2168 205 2196 cens
218 2160 385 2195 Joannes
404 2157 693 2202 evangelizabat,
707 2159 744 2192 et
761 2165 904 2191 annun-

114 2204 237 2242 tiabat
251 2206 400 2251 populo.
422 2206 471 2240 Ex
492 2215 565 2250 quo
587 2207 688 2250 patet
709 2202 808 2248 quod
827 2211 902 2237 non

117 2251 248 2289 omnia
271 2254 371 2288 sacta
391 2255 428 2287 et
454 2251 554 2287 dicta
574 2251 732 2287 Joannis
765 2248 904 2294 scripta

117 2302 221 2344 sunt,
238 2300 303 2335 sed
318 2309 438 2345 pauca
456 2298 678 2344 respective,
694 2297 789 2333 sicut
807 2300 843 2332 et
859 2296 904 2331 de

115 2345 263 2384 Christo
285 2346 420 2382 dicitur
438 2345 596 2383 Joannis
617 2345 748 2381 ultimo
768 2342 903 2390 capite.

171 2396 210 2429 15
233 2394 457 2437 Monmmn,
485 2395 647 2429 Jofxxxi-:s
674 2403 740 2427 DAT
761 2401 904 2426 Fonnmu

118 2450 278 2484 vivnxni,
291 2452 509 2476 vicemcmni
524 2452 563 2475 ET
573 2450 905 2475 FRUCTlFlCANDI.—

117 2487 309 2523 Moraliter
324 2490 488 2524 Joannes
498 2488 562 2522 dat
573 2487 730 2522 sormam
742 2485 902 2529 vivendi,

118 2534 350 2587 praedicandi
372 2539 408 2570 et
429 2533 695 2570 fructificandi.
711 2535 802 2569 Nam
824 2533 904 2579 ejus

118 2584 197 2618 vita
216 2586 382 2625 austera,
399 2586 435 2617 et
453 2581 577 2627 quoad
597 2581 734 2618 victum
752 2581 902 2623 durum,

118 2632 156 2666 et
176 2630 303 2676 quoad
324 2629 499 2665 vestitum
513 2639 702 2675 asperum,
724 2631 761 2664 et
781 2627 905 2674 quoad

118 2674 244 2713 locum
270 2677 486 2722 desertum3
506 2676 586 2723 ejus
609 2675 781 2713 doctrina
802 2685 904 2720 vera,

968 229 1045 265 sive
1064 230 1126 282 'de
1154 232 1244 274 Deo,
1265 230 1342 267 sive
1369 230 1414 266 de
1443 230 1581 276 seipso,
1603 228 1682 265 sive
1702 228 1750 265 de

967 287 1157 328 proximo;
1200 278 1281 323 ejus
1327 277 1496 323 operatio
1544 278 1749 319 fructuosa,

968 333 1057 368 quia
1085 324 1219 358 multos
1248 325 1429 368 vocando,
1454 323 1692 370 baptizando,
1714 324 1752 359 et

967 369 1224 405 rectiticando.
1248 371 1286 404 ln
1320 371 1440 415 primo
1473 371 1539 406 suit
1561 370 1751 416 exemplar

968 415 1257 461 Religiosorum,
1286 416 1323 451 in
1344 418 1506 452 secundo
1536 419 1752 461 Doctorum,

970 465 1007 499 in
1025 463 1135 499 tertio
1171 463 1430 498 Proelatorum.
1460 464 1494 500 Si
1529 464 1630 500 enirn
1665 463 1752 500 talis

969 514 1068 547 esset
1095 509 1334 556 praedicator‚
1358 510 1478 545 omnis
1499 511 1749 557 ierosolyma,

969 557 1093 604 quoad
1108 556 1340 600 claustrales,
1353 557 1496 600 Jtidwa,
1510 559 1632 602 quoad
1648 557 1753 594 cleri-

969 616 1047 645 cos.
1070 607 1107 640 et
1133 603 1264 649 Regio,
1286 604 1409 649 quoad
1428 603 1557 647 laicos,
1580 604 1754 640 venirent

969 652 1196 688 confitentes
1212 654 1367 697 peccata
1385 661 1468 694 sua,
1485 654 1559 685 tam
1576 650 1752 694 venialia,

971 709 1084 746 quam
1105 698 1297 741 mortalia;
1321 698 1464 733 veniret
1486 701 1522 733 et
1537 699 1648 733 Jesus
1669 707 1755 734 cum

970 747 1038 791 eis,
1060 746 1107 782 ad
1122 745 1434 782 sanctificandum
1462 755 1540 789 eos,
1566 747 1603 780 et
1622 744 1753 787 verbo,

970 798 1007 831 et
1030 793 1213 836 remedio,
1235 795 1272 828 et
1298 791 1482 837 exemplo.

1022 844 1062 877 16
1105 841 1157 876 Dr:
1186 841 1383 875 Bsmmm.
1420 859 1466 864 -
1497 837 1551 873 Ad
1572 837 1755 882 majorem

969 891 1096 924 autem
1138 886 1416 933 expressionem
1473 884 1756 931 praedictorum,

971 935 1074 971 locus
1109 934 1174 970 ubi
1215 934 1314 969 sacta
1345 936 1446 976 sunt,
1478 930 1758 967 determinatur

970 984 1260 1027 consequenter,
1277 990 1360 1015 curn
1381 978 1620 1025 subjungitur
1643 989 1651 1013 :
1675 979 1759 1014 Haec

971 1031 1009 1064 in
1036 1030 1216 1064 Bethania
1247 1029 1349 1070 facta
1373 1031 1458 1061 sunt
1486 1030 1587 1065 trans
1624 1024 1758 1060 Jorda-

970 1087 1064 1115 nem,
1099 1076 1162 1111 ubi
1195 1077 1274 1109 erat
1293 1076 1448 1109 Joannes
1482 1073 1689 1118 baptizans.
1712 1071 1760 1107 Ut

972 1123 1074 1159 enirn
1106 1121 1197 1158 dicit
1224 1122 1496 1164 chrysostomus
1525 1133 1534 1154 :
1565 1133 1583 1151 «
1612 1119 1695 1154 Non
1720 1117 1760 1154 in

972 1171 1099 1213 domo,
1135 1178 1256 1214 neque
1300 1167 1340 1203 in
1386 1167 1522 1212 angulo
1561 1165 1757 1201 Christum

971 1216 1202 1263 praedicabat
1217 1226 1225 1259 3
1242 1215 1308 1251 sed
1324 1215 1529 1251 Jordanem
1551 1211 1757 1256 transiens,

971 1265 1012 1300 in
1048 1262 1176 1300 media
1214 1261 1468 1304 multitudine,
1504 1258 1758 1306 praesentibus

971 1311 1146 1347 omnibus
1167 1309 1228 1356 qui
1251 1309 1298 1345 ab
1323 1319 1367 1344 eo
1390 1307 1692 1354 baptizabantur.
1716 1307 1759 1342 In

973 1357 1171 1401 Bethania,
1202 1367 1285 1402 quas
1314 1356 1441 1390 domas
1468 1355 1680 1390 obedientiae
1701 1351 1760 1388 in-

972 1407 1214 1451 terpretatur,
1245 1405 1410 1439 Joannes
1441 1402 1632 1447 baptizare
1666 1398 1759 1435 dici-

970 1457 1045 1496 tur,
1070 1455 1109 1487 ut
1130 1450 1229 1496 quod
1249 1461 1293 1486 ex
1317 1449 1532 1485 obedientia
1557 1447 1621 1483 1=ei
1646 1456 1762 1482 vene-

971 1504 1030 1536 rat
1056 1498 1243 1535 Christum
1271 1496 1447 1532 nuntiare
1487 1493 1762 1530 immolandum

971 1557 1039 1593 pro
1072 1543 1334 1590 redemptione
1364 1542 1509 1585 mundi,
1538 1541 1762 1577 ostendatur

970 1597 1008 1629 et
1050 1591 1267 1637 intelligant
1311 1589 1498 1630 homines,
1541 1587 1643 1634 quia,
1671 1586 1702 1622 si
1740 1597 1763 1623 a

970 1642 1125 1687 peccato
1159 1637 1348 1691 originali,
1384 1636 1485 1682 quod
1525 1646 1593 1682 per
1624 1634 1757 1670 inobe-

971 1686 1155 1725 dientiam
1176 1684 1286 1731 primi
1307 1683 1478 1731 parentis
1499 1681 1668 1728 contigit,
1693 1681 1760 1717 ab·

971 1734 1064 1772 solvi
1098 1733 1330 1776 desiderant,
1365 1730 1554 1767 submisso
1588 1738 1762 1775 corpore,

971 1786 1009 1819 et
1047 1781 1199 1818 credulo
1232 1779 1374 1823 corde,
1416 1776 1598 1824 Baptismi
1638 1784 1764 1811 sacra-

972 1833 1141 1866 mentum
1175 1826 1380 1873 suscipere,
1417 1829 1454 1861 et
1486 1835 1552 1871 per
1582 1822 1764 1859 obedien-

971 1877 1063 1913 tiam
1100 1874 1218 1918 tidei,
1264 1884 1397 1909 omnes
1437 1872 1484 1908 ad
1528 1870 1763 1916 Baptismum

972 1923 1171 1971 pervenire
1198 1922 1358 1965 debent3
1387 1923 1425 1956 et
1448 1923 1488 1955 ut
1509 1917 1760 1965 significetur,

974 1971 1074 2017 quod
1101 1968 1298 2015 baptizatis
1324 1965 1542 2003 obedientia
1569 1962 1758 2000 convenit,

973 2020 1037 2054 Est
1059 2020 1186 2053 autem
1205 2015 1339 2061 duplex
1364 2013 1549 2049 Bethania
1572 2023 1580 2046 :
1608 2020 1685 2047 una
1705 2011 1763 2046 est

974 2064 1149 2110 quaedam
1187 2062 1275 2097 villa
1315 2061 1410 2097 citra
1451 2056 1763 2109 Jordanem‚·ad

974 2113 1047 2147 duo
1088 2108 1264 2146 milliaria
1297 2108 1344 2144 de
1372 2107 1596 2151 Jerusalem,
1620 2104 1763 2140 scilicet

974 2159 1009 2194 in
1036 2158 1154 2194 latere
1174 2155 1314 2192 montis
1333 2154 1482 2197 Oliveti,
1506 2153 1568 2189 ubi
1596 2154 1761 2188 Lazarus

975 2205 1043 2242 fuit
1077 2204 1299 2246 suscitatus;
1337 2202 1425 2245 alia,
1456 2202 1503 2238 de
1525 2210 1598 2246 qua
1618 2198 1762 2235 dictum

975 2257 1045 2297 est,
1084 2251 1155 2288 sita
1187 2261 1301 2296 supra
1320 2250 1538 2292 Jordanem,
1567 2257 1610 2283 ex
1641 2245 1763 2282 altera

974 2303 1102 2336 tamen
1115 2301 1221 2345 parte
1242 2296 1422 2341 fluminis,
1438 2295 1580 2332 scilicet
1599 2293 1638 2329 in
1659 2295 1762 2329 sorte

974 2347 1134 2383 duarum
1155 2344 1336 2388 tribuum,
1358 2348 1395 2380 et
1413 2342 1593 2385 dimidiae,
1616 2351 1638 2376 a
1656 2341 1762 2377 Jeru-

975 2394 1092 2430 salem
1130 2392 1266 2429 itinere
1301 2391 1375 2428 diei
1414 2391 1536 2433 unius,
1579 2387 1641 2424 ubi
1680 2390 1762 2423 erat

974 2443 1141 2478 Joannes
1168 2438 1376 2485 baptizans,
1409 2437 1552 2473 scilicet
1582 2434 1620 2470 in
1642 2432 1758 2486 confi-

977 2488 1039 2524 nio
1065 2486 1238 2524 Gentium
1263 2489 1300 2522 et
1330 2485 1559 2526 Judaeorum,
1584 2485 1623 2516 ut
1644 2482 1702 2516 lus
1723 2482 1760 2516 et

975 2535 1048 2572 illis
1070 2534 1332 2571 ostenderetur
1356 2532 1567 2578 Baptismus
1588 2536 1758 2579 commu-

975 2583 1045 2619 nis.
1070 2584 1113 2618 Et
1128 2583 1222 2618 bene
1244 2584 1350 2617 trans
1366 2576 1754 2621 Jordauembaptiza-

976 2631 1054 2675 bat,
1080 2629 1169 2676 quia
1193 2629 1344 2671 Gentes,
1375 2623 1612 2662 communius
1644 2630 1758 2669 quam

977 2679 996 2715 J
1003 2677 1113 2723 udaei,
1135 2675 1368 2723 Baptismuin
1387 2672 1622 2718 receperunt.
