1902 3126
155 158 213 190 110
650 148 798 184 PRIMAE
836 147 995 183 PARTIS
1032 149 1171 183 CAPUT
1209 150 1279 183 Xll

160 226 314 265 cessive.
336 225 428 260 Nam
450 221 488 257 in
510 219 704 257 nativitate
733 229 772 255 se
800 218 931 255 habuit

157 279 198 312 ut
217 282 359 320 pauper
387 271 527 312 homo;
564 267 602 303 in
632 265 928 310 circumcisione,

159 325 199 358 ut
236 328 378 366 pauper
414 319 451 352 et
489 317 664 361 peccator
693 314 824 357 homo;
865 314 931 349 sed

157 367 342 404 hodierna
363 364 437 407 die,
457 365 497 399 ut
517 372 671 408 pauper,
689 364 727 397 et
743 363 930 406 peccator,

158 419 195 452 et
218 423 362 450 servus.
396 412 439 446 Ut
463 419 606 456 pauper
641 407 791 454 quidem
821 407 859 442 in
887 417 930 443 eo

161 461 261 507 quod
290 467 497 506 pauperum
530 455 760 492 oblationem
791 453 928 500 elegit;

159 512 201 545 ut
226 510 400 554 peccator
431 513 534 547 vero,
562 503 599 538 in
635 513 679 538 eo
718 501 817 547 quod
852 501 931 546 ipse

159 566 244 591 cum
282 555 397 590 Matre
425 561 492 598 per
530 549 758 586 oblationem
793 546 931 593 expiari

158 601 294 644 voluit;
316 603 357 636 ut
386 608 514 635 servus
543 599 684 640 autem,
709 595 747 630 in
769 605 812 630 eo
834 593 932 640 quod

159 648 293 685 redimi
321 657 360 683 se
386 646 484 682 fecit.

209 709 250 742 27
293 695 464 730 TEMPLUM
513 699 808 726 mcnamaxrmus
850 699 933 723 Tam

160 754 248 779 scxr
269 752 484 777 NECESSARIA
508 750 515 773 :
541 748 730 780 runcum,
753 746 838 771 nmo
865 746 932 769 cmi

160 791 331 826 ECCLESIA
368 799 407 823 ET
446 797 555 822 RECTA
597 794 775 819 INTENTIO.
811 802 854 807 —
891 782 934 816 Et

161 836 262 883 quia,
284 838 323 871 ut
341 835 460 870 visum
481 836 550 875 est,
575 834 660 876 post
678 828 931 865 circumcisio-

160 894 246 919 nem
264 882 359 926 Filii,
380 884 416 917 et
437 879 699 926 purgationem
715 875 856 927 Matris,
878 877 932 910 tu-

162 930 287 966 lerunt
313 931 441 966 Jesum
462 927 499 961 in
517 925 738 966 Jerusalem,
760 925 800 958 ut
824 923 933 957 Siste-

158 980 244 1013 rent
277 986 361 1012 eum
388 973 561 1015 Domin03
588 971 785 1008 sciendum
818 971 874 1004 est
897 971 935 1004 et

161 1023 363 1070 diligenter
403 1019 704 1069 advertendum,
746 1015 846 1068 quod
890 1025 933 1050 ex

159 1069 348 1116 praedictis
387 1067 506 1103 tribus
559 1064 753 1100 morahter
798 1065 934 1114 1nstru5

162 1121 276 1152 untur
298 1114 441 1157 fideles,
468 1116 507 1148 ut
539 1122 622 1147 cum
656 1109 838 1156 templum
867 1110 932 1144 Del

161 1162 370 1206 materiale,
392 1161 430 1196 id
461 1162 517 1195 est
545 1157 756 1201 ecclesiam,
784 1155 931 1208 ingredi

159 1209 370 1253 voluerint,
408 1207 446 1242 in
484 1205 575 1251 ipsis
617 1203 736 1239 tribus
775 1213 932 1238 clrcum-

162 1256 310 1293 stantiis
331 1266 370 1291 se
396 1254 560 1290 debeant
588 1251 706 1287 beatae
732 1249 877 1294 Virgini
897 1252 935 1284 et

163 1303 310 1340 Christo
331 1301 567 1338 conformare
584 1310 592 1333 :
608 1301 650 1333 ut
665 1296 838 1332 videlicet
859 1295 934 1331 sint

162 1362 185 1387 a
209 1352 450 1397 peccatorum
474 1346 594 1382 scoria
619 1343 767 1390 purgati
795 1346 832 1379 et
860 1342 932 1395 cir·

162 1396 328 1441 cumcisi,
343 1394 468 1442 quoad
484 1392 665 1440 primum;
683 1391 758 1426 sint
771 1389 934 1426 brachiis

162 1447 301 1481 sanctae
344 1441 475 1478 matris
514 1438 688 1476 Ecclesiae
724 1436 933 1483 deportati,

162 1491 286 1538 quoad
310 1489 538 1530 secundum·,
562 1486 636 1522 sint
671 1487 783 1520 rectae
809 1483 932 1519 inten-

161 1538 274 1574 tionis
304 1537 378 1572 fine
403 1533 578 1577 ordinati,
607 1532 730 1578 quoad
765 1530 930 1566 tertium.

165 1585 290 1620 Primo
330 1594 433 1628 ergo,
471 1578 677 1626 ingressuri
721 1577 932 1621 ecclesiam,

162 1632 299 1668 debent
338 1641 360 1666 a
398 1632 639 1675 peccatorum
685 1624 807 1661 scoria
852 1634 933 1660 esse

162 1678 326 1725 purgati,
364 1680 400 1712 et
438 1673 660 1711 circumcisi.
693 1673 785 1708 Nam
826 1671 935 1707 beata

161 1726 289 1771 Virgo,
336 1726 536 1768 antequam
587 1719 849 1771 ingrederetur
894 1718 934 1753 in

162 1773 358 1818 templum,
380 1773 464 1815 post
494 1771 642 1814 partum
672 1766 728 1802 sui
754 1775 933 1817 immac-u-

163 1820 229 1856 lati
250 1818 345 1863 Filii,
368 1817 448 1853 dies
481 1813 714 1862 purgationis
746 1812 932 1858 implevit3

162 1867 243 1914 ipse
265 1865 378 1902 etiam
405 1863 532 1907 Filius,
557 1865 759 1906 antequam
782 1859 933 1895 induce-

165 1918 269 1950 retur
288 1912 326 1948 in
347 1911 542 1956 templum,
564 1905 778 1944 circumcidi
806 1906 933 1942 voluit.

165 1962 246 1997 Non
276 1959 376 2005 quod
405 1959 522 1992 Mater
552 1953 812 2002 purificatione
838 1953 936 1988 indi-

165 2010 284 2054 geret,
307 2009 371 2042 aut
392 2004 504 2040 Filius
529 2001 829 2038 circumcisione:
853 2010 936 2036 cum

166 2055 243 2098 illa,
271 2064 347 2089 non
376 2054 546 2096 suscepto
577 2049 732 2092 semine,
755 2057 936 2093 concepe-

166 2102 227 2145 rit,
250 2100 385 2146 etipse
412 2109 455 2134 ex
481 2098 621 2132 intacta
640 2095 793 2140 Virgine
825 2098 936 2130 natus

166 2147 300 2190 suerit;
323 2150 480 2190 uterque
502 2148 626 2180 tamen
650 2143 687 2178 in
710 2144 781 2178 hoc
801 2143 936 2187 Legem

168 2204 318 2232 servare
334 2192 462 2235 voluit,
476 2194 516 2227 ut
532 2190 638 2226 nobis
653 2190 807 2225 daretur
816 2189 938 2224 forma

167 2240 403 2288 purgationis
435 2242 472 2274 et
502 2236 796 2274 circumcisionis
828 2235 936 2281 spiri-

168 2289 280 2325 tualis
302 2302 308 2323 :
335 2286 422 2332 quia
452 2284 642 2331 purificari
664 2287 700 2319 et
723 2282 938 2319 circumcidi

169 2336 349 2372 debemus
386 2344 408 2369 a
442 2331 554 2377 vitiis,
594 2334 794 2376 antequam
819 2329 938 2365 eccle-

170 2382 264 2419 siam
284 2379 555 2427 ingrediamur,
572 2381 609 2413 et
626 2379 701 2413 Deo
720 2377 936 2420 offeramur,

170 2429 200 2466 si
224 2429 394 2465 volumus
428 2426 529 2472 quod
562 2425 595 2461 ei
632 2427 761 2460 nostra
794 2423 939 2469 placeat

170 2476 309 2513 oblatio
327 2486 335 2519 ;
362 2473 462 2520 quia,
485 2472 687 2508 secundum
705 2471 852 2510 Rectam,
871 2481 937 2506 ne-

170 2534 247 2567 mo,
267 2522 337 2558 nisi
359 2520 577 2568 purificatus
597 2522 634 2554 et
657 2517 897 2553 circumcisus
918 2527 940 2552 a

172 2571 286 2614 vitiis,
308 2567 512 2605 Dominicis
538 2569 595 2602 est
628 2565 764 2610 dignus
785 2574 940 2609 conspe-

172 2617 305 2654 ctibus.
329 2618 379 2651 Ex
401 2625 473 2661 quo
494 2613 654 2649 trahitur
674 2612 940 2647 documentum

173 2665 273 2711 quod
294 2662 416 2699 nullus
436 2660 583 2706 ingredi
600 2660 710 2695 debet
730 2657 939 2701 ecclesiam,

173 2722 256 2747 cum
292 2709 520 2746 conscientia
555 2705 722 2742 mortalis
761 2704 940 2747 criminis,

172 2758 243 2794 nisi
281 2757 385 2804 prius
416 2756 463 2793 sit
501 2754 706 2797 confessus,
727 2752 785 2788 vel
808 2751 938 2788 saltem

1018 220 1215 264 contritus,
1237 219 1267 255 si
1294 230 1371 255 non
1394 217 1489 254 adsit
1513 217 1619 264 copia
1639 217 1765 253 confes

1017 266 1138 312 soris;
1167 270 1204 303 et
1230 266 1329 313 quod
1348 264 1553 311 ingressuri
1577 263 1783 310 ecclesiam,

1016 313 1120 360 prius
1158 314 1296 350 debent
1323 312 1513 359 purificari
1551 322 1571 347 a
1606 310 1783 357 peccatis,

1017 361 1150 397 saltem
1179 360 1345 407 generali
1378 359 1617 402 contritione,
1638 357 1785 394 etiamsi

1017 418 1094 443 non
1113 409 1279 444 habeant
1301 406 1571 443 conscientiam
1589 404 1680 441 certi
1700 414 1786 450 pec-

1017 454 1104 499 cati,
1123 465 1206 491 cum
1229 455 1413 490 bonarum
1433 452 1614 489 mentium
1640 451 1688 488 sit
1710 451 1786 487 cul-

1017 511 1103 547 pam
1142 501 1289 545 timere,
1307 500 1371 537 ubi
1407 500 1514 545 culpa
1543 510 1618 535 non
1651 497 1786 541 existit,

1018 548 1186 593 exemplo
1204 549 1322 583 beatae
1334 546 1511 592 Virginis,
1527 544 1790 592 purificatione

1019 593 1172 629 minime
1228 593 1441 639 indigentis.
1487 594 1645 638 Propter
1689 591 1790 638 quod

1019 640 1246 676 consuetudo
1265 644 1334 683 est,
1353 640 1454 686 quod
1475 650 1572 685 aqua
1592 638 1789 675 benedicta

1018 687 1202 723 habeatur
1221 690 1308 723 ante
1328 688 1428 722 fores
1451 685 1623 722 Ecclesiae
1639 713 1648 730 ,
1669 689 1710 722 ut
1728 684 1786 720 in—

1018 734 1196 780 gressuri,
1220 734 1299 780 ejus
1334 733 1552 779 aspersione
1587 731 1787 779 purificen-

1018 784 1091 825 tur,
1114 781 1227 817 etiam
1249 792 1270 817 a
1288 780 1512 824 venialibus,
1532 779 1594 826 qui
1620 779 1666 815 de
1687 789 1787 814 mor—

1018 827 1156 864 talibus
1187 828 1258 864 sibi
1291 827 1430 863 conscii
1452 838 1529 863 non
1548 826 1722 862 existunt.
1746 827 1788 861 In

1019 875 1122 921 cujus
1143 875 1264 920 figura
1286 874 1440 918 labium,
1464 884 1547 910 cum
1574 884 1686 919 aqua,
1708 875 1790 908 erat

1018 925 1103 957 ante
1119 922 1255 958 ostium
1274 920 1520 964 tabernaculi,
1537 923 1574 956 et
1590 920 1641 956 ibi
1661 921 1788 956 Aaron

1019 972 1055 1005 et
1074 968 1141 1004 filii
1166 969 1245 1015 ejus
1262 967 1467 1014 ingressuri
1489 966 1786 1010 tabernaculum,

1018 1016 1192 1051 lavabant
1207 1026 1341 1051 manus
1359 1018 1395 1051 et
1405 1015 1531 1060 pedes.
1548 1035 1588 1041 —-
1602 1013 1786 1057 Secundo,

1018 1062 1155 1098 debent
1184 1073 1265 1098 esse
1297 1061 1461 1098 brachiis
1496 1064 1633 1097 sanctae
1657 1059 1787 1096 matris

1018 1109 1190 1145 Ecclesiae
1229 1108 1451 1155 supportati,
1489 1108 1583 1144 sicut
1620 1107 1788 1145 Christus

1018 1158 1187 1202 portatus
1229 1160 1285 1192 est
1323 1156 1360 1191 in
1397 1155 1577 1201 templum
1624 1153 1789 1191 brachiis

1019 1213 1096 1238 suae
1130 1203 1272 1246 Matris,
1316 1206 1355 1238 ut
1395 1203 1440 1238 de
1472 1201 1647 1238 fidelibus
1676 1201 1790 1248 digne

1019 1249 1215 1285 ecclesiam
1249 1249 1561 1295 ingredientibus,
1583 1248 1682 1284 dicat
1709 1247 1792 1294 ipsa

1019 1299 1140 1331 mater
1170 1296 1348 1339 Ecclesia,
1370 1296 1462 1331 illud
1497 1296 1602 1331 Oseae
1628 1306 1636 1330 :
1662 1297 1792 1330 Porta-

1021 1343 1102 1378 bam
1123 1354 1180 1378 eos
1203 1345 1241 1378 in
1274 1344 1431 1378 brachiis
1460 1344 1560 1378 meis.
1586 1343 1697 1377 Extra
1723 1341 1796 1377 ista

1020 1393 1145 1426 autem
1189 1389 1345 1426 brachia
1390 1388 1546 1425 unitatis
1593 1388 1766 1424 Ecclesiae
1783 1415 1792 1431 ,

1021 1439 1108 1472 sunt
1133 1436 1313 1480 haeretici,
1337 1436 1398 1482 qui
1434 1437 1611 1472 aberrant
1643 1445 1664 1471 a
1695 1435 1791 1478 fide;

1021 1483 1262 1528 schismatici,
1291 1483 1352 1529 qui
1380 1483 1530 1519 deviant
1549 1493 1571 1518 a
1589 1481 1791 1525 charitate;

1020 1534 1057 1566 et
1086 1541 1218 1566 omnes
1250 1529 1573 1575 excommunicati,
1606 1529 1667 1575 qui
1695 1540 1792 1575 prae-

1022 1576 1127 1613 scissi
1154 1580 1238 1613 sunt
1268 1578 1314 1613 ab
1349 1577 1491 1613 unitate
1527 1576 1713 1612 Ecclesiae.
1747 1576 1791 1612 Hi

1020 1623 1121 1660 enim
1150 1634 1279 1660 omnes
1309 1623 1395 1669 quia
1428 1635 1502 1659 non
1528 1626 1728 1670 portantur
1753 1622 1791 1658 in

1020 1670 1183 1707 brachiis
1212 1671 1341 1706 matris
1373 1670 1560 1714 Ecclesiae,
1594 1681 1670 1706 non
1704 1672 1792 1706 sunt

1020 1717 1146 1753 idonei
1170 1718 1217 1753 ad
1243 1718 1455 1764 ingressum
1482 1718 1561 1764 ejus
1587 1728 1594 1753 :
1620 1727 1721 1761 nam,
1749 1720 1791 1752 ut

1022 1764 1111 1801 dicit
1146 1766 1363 1810 Cyprianus,
1398 1775 1473 1800 non
1497 1767 1620 1810 potest
1650 1764 1790 1800 habere

1022 1813 1139 1848 Deum
1176 1815 1334 1858 patrem,
1369 1811 1430 1857 qui
1453 1811 1584 1847 matris
1618 1810 1792 1847 Ecclesiae

1021 1869 1096 1894 non
1116 1862 1219 1895 tenet
1240 1859 1434 1894 unitatem.
1458 1859 1609 1894 Frustra
1640 1868 1729 1904 ergo
1753 1860 1793 1897 et

1020 1905 1173 1951 indigne
1200 1905 1395 1942 ecclesiam
1418 1905 1648 1941 materialem
1665 1904 1792 1951 ingre—

1021 1952 1134 2005 ditur,
1159 1953 1219 1998 qui
1242 1952 1338 1988 inter
1355 1952 1509 1988 brachia
1528 1951 1700 1988 Ecclesiae
1717 1962 1794 1998 my-

1022 2003 1124 2035 stlcae
1158 2010 1234 2035 non
1272 1999 1553 2045 constringitur.
1583 2020 1627 2025 -
1653 1998 1792 2043 Tertio,

1022 2047 1160 2083 debent
1193 2057 1275 2082 esse
1311 2050 1423 2082 rectae
1459 2046 1680 2082 intentionis
1717 2046 1793 2081 fine

1023 2093 1199 2138 ordinati,
1222 2097 1261 2129 ut
1281 2093 1454 2129 videlicet
1486 2104 1598 2129 causa
1625 2092 1791 2128 devotio-

1022 2140 1080 2176 nis
1109 2144 1146 2177 et
1170 2140 1365 2184 orationis,
1387 2140 1646 2186 ingrediantur
1671 2139 1792 2176 eccle-

1022 2187 1117 2224 siam
1137 2199 1145 2223 :
1166 2199 1240 2223 non
1262 2198 1376 2223 causa
1401 2198 1505 2223 vanae
1529 2186 1792 2230 simulationis,

1023 2234 1119 2270 sicut
1142 2234 1364 2281 hypocritae3
1391 2245 1467 2270 non
1489 2244 1602 2270 causa
1627 2236 1793 2270 ostenta-

1022 2281 1134 2317 tionis
1161 2285 1197 2318 et
1224 2281 1344 2317 inanis
1372 2281 1514 2327 gloriae,
1535 2280 1628 2317 sicut
1653 2280 1706 2316 illi
1730 2279 1793 2327 qui

1024 2339 1062 2365 se
1080 2331 1218 2365 ornant
1242 2328 1282 2364 in
1308 2328 1472 2365 vestibus
1492 2331 1528 2364 et
1551 2327 1646 2372 aliis,
1667 2330 1708 2364 ut
1727 2338 1793 2373 ap-

1022 2378 1181 2422 pareant
1200 2375 1416 2412 hominibus
1432 2387 1440 2420 ;
1467 2386 1541 2411 non
1554 2385 1666 2411 causa
1684 2374 1793 2411 lasci-

1023 2423 1106 2467 viae,
1127 2423 1221 2458 sicut
1253 2422 1315 2468 qui
1345 2422 1484 2459 vadunt
1515 2422 1561 2458 ad
1583 2421 1793 2466 ecclesiam,

1023 2470 1072 2506 ad
1090 2469 1291 2506 videndum
1326 2469 1502 2505 mulieres
1533 2469 1589 2505 vel
1615 2468 1730 2513 viros,
1753 2471 1796 2505 ut

1024 2520 1061 2553 et
1083 2516 1348 2563 concupiscant
1380 2519 1417 2552 et
1455 2515 1791 2562 concupiscantur3

1025 2574 1102 2599 non
1134 2574 1246 2600 causa
1274 2563 1448 2599 vanitatis
1474 2566 1510 2599 et
1543 2562 1679 2606 solatii,
1699 2561 1796 2598 sicut

1026 2611 1088 2656 qui
1116 2611 1255 2647 vadunt
1286 2610 1333 2646 ad
1366 2610 1575 2653 ecclesiam,
1599 2612 1639 2645 ut
1663 2612 1795 2645 vacent

1025 2657 1132 2693 vanis
1166 2657 1375 2703 colloquiis,
1405 2656 1608 2700 cachinnis,
1636 2659 1672 2692 et
1705 2655 1795 2692 levi-

1025 2704 1186 2748 tatibus;
1208 2715 1284 2740 non
1315 2715 1429 2740 causa
1456 2707 1621 2749 quaestus
1650 2706 1687 2739 et
1712 2713 1797 2739 ava-

1026 2750 1136 2796 ritiae,
1158 2752 1253 2788 sicut
1272 2751 1396 2787 clerici
1418 2751 1479 2797 qui
1503 2750 1644 2786 vadunt
1665 2750 1712 2786 ad
1736 2761 1795 2786 ec-
