1897 3167
297 175 348 209 DE
385 172 556 209 SALUTE
593 172 778 206 GENERIS
818 172 1004 210 nt'MANi,
1045 173 1094 205 ET
1131 171 1387 205 NATlVlTATE
1426 171 1594 204 Mitnlffi.
1732 172 1768 205 17

123 265 172 272 —
205 246 249 282 Et
282 254 328 280 ne
363 244 472 286 forte,
499 252 567 288 per
595 239 848 286 ignorantiam
879 243 914 275 et

125 291 449 339 ingratitudinem,
489 291 594 325 tanta
634 287 700 323 Dei
745 287 914 332 dignatio

127 342 266 376 nostrae
287 336 397 374 saluti
418 337 514 372 soret
535 335 722 380 inefficax,
745 334 781 370 in
805 333 912 380 quin-

124 396 197 433 que
215 386 325 431 hujus
346 383 460 420 seculi
479 382 654 419 aetatibus
673 393 740 429 per
753 381 914 418 Patriar-

125 433 229 477 chas,
259 431 423 476 Judices,
458 430 688 472 sacerdotes,
727 439 849 475 regeS,
878 432 913 465 et

126 480 347 526 Prophetas,
380 479 427 515 ab
465 477 558 514 Abel
592 477 694 522 justo
722 487 839 523 usque
866 476 912 512 ad

120 528 306 563 Joannem
336 524 559 579 Baptistam,
583 524 665 560 Filii
693 524 747 560 sui
772 523 912 560 adven-

121 577 201 611 tum
241 576 520 620 repromittere,
561 571 833 618 praenuntiare,
878 575 914 607 et

118 620 366 668 praefigurare
384 631 461 656 non
479 619 621 656 destitit
638 622 699 656 :ut
715 629 783 665 per
798 618 914 654 multa

123 667 240 704 millia
259 671 469 715 temporum
491 670 527 704 et
547 677 749 710 annorum,
769 665 914 711 magnis

118 719 160 752 et
196 715 311 752 variis
349 713 608 760 multiplicatis
647 713 811 750 oraculis
841 725 847 749 :
877 717 913 748 et

124 762 392 808 intelligentias
418 766 567 798 nostras
586 761 634 797 ad
656 761 770 797 fidem
791 760 912 805 erige-

125 813 195 854 ret,
234 814 270 846 et
307 809 476 853 affectus,
513 819 580 855 per
609 808 726 844 nimia
760 811 796 844 et
830 807 914 843 viia

118 857 326 900 desideria,
347 857 613 892 inflammaret.
638 856 743 892 Unde
769 855 820 891 ait
846 857 913 891 Leo

125 906 226 951 Papa
265 916 273 940 :
313 919 331 937 «
364 905 518 941 Cessent
549 903 700 940 illorum
734 903 911 949 querelae,

122 963 206 999 quae
223 951 269 988 de
289 951 494 988 Dominicae
513 950 720 987 nativitatis
736 950 913 986 tarditate

121 1003 341 1043 causantur,
365 1003 558 1044 tamquam
584 997 786 1045 praeteritis
818 1001 912 1033 tem—

122 1046 280 1093 poribus
306 1057 381 1082 non
410 1045 457 1081 sit
485 1046 712 1092 impensum,
742 1045 841 1091 quod
876 1044 913 1080 in

122 1093 255 1130 ultima
273 1092 403 1129 mundi
421 1097 532 1130 aetate
552 1093 599 1129 sit
618 1096 779 1138 gestum.
801 1091 913 1128 Verbi

126 1141 338 1177 incarnatio
358 1141 430 1177 hoc
447 1140 602 1177 contulit
621 1140 794 1176 facienda
815 1140 913 1186 qnod

122 1191 236 1233 sacta,
277 1192 314 1224 et
351 1192 631 1224 sacramentum
675 1187 807 1223 salutis
845 1187 913 1223 hu-

123 1246 244 1273 manae
275 1235 315 1272 in
344 1235 447 1272 nulla
474 1245 654 1281 umquam
690 1234 915 1281 antiquitate

120 1282 296 1320 cessavit.
333 1283 439 1326 Quod
477 1282 777 1329 praedicaverunt
815 1283 914 1327 Apo-

121 1330 224 1374 stoli,
249 1330 321 1366 hoc
343 1330 666 1366 annuntiaverunt
694 1329 912 1374 Prophetae;

124 1388 192 1414 nec
212 1388 297 1414 sero
322 1381 379 1414 est
399 1377 610 1423 impletum,
639 1377 738 1423 quod
765 1387 915 1422 semper

121 1429 177 1461 esi
209 1424 407 1461 creditum.
446 1424 637 1471 Sapientia
671 1434 759 1460 vero
794 1428 831 1459 et
855 1424 915 1459 be-

124 1472 288 1520 nignitas
327 1471 407 1515 Dei,
450 1473 520 1508 hac
563 1470 745 1507 salutiferi
788 1470 914 1516 operis

124 1530 243 1562 mora,
272 1519 489 1565 capaciores
515 1529 584 1554 nos
606 1529 682 1554 suae
703 1517 912 1554 vocationis

118 1567 261 1612 effecit,
300 1570 341 1603 ut
377 1566 477 1612 quod
529 1564 656 1601 multis
698 1565 827 1611 signis,
869 1576 911 1601 ac

121 1614 248 1650 multis
281 1613 448 1657 vocibus,
484 1613 687 1659 multisque
723 1612 912 1659 mysteriis

118 1672 187 1708 per
214 1664 269 1698 tot
299 1660 422 1697 fuerat
453 1660 578 1697 secula
611 1660 838 1703 nuntiatum,
874 1660 911 1696 in

116 1708 178 1746 his
200 1707 394 1755 Evangelii
414 1708 549 1745 diebus
573 1719 648 1744 non
673 1712 772 1744 esset
791 1707 911 1744 ambi-

116 1766 260 1803 guum;
297 1760 333 1792 et
364 1755 542 1792 nativitas
573 1755 779 1792 Salvatoris
805 1759 910 1791 tanto

119 1803 416 1840 constantiorem
472 1803 511 1839 in
570 1803 678 1839 nobis
738 1802 911 1849 gigneret

120 1851 251 1896 fidem,
291 1855 433 1898 quanto
483 1850 704 1897 praedicatio
753 1851 834 1897 ejus
875 1854 911 1886 et

117 1898 310 1945 antiquior
346 1898 615 1945 praecessisset,
656 1902 691 1934 et
728 1897 907 1934 crebrior.

119 1947 201 1982 Non
219 1946 346 1992 itaque
367 1956 464 1981 novo
485 1945 642 1982 consilio
664 1947 761 1982 Deus
782 1946 912 1981 hnma-

120 1993 180 2030 nis
198 1994 326 2037 rebus,
348 2004 417 2029 nee
440 2004 525 2029 sera
556 1993 800 2030 miseratione
821 2004 909 2029 con-

119 2040 260 2085 suluit,
301 2040 367 2077 sed
406 2051 429 2077 a
469 2040 737 2078 constitutione
779 2040 908 2076 muudi

118 2098 233 2125 unam
269 2088 518 2135 eamdemque
553 2088 727 2124 omnibus
756 2098 909 2124 causam

116 2135 250 2172 salutis
270 2135 443 2172 instituit.
466 2135 594 2172 Gratia
613 2135 712 2172 enim
734 2135 814 2179 Dei,
837 2146 911 2182 qua

116 2193 270 2230 semper
316 2187 374 2220 est
424 2183 652 2220 universitas
703 2183 911 2229 justificata

119 2231 357 2275 Sanctorum,
396 2235 507 2268 aucta
543 2234 614 2275 est,
654 2230 801 2267 Christo
844 2241 910 2267 na-

118 2281 266 2322 scente,
297 2289 372 2315 non
399 2284 541 2326 coepta;
576 2283 612 2314 et
635 2279 706 2314 hoc
733 2289 911 2324 magnum

119 2325 270 2372 pietatis
323 2330 615 2370 sacramentum,
661 2329 738 2361 tam
777 2330 912 2372 potens

117 2372 234 2409 etiam
273 2373 311 2409 in
349 2372 425 2409 suis
461 2372 800 2421 significationibus
828 2373 910 2416 suit,

122 2423 162 2456 ut
196 2430 275 2456 non
303 2420 429 2456 minus
457 2420 584 2468 adepti
608 2421 694 2463 sint,
727 2420 789 2466 qui
820 2420 912 2457 illud

120 2467 316 2504 credidere
342 2467 584 2514 promissum,
607 2478 720 2514 quam
744 2467 806 2514 qui
828 2479 911 2505 sus-

120 2525 256 2561 cepere
271 2514 453 2552 donatum
477 2527 485 2551 :
509 2530 527 2548 »
545 2516 624 2552 haec
641 2517 710 2551 Leo
731 2514 844 2562 Papa.

169 2565 190 2597 5
209 2562 284 2600 CUR
301 2563 476 2599 CnmsTts
496 2575 562 2599 NEC
578 2574 678 2599 Pnlcs
699 2575 764 2599 NEC
784 2575 911 2599 POSTR-

122 2621 201 2646 mcs
228 2610 412 2646 vexetur?
436 2631 482 2636 —
508 2612 551 2647 Et
583 2614 684 2654 nota,
706 2611 911 2647 secundum

122 2658 386 2702 Auyuscinum,
401 2658 504 2705 quod
524 2657 694 2695 Christus
712 2669 788 2694 non
807 2658 911 2704 prius

122 2704 237 2757 venit,
266 2704 337 2742 nisi
367 2706 480 2742 homo
513 2706 559 2742 de
586 2705 667 2752 lege
689 2705 850 2742 naturali
875 2709 911 2742 et

121 2756 261 2805 scripta
290 2752 395 2799 prius
428 2753 735 2796 convinceretur;
764 2752 851 2799 quia
879 2752 908 2788 si

121 2799 294 2836 Christus
308 2800 434 2836 statim
451 2800 628 2845 venisset,
644 2800 783 2836 diceret
799 2800 911 2836 homo

207 2857 298 2890 Vin
317 2858 405 2891 Just]
423 2859 580 2894 (llinisri.
599 2868 711 2891 rencs
733 2859 760 2890 Ι.

976 240 1075 285 qnod
1116 252 1183 286 per
1223 240 1342 281 lrgcin
1385 241 1592 277 naturalem
1627 241 1765 277 salvari

976 292 1139 333 poterat,
1167 291 1202 322 et
1239 290 1469 332 snper-linunt
1500 289 1670 325 crederet
1700 289 1766 325 ad-

976 337 1128 371 ventum
1151 334 1312 376 Christi;
1336 334 1507 370 ⁴<imiliter
1533 336 1657 372 dicere
1684 339 1767 382 pot-

977 385 1058 417 erat
1086 382 1132 417 de
1168 381 1250 427 lege
1284 381 1435 426 scripta.
1460 384 1545 425 Sed,
1575 387 1768 430 comperto

976 428 1077 475 quod
1116 440 1190 464 non
1230 428 1282 463 sic
1322 429 1457 463 salvari
1491 434 1652 475 poterat,
1684 441 1768 466 cum

977 487 1108 512 omnes
1129 476 1175 511 ad
1198 475 1338 511 inferos
1356 476 1645 521 descenderunt,
1671 489 1769 513 nunc

976 523 1079 559 venit
1117 523 1210 570 ipse,
1251 522 1338 568 quia
1378 526 1463 558 tnnc
1503 528 1582 559 crat
1624 530 1770 570 tempus

978 570 1197 607 miserendi.
1231 571 1274 606 Et
1305 570 1409 616 prius
1440 570 1569 606 venire
1599 582 1674 607 non
1703 571 1770 607 l'uit

977 628 1145 661 necesse,
1181 617 1269 664 quia
1292 628 1367 653 non
1399 618 1551 661 prodest
1583 618 1769 654 medicina

977 665 1183 712 spiritualis
1221 665 1303 700 sine
1350 665 1486 700 affectu
1530 664 1769 711 recipientis;

978 724 1046 749 nec
1071 711 1258 759 posterius
1285 712 1400 755 venit,
1423 723 1468 747 ne
1493 712 1587 747 fides
1613 716 1648 748 et
1670 723 1769 758 spes,

978 772 1020 797 ex
1048 759 1233 806 promissa
1260 759 1539 803 Incarnatione,
1569 759 1737 806 perirent
1760 771 1768 795 :

977 808 1007 843 si
1045 807 1147 844 enim
1190 807 1377 843 tardasset
1417 806 1561 850 venire,
1601 806 1770 853 quotidie

977 855 1246 898 decrevissent,
1263 858 1299 890 et
1317 853 1537 900 tepuissent.
1557 854 1770 890 Secundum

977 903 1151 939 eumdem
1176 903 1439 946 Αιιραειίηιιιη,
1463 912 1641 947 magnum
1671 901 1770 937 desi-

977 950 1122 987 derium
1140 950 1329 986 habebant
1352 948 1495 993 antiqui
1517 948 1644 984 videre
1666 948 1771 985 Chri-

979 1002 1091 1034 stum.
1109 997 1286 1033 Sciebant
1302 997 1402 1032 enim
1421 996 1525 1032 illum
1547 1006 1630 1032 esse
1645 999 1775 1032 ventu-

979 1056 1081 1088 ru1n3
1121 1049 1157 1081 et
1196 1055 1271 1079 non
1310 1044 1432 1079 solum
1470 1043 1699 1080 Patriarchae
1737 1047 1774 1079 et

980 1094 1194 1138 Prophetae,
1230 1091 1294 1127 sed
1319 1091 1433 1127 etiam
1461 1101 1594 1127 omnes
1625 1090 1687 1137 qui
1713 1091 1774 1138 pie

979 1141 1170 1183 vivebant,
1198 1139 1457 1174 desiderantes
1490 1138 1664 1174 dicebant
1689 1150 1696 1174 :
1729 1139 1772 1182 O,

980 1188 1008 1223 si
1032 1187 1091 1223 hic
1112 1198 1172 1223 me
1192 1186 1359 1222 inveniet
1376 1186 1439 1222 illa
1457 1186 1649 1222 nativitas!
1670 1185 1773 1229 O,si,

980 1235 1080 1281 quod
1112 1234 1239 1277 credo,
1272 1233 1408 1269 videbo
1441 1233 1558 1269 oculis
1589 1233 1705 1269 meist
1735 1232 1771 1270 Si

979 1293 1070 1328 ergo
1089 1282 1221 1317 fideles
1240 1280 1300 1316 isti
1318 1284 1465 1317 tantum
1488 1280 1771 1324 desiderabant,

979 1334 1131 1376 tamque
1167 1328 1291 1364 devoti
1325 1332 1432 1363 eraut
1469 1327 1618 1364 Christo
1650 1328 1773 1364 adhue

979 1381 1153 1420 venturo,
1203 1375 1291 1421 quid
1336 1375 1549 1411 faciendum
1594 1379 1651 1411 est
1692 1376 1772 1421 Jam

979 1428 1151 1471 suscepto
1167 1423 1184 1458 ἱ)
1205 1423 1277 1459 Sed
1295 1434 1350 1458 vae
1368 1422 1476 1458 nobis
1497 1422 1643 1458 miseris
1660 1423 1773 1468 hujus

979 1470 1152 1507 moderni
1191 1469 1388 1516 temporis,
1416 1469 1479 1515 qui
1520 1480 1589 1505 nec
1625 1473 1772 1506 tantum

978 1518 1166 1555 afficimur
1181 1518 1229 1553 ad
1244 1517 1405 1564 gratiam
1420 1515 1639 1561 exhibitam,
1656 1527 1773 1563 quan-

978 1571 1056 1603 tum
1077 1564 1222 1611 antiqui
1243 1564 1509 1600 alliciebantur
1532 1564 1579 1600 ad
1608 1564 1772 1617 promis·

977 1614 1080 1650 sami
1106 1614 1210 1649 Unde
1230 1612 1466 1648 Bernartius:
1491 1625 1509 1643 «
1534 1611 1770 1648 Deslderium

977 1659 1247 1708 suspirantium
1269 1658 1402 1697 Christi
1428 1658 1670 1705 praesentiam
1694 1659 1769 1695 sre-

976 1707 1223 1755 ‹1uentissime
1274 1706 1488 1753 recogitans
1536 1717 1772 1753 compungor

975 1761 1012 1793 et
1043 1755 1252 1792 confundor
1280 1754 1319 1790 in
1346 1753 1582 1800 memetipse,
1611 1758 1646 1790 et
1672 1765 1770 1790 nunc

975 1804 1033 1839 vix
1086 1802 1260 1839 contineo
1311 1802 1511 1848 lacrymas,
1555 1801 1606 1837 ita
1658 1802 1771 1848 pudet

975 1850 1117 1898 teporis
1134 1849 1374 1897 torporisque
1390 1848 1662 1885 miserabilium
1681 1853 1773 1885 teni-

975 1909 1109 1946 porum
1134 1899 1284 1933 horum.
1313 1896 1378 1934 Cui
1410 1907 1573 1943 namque
1599 1900 1771 1932 nostrum

975 1950 1119 1983 tantum
1141 1945 1291 1992 ingerat
1312 1944 1491 1991 gaudium
1506 1945 1618 1990 hujus
1639 1943 1771 1990 gratia—¹

975 1993 1168 2037 exhibitio,
1182 1996 1363 2039 quantum
1380 1992 1606 2028 accenderat
1621 1995 1771 2028 veteres

974 2041 1187 2077 desiderata
1234 2040 1314 2076 sola
1361 2038 1592 2087 promissio?
1630 2053 1648 2071 »
1690 2039 1770 2075 ἰπὶ-ο

973 2088 1195 2126 Ber-nardus.

1023 2140 1043 2180 4
1063 2137 1233 2173 Jcsrmffi
1262 2145 1304 2170 ET
1331 2146 1588 2170 msi-:mconnmz
1614 2146 1770 2170 coxTr-:x-

975 2197 1046 2219 τω.
1088 2204 1134 2210 —
1168 2184 1258 2219 Cum
1298 2181 1413 2227 igitur
1446 2192 1513 2229 per
1550 2181 1772 2229 longissima

976 2237 1149 2278 tempora
1174 2230 1275 2266 circa
1305 2229 1467 2275 spatium
1495 2229 1660 2276 quinque
1687 2229 1771 2264 mil-

977 2279 1068 2315 lium
1109 2281 1146 2315 et
1185 2278 1262 2313 sere
1299 2277 1546 2313 ducentorum
1583 2286 1771 2313 annorum

977 2325 1246 2363 miserabiliter
1259 2325 1404 2370 jaceret
1418 2335 1533 2370 genus
1551 2325 1772 2366 humanum,

977 2378 1014 2410 et
1051 2374 1176 2410 nullus
1214 2376 1370 2419 propter
1414 2376 1611 2419 peccatum
1659 2370 1772 2418 primi

978 2420 1141 2458 hominis
1185 2420 1234 2456 ad
1278 2423 1460 2456 aeternam
1499 2418 1772 2456 beatitudinem

977 2468 1183 2506 ascendere
1216 2471 1368 2520 posset;
1410 2467 1457 2503 ad
1486 2467 1650 2514 primum
1684 2466 1773 2501 bea-

979 2515 1112 2552 tissimi
1141 2514 1295 2561 spiritus
1321 2514 1594 2561 compatientes
1621 2513 1774 2549 tandem

978 2563 1113 2607 ruinae,
1125 2574 1168 2599 ac
1181 2562 1227 2598 de
1238 2573 1306 2598 sua
1318 2562 1467 2598 solliciti
1482 2559 1773 2602 restauratione,

979 2611 1065 2647 licet
1086 2610 1227 2657 pluries
1246 2613 1374 2654 antea,
1395 2614 1522 2646 tamen
1543 2606 1773 2644 adveniente

979 2657 1213 2705 plenitudine
1252 2657 1448 2703 temporis,
1494 2654 1698 2692 instantius
1735 2657 1772 2690 et

976 2705 1149 2742 devotius
1182 2705 1340 2741 Domino
1367 2704 1637 2750 supplicavere.
1666 2701 1771 2737 Unde

978 2752 1238 2789 misericordia
1266 2753 1438 2799 pulsabat
1461 2751 1604 2786 viscera
1633 2747 1771 2792 Patris,

981 2805 1017 2837 ut
1041 2799 1270 2844 subveniret,
1293 2810 1420 2835 secum
1448 2799 1592 2834 habens
1617 2806 1770 2844 paceui;

1628 2855 1644 2874 -τ

1630 2879 1645 2886 s
