1902 3126
123 154 182 188 230
602 149 751 182 PRIMAE
787 149 946 184 PARTIS
983 148 1123 182 CAPUT
1161 147 1276 180 XXVI

129 220 285 267 templi;
317 218 406 264 quia
430 217 645 254 humanitas
669 217 803 255 Christi
825 222 905 254 erat

131 267 292 314 speciale
342 265 595 302 habitaculum
653 265 769 311 ipsius
824 265 903 301 Dei.

131 314 323 359 Templum
343 313 441 348 enim
461 312 610 356 dicitur,
645 311 683 347 in
710 323 782 358 quo
805 313 905 348 Deus

127 361 313 397 inhabitat
341 372 348 394 :
373 364 406 395 et
429 359 515 404 quia
535 358 574 394 in
595 370 750 405 corpore
769 359 903 396 Christi

126 409 301 445 divinitas
318 405 610 449 inhabitat‚ide0
626 417 760 452 corpus
777 406 904 443 Chris-

126 455 155 491 ti
178 455 356 500 templum
374 454 453 496 Dei,
474 464 549 489 non
561 453 678 489 solum
699 454 904 489 svcundum

136 502 315 545 animam,
327 501 391 536 sed
407 501 518 536 etiam
535 501 736 536 secundum
755 510 902 546 corpus,

127 549 274 585 dicitur.
317 549 389 583 Nec
430 546 607 583 Dominus
650 548 718 583 hoc
757 547 905 583 dicebat

129 596 365 642 imperando,
385 594 442 631 vel
468 594 713 637 consulendo,
736 595 792 629 vel
817 596 904 629 hor-

129 647 265 685 tando;
283 643 346 679 sed
368 642 404 677 id
423 642 521 687 quod
539 641 670 677 facturi
690 645 794 677 erant
814 651 906 686 pra*-

131 690 290 726 dicendo
311 693 345 725 et
367 689 625 725 denuntiando
653 700 660 723 :
697 700 769 723 non
804 686 902 722 enim

129 741 185 774 est
206 738 359 772 verbum
382 736 611 771 inductivum
626 736 671 771 ad
690 736 758 770 hoc
773 734 908 770 lacien-

131 785 234 825 dum,
257 794 341 819 cum
368 784 434 818 suit
461 782 681 828 simpliciter
703 782 840 817 malum
864 790 906 814 ex

128 835 236 878 parte
253 832 491 874 Juda’orum,
514 829 680 865 Christus
692 833 815 864 autem
834 838 906 862 non

130 882 276 925 poterat
305 878 482 912 inducere
504 876 549 911 ad
573 876 711 911 malum
732 887 739 918 3
766 876 828 909 sed
853 876 908 907 est

129 926 285 961 verbum
307 922 605 959 (leuuntiativum
621 921 808 967 eJ'usquod
829 923 909 955 erat

128 983 196 1019 per
212 972 311 1017 ipsos
326 971 604 1013 fiendum,quo,
623 968 801 1013 hocquod
822 967 909 1003 ass'e-

131 1020 296 1056 ctabant,
316 1019 549 1051 demonstrat
565 1026 635 1050 non
654 1026 735 1050 esse
757 1015 911 1050 abscon-

138 1063 395 1106 ditum.Quasi
417 1062 555 1097 diceret
580 1074 588 1096 z
612 1062 763 1105 Solvite,
782 1062 816 1097 id
840 1065 909 1098 cst.

134 1111 286 1148 solvetis
305 1122 312 1152 ;
352 1109 439 1155 quia
473 1109 512 1144 in
556 1109 735 1145 Passione
775 1108 910 1145 Christi

132 1158 260 1195 anima
286 1156 352 1193 suit
374 1157 495 1192 soluta
519 1167 541 1192 a
564 1167 734 1201 corpore,
763 1160 799 1191 et
820 1167 902 1191 san-

133 1205 216 1252 guis
237 1216 258 1241 a
279 1215 406 1247 carne,
429 1208 464 1239 et
484 1203 708 1239 continuitas
727 1204 912 1239 membro-

132 1263 217 1288 rum
244 1251 281 1287 in
303 1251 440 1287 fixione
471 1251 660 1286 clavorum
682 1254 717 1286 et
742 1251 881 1286 lanceae
902 1261 910 1293 ;

132 1302 169 1335 et
183 1309 253 1345 ego
271 1298 409 1334 virtute
430 1298 467 1333 in
488 1308 548 1333 me
569 1298 719 1333 latentis
738 1298 908 1333 divinita-

134 1346 184 1382 tis
226 1345 409 1389 excitabo,
441 1346 544 1390 quasi
577 1356 599 1380 a
635 1355 780 1389 somno,
821 1344 913 1379 illud

133 1393 313 1439 templum
341 1403 408 1439 per
433 1403 499 1428 x‘os
529 1392 766 1428 dissolutum.
804 1391 913 1427 Dedit

133 1451 222 1487 ergo
256 1440 310 1475 eis
332 1450 477 1486 signum
505 1438 791 1475 resurrectionis
812 1440 911 1474 lutu-

132 1498 231 1531 rum,
259 1487 347 1533 quia
385 1487 424 1523 in
455 1487 525 1522 hoc
550 1486 710 1522 maxime
745 1486 915 1532 potentia

135 1538 173 1571 et
190 1534 308 1570 virtus
328 1533 536 1570 divinitatis
562 1535 643 1579 ejus
664 1533 875 1569 ostenditur
904 1543 911 1567 z

136 1593 210 1618 non
233 1581 332 1617 enim
366 1580 448 1626 puri
478 1580 643 1616 hominis
674 1584 742 1623 est,
770 1584 807 1615 ut
833 1590 872 1615 se
894 1590 916 1615 a

136 1628 295 1664 mortuis
319 1628 510 1671 excitaret,
533 1628 597 1663 sed
623 1628 723 1663 solus
745 1627 914 1663 Christus

139 1675 199 1721 qui
222 1675 320 1710 inter
340 1679 509 1709 mortuos
532 1674 628 1709 liber
651 1674 731 1717 luit,
760 1676 830 1709 hoc
854 1685 917 1719 po-

137 1721 256 1758 tentia
276 1726 311 1757 et
331 1721 467 1756 virtute
489 1721 694 1756 divinitatis
716 1732 791 1756 suae
815 1721 912 1756 lecit.

138 1771 215 1806 Hoc
240 1769 350 1803 etiam
374 1768 442 1803 suit
461 1768 606 1813 signum
625 1768 857 1813 poenitentia·
880 1772 915 1803 et

140 1815 387 1858 remissionis,
416 1816 515 1859 quod
556 1816 676 1850 solum
704 1815 913 1861 ‘peccatori-

142 1864 213 1900 bus
233 1863 480 1908 competebat.
505 1864 546 1897 Et
569 1862 655 1907 quia
670 1862 771 1897 dedit
796 1862 849 1897 eis
871 1864 917 1897 si-

141 1921 254 1955 gnum
275 1910 312 1944 in
335 1910 469 1952 figura,
490 1920 629 1944 vocans
650 1920 786 1955 corpus
808 1920 915 1944 suum

138 1957 318 2002 templum
338 1968 346 1999 3
370 1956 453 1991 ideo
475 1955 525 1990 illi
550 1956 718 1991 carnales
746 1957 814 1992 hoc
842 1968 917 1991 non

139 2003 408 2047 intelligentes,
430 2003 494 2038 sed
517 2003 563 2038 de
589 2004 797 2038 inanimato
824 2007 918 2038 tem-

140 2051 203 2097 plo
223 2061 306 2085 eum
329 2051 398 2085 hoc
420 2050 546 2085 dicere
569 2054 757 2096 putantes,
777 2051 921 2086 deride-

142 2099 233 2134 bant
250 2108 349 2140 eum,
364 2101 400 2132 et
420 2097 595 2133 volebant
609 2108 766 2142 arguere
781 2098 921 2133 dictum

146 2155 252 2180 suum
277 2155 345 2189 per
376 2144 571 2180 materiale
596 2145 797 2190 templurn3
822 2146 924 2180 cluce-

141 2195 227 2226 rzmt
252 2202 333 2234 crya
354 2192 472 2226 Juclaez·
495 2204 505 2226 .·
533 2193 787 2235 Quadraginta
808 2197 841 2227 et
858 2204 922 2227 sea*

144 2240 252 2273 annis
274 2239 491 2282 adme-atum
512 2244 563 2273 cst
590 2241 760 2284 templum
783 2241 862 2280 hoc,
885 2239 923 2275 id
956 2235 958 2245 ”

147 2288 204 2321 est
223 2285 508 2328 reaedificatum,
527 2290 560 2320 et
578 2289 629 2327 ta,
652 2289 690 2320 in
708 2287 825 2321 tribas
847 2288 924 2322 die-

151 2332 214 2367 bus
253 2332 431 2366 coecz‘tabis
470 2333 564 2367 illud
580 2334 598 2366 ἶ)
634 2334 710 2368 Hoc
750 2334 926 2369 dixerunt

149 2378 368 2421 deridendo,
401 2378 506 2423 quasi
547 2383 645 2414 esset
676 2379 923 2426 impossihile,

146 2428 182 2461 et
199 2426 316 2461 multo
338 2425 421 2471 plus
442 2425 674 2467 derisissent,
698 2427 726 2462 si
754 2439 923 2464 resurre-

149 2473 310 2508 ctionem
333 2472 391 2508 sui
424 2472 592 2519 corporis
614 2473 808 2510 manifeste
829 2486 925 2521 prae-

149 2519 328 2563 dixisset;
352 2519 439 2565 quia
467 2519 656 2555 difficilius
683 2524 738 2555 est
771 2523 927 2558 resusci-

151 2569 232 2602 tare
266 2571 470 2611 mortuum,
495 2577 605 2613 quam
639 2568 826 2604 aedificare
854 2571 927 2606 tale
958 2574 960 2607 ὲ

152 2613 346 2660 templum.
368 2615 410 2649 Et
432 2625 505 2650 non
532 2614 738 2659 loquuntur
762 2616 808 2651 de
829 2620 925 2652 tem-

151 2661 214 2706 plo
237 2664 333 2697 tacto
360 2672 427 2707 per
448 2661 701 2705 Salomonem,
729 2662 814 2706 quia
835 2663 928 2699 illud

150 2709 221 2743 fuit
250 2708 474 2744 aediticatum
511 2708 549 2744 in
578 2712 719 2754 septem
747 2709 868 2753 annis,
891 2714 928 2746 et

153 2755 373 2801 perfectum,
389 2759 425 2791 et
445 2758 577 2802 postea
595 2766 663 2802 per
680 2756 927 2793 Nabuchodo-

980 227 1094 253 nosor
1111 217 1386 259 desctructum3
1403 215 1468 251 sed
1488 216 1691 261 loquuntur
1706 215 1754 252 de

983 265 1122 311 templo
1141 263 1371 299 reaedificato
1397 273 1465 308 per
1497 262 1702 298 Zorobabel
1723 264 1762 299 et

981 311 1217 353 Nehemiam,
1245 314 1329 357 post
1356 310 1609 356 captivitatem
1642 309 1763 356 Baby-

982 360 1161 402 lonicam,
1185 358 1283 403 quod
1302 358 1441 393 factum
1456 356 1521 392 suit
1543 356 1579 391 in
1599 356 1760 401 quadra-

981 407 1088 452 ginta
1111 417 1172 442 sex
1189 405 1313 448 aunis,
1334 410 1535 449 antequam
1558 403 1762 449 complere-

982 459 1057 497 tur,
1073 452 1233 488 inimicis
1254 451 1540 498 prohibentibus
1557 462 1565 493 ;
1583 450 1671 495 quia
1691 451 1757 486 Ju-

981 501 1051 536 daei
1092 499 1392 546 impediebantur
1435 499 1472 534 in
1511 495 1757 534 aedificatione

985 547 1114 593 templi
1131 558 1152 582 a
1169 546 1385 582 nationibus
1400 547 1435 581 in
1454 548 1609 581 circuitu
1629 553 1758 580 eorum

982 598 1069 630 tunc
1090 593 1343 629 existentibus.

1029 657 1048 687 7
1067 642 1250 677 SlGNORUM
1268 651 1428 675 maximum
1444 651 1582 675 macno
1598 650 1759 675 viannN-

983 700 1066 724 'NCM
1090 700 1134 722 DE
1157 697 1306 722 TEMPLO.
1329 707 1371 711 —
1392 687 1501 721 Multi
1523 691 1647 722 autern
1671 689 1759 721 tuuc

984 736 1228 774 crediderant,
1240 733 1277 768 id
1293 735 1350 768 est
1361 734 1512 768 credere
1525 733 1757 779 inceperunt,

983 785 1022 817 in
1044 783 1185 816 nomine
1206 780 1297 825 ejus,
1319 779 1356 815 id
1383 783 1437 815 est
1461 779 1499 814 in
1525 790 1601 815 suae
1624 778 1761 815 divini-

985 828 1072 864 tatis
1093 827 1300 870 notamine,
1315 827 1419 872 cujus
1442 830 1569 862 notam
1591 825 1677 862 fecit
1695 835 1763 872 per

986 876 1092 922 signa
1114 887 1121 910 :
1147 878 1180 910 et
1204 875 1288 909 ideo
1313 873 1504 919 sequitur,
1526 874 1688 908 ridentes
1708 873 1760 908 si-

985 935 1057 966 gma
1074 934 1152 968 quae
1167 922 1340 965 faciebat.
1364 921 1466 957 L'nde
1487 924 1589 966 patet
1606 919 1706 966 quod
1723 918 1763 955 in

987 971 1062 1006 fide
1089 970 1210 1005 adhuc
1237 968 1450 1004 confirmati
1482 979 1555 1003 non
1585 967 1759 1010 suerunt;

987 1018 1073 1063 quia
1089 1016 1207 1061 magis
1224 1015 1353 1061 signis,
1370 1025 1481 1060 quam
1503 1025 1543 1050 ex
1565 1013 1764 1050 devotione

987 1064 1238 1100 crediderunt.
1254 1065 1357 1098 Jesus
1377 1067 1496 1098 autem
1514 1073 1584 1097 non
1599 1061 1765 1096 credebat

986 1124 1022 1147 se
1049 1114 1113 1154 eis,
1135 1122 1173 1146 eo
1205 1111 1302 1156 qaod
1330 1112 1407 1156 ipse
1432 1113 1550 1145 nosset
1577 1118 1709 1149 omnes,
1731 1109 1765 1142 et

987 1160 1122 1194 sciebat
1149 1159 1240 1203 qaid
1275 1161 1364 1193 esset
1397 1159 1437 1192 in
1470 1158 1622 1191 homine.
1662 1154 1766 1191 Scire

988 1207 1087 1242 enim
1109 1216 1153 1241 ea
1171 1216 1252 1250 quae
1269 1208 1353 1240 sunt
1370 1204 1408 1239 in
1428 1204 1540 1239 corde
1554 1201 1763 1245 hominum,

989 1253 1106 1289 solius
1134 1252 1201 1288 Dei
1229 1256 1299 1294 est,
1325 1251 1389 1297 qui
1416 1251 1517 1286 solus
1543 1250 1656 1285 corda
1684 1249 1765 1295 pla-

989 1299 1125 1336 smavit
1143 1311 1150 1334 :
1168 1303 1204 1334 et
1222 1298 1306 1334 ideo
1327 1298 1433 1334 scivit
1453 1297 1551 1343 quod
1572 1295 1767 1332 instabiles

990 1351 1110 1390 erant,
1128 1350 1164 1382 et
1184 1345 1222 1381 in
1243 1350 1412 1391 tempore
1430 1343 1649 1380 tentationis
1669 1353 1769 1378 rece-

990 1396 1136 1430 derent.
1173 1394 1429 1439 Quapropter,
1462 1396 1502 1427 ut
1535 1390 1624 1426 dicit
1655 1390 1767 1431 Beda,

990 1452 1200 1484 monemur,
1217 1444 1257 1476 ut
1268 1449 1471 1485 numquam
1487 1439 1531 1474 de
1546 1440 1675 1473 nostra
1685 1446 1770 1472 con-

993 1488 1151 1524 scientia
1167 1487 1284 1523 securi
1304 1486 1512 1530 simus,st
1528 1495 1677 1531 semper
1693 1483 1770 1519 sol-

992 1535 1083 1571 liciti
1096 1535 1341 1574 formidemus
1354 1545 1361 1577 ;
1375 1535 1461 1579 quia
1474 1533 1572 1579 quod
1587 1531 1767 1575 noslatet‚

993 1587 1175 1618 aeternum
1196 1581 1385 1617 Arbitrum
1414 1581 1531 1617 latere
1554 1590 1629 1615 non
1655 1578 1766 1614 valet.

992 1629 1192 1666 Dubitatur
1208 1629 1267 1663 hic
1283 1639 1454 1673 quaenam
1476 1627 1582 1673 signa
1598 1625 1771 1661 viderunt

992 1678 1089 1712 sacta
1105 1678 1240 1719 aJesu,
1252 1686 1334 1710 cum
1348 1676 1491 1711 nullum
1507 1676 1673 1719 legamus
1685 1682 1771 1708 eum

992 1729 1080 1759 tunc
1100 1723 1246 1769 signum
1268 1722 1400 1757 secisse
1422 1722 1457 1757 in
1475 1721 1698 1758 Jerusalem.
1714 1719 1771 1756 Ad

994 1770 1091 1816 quod
1131 1773 1251 1815 potest
1282 1768 1354 1804 dici
1388 1780 1463 1804 uno
1498 1768 1633 1812 modo,
1670 1766 1770 1812 quod

993 1818 1111 1853 multa
1127 1817 1234 1861 signa
1249 1817 1346 1851 lacta
1362 1820 1447 1851 sunt
1461 1815 1510 1851 ibi
1528 1819 1614 1851 tunc
1630 1825 1651 1850 a
1664 1815 1769 1858 Jesu,

994 1875 1076 1909 qua:
1097 1865 1156 1899 hic
1178 1875 1253 1899 non
1274 1864 1472 1899 habentur.
1493 1864 1584 1898 Nam
1606 1863 1772 1908 Evange-

994 1912 1087 1947 listae
1116 1911 1233 1946 multa
1260 1910 1423 1946 scienter
1449 1910 1773 1956 praetermiserunt

994 1961 1039 1994 de
1063 1957 1253 1993 miraculis
1273 1957 1424 2001 Christi,
1448 1968 1530 1993 cum
1553 1959 1606 1991 tot
1626 1954 1771 2000 fecerit,

995 2006 1094 2051 quod
1112 2016 1189 2040 non
1209 2009 1359 2057 possent
1375 2003 1485 2040 scribi
1502 2004 1547 2040 de
1564 2002 1675 2039 sacili.
1688 2001 1771 2038 Alio

954 2051 956 2100 ζ
996 2053 1130 2096 modo,
1167 2062 1252 2097 quia
1293 2052 1391 2087 inter
1432 2055 1557 2087 cetera
1591 2049 1774 2086 miracula

954 2112 957 2138 ε
995 2103 1118 2146 potest
1159 2099 1363 2135 maximum
1399 2098 1565 2144 reputari
1607 2097 1772 2143 signum,

996 2147 1096 2192 quod
1118 2157 1201 2182 cum
1224 2146 1372 2191 flagello
1390 2157 1466 2181 uno
1486 2147 1595 2182 Jesus
1615 2146 1662 2180 de
1680 2148 1773 2180 tem-

996 2194 1057 2240 plo
1076 2193 1191 2237 solus,
1214 2197 1249 2229 et
1269 2203 1400 2239 parum
1422 2193 1542 2228 adhuc
1562 2194 1770 2238 reputatus,

997 2240 1148 2287 ejecerit
1175 2240 1450 2276 multitudinem
1478 2239 1685 2275 hominum.
1706 2237 1770 2275 Di-

996 2289 1083 2324 vina
1103 2287 1254 2333 quidem
1276 2287 1394 2323 virtus
1417 2287 1453 2322 in
1480 2286 1543 2322 illo
1565 2287 1662 2321 sacto
1683 2296 1772 2333 ope-

997 2336 1163 2379 rabatur,
1175 2345 1256 2380 quae
1271 2333 1524 2381 apparebatin
1541 2333 1675 2369 effectu
1687 2342 1773 2369 cum

997 2383 1156 2418 volebat.
1182 2383 1323 2429 Corpus
1343 2381 1441 2418 enim
1463 2380 1599 2418 Christi
1619 2382 1699 2416 erat
1719 2379 1773 2416 in-

997 2432 1250 2465 strumentum
1289 2429 1473 2465 divinitati
1509 2429 1770 2474 conjunctunu

998 2481 1034 2512 et
1068 2476 1152 2512 ideo
1190 2476 1342 2522 quidam
1378 2476 1501 2521 fulgor
1531 2475 1704 2511 radiosus
1736 2475 1774 2510 et

997 2523 1180 2559 mirabilis
1219 2523 1483 2570 egrediebatur
1519 2523 1564 2558 de
1599 2521 1703 2558 vultu
1734 2522 1773 2557 et

997 2570 1115 2607 oculis
1136 2571 1229 2617 ejus,
1252 2573 1390 2607 virtute
1411 2569 1539 2606 divina
1562 2580 1625 2605 eos
1645 2568 1772 2604 deter-

958 2642 960 2648 ·
997 2629 1084 2654 rens
1107 2629 1115 2653 ε
1139 2629 1210 2663 quo
1231 2618 1350 2654 territi
1373 2617 1588 2654 sacerdotes
1609 2618 1646 2651 et
1663 2614 1771 2651 Levi-

960 2704 961 2707 ,
997 2669 1059 2709 tae,
1071 2670 1107 2701 et
1121 2665 1197 2709 alii,
1208 2677 1284 2701 non
1297 2666 1498 2707 audebant,
1512 2674 1581 2699 nec
1598 2663 1772 2709 poterant

998 2712 1030 2747 ei
1052 2712 1240 2748 resistere.
1259 2714 1360 2749 Sicut
1378 2716 1413 2748 et
1434 2712 1469 2747 in
1493 2709 1684 2754 Passione,
1702 2719 1773 2746 vox

997 2758 1062 2795 illa
1093 2759 1298 2796 divinitatis
1329 2757 1604 2806 quodammodo
1631 2756 1771 2793 instru-
