1876 3126
516 164 739 200 SEttMoxts
779 164 822 198 lx
857 165 1010 198 MONTE
1050 165 1366 200 CONTINUATIO.
1707 164 1765 199 321

117 238 294 276 diabolus
316 235 355 272 in
387 235 574 272 infernum
603 236 660 270 est
685 233 899 278 detractus3

122 296 198 323 non
218 285 257 321 in
278 283 477 337 sapientia,
500 291 613 327 quam
631 283 812 326 appetens
834 281 901 316 ho-

122 343 183 370 mo
202 331 420 380 paradisum
443 327 618 376 perdidit,
643 327 904 363 immortalita-

120 381 169 417 tis
207 379 388 426 spoliatus
426 375 559 421 gloria.
595 376 771 420 Magnum
812 386 901 418 ergo

120 426 353 481 praeconium
373 422 520 470 pietatis
541 421 737 459 animabus
765 422 903 458 nostris

119 485 171 511 lm
200 472 317 516 rimit,
353 481 435 517 quae
482 480 548 506 nos
586 470 660 505 Deo
691 470 903 506 conformes

120 532 161 558 re
191 520 258 558 dit.
282 518 458 556 Naturale
482 520 538 553 est
558 517 733 553 omnibus
755 517 902 553 anima-

119 569 218 605 libus
238 566 409 613 ejusdem
431 564 565 611 speciei
589 564 636 600 ad
656 563 814 600 invicem
837 564 904 600 ini-

118 613 363 652 sericordiam
411 623 584 655 servare;
627 612 743 648 multo
782 613 901 653 manis

116 663 230 699 homo
253 661 298 698 ad
317 660 520 707 imaginem
549 659 613 695 Dei
639 658 813 695 eomlitns
834 660 901 695 ‹le-

116 710 181 747 bet
206 708 302 746 alter
334 707 441 744 alteri
481 712 673 752 tamquam
701 706 900 749 coimaeini

116 767 194 793 suae
224 755 400 802 compati,
423 758 457 791 ct
481 765 576 790 unus
598 753 752 790 alterius
789 755 900 790 mise-

116 803 212 840 riam
234 802 358 840 cordis
384 812 577 838 assumere
600 801 698 837 velut
724 812 843 843 snam,
865 805 901 837 et

116 851 156 887 in
188 851 260 888 hoc
280 849 451 886 consistit
485 848 581 885 ratio
615 848 898 885 misericordiae.

118 899 171 935 De
191 897 344 946 pietatis
359 896 536 943 operibus
552 896 603 931 sic
622 895 711 932 dicit
727 898 902 939 He'eronys-

116 956 196 982 mus
219 958 230 981 :
256 961 273 976 «
296 943 544 981 Nonmemini
567 954 625 979 me
647 943 783 989 legisse
803 945 901 979 mala

117 995 240 1029 morte
274 995 479 1035 mortuum,
501 990 562 1036 qni
599 990 760 1027 libenter
787 1002 901 1036 opera

114 1039 269 1087 pietatis
287 1038 451 1075 exercuit
471 1050 479 1081 ;
502 1039 614 1073 habet
638 1039 738 1073 enim
761 1038 901 1074 multos

118 1090 402 1130 mtereessores,
424 1089 459 1121 et
480 1084 711 1131 impossibile
731 1088 787 1121 est
809 1086 902 1122 mul-

114 1138 241 1171 torum
261 1144 392 1180 preces
414 1143 486 1168 non
510 1131 690 1169 exaudiri.
714 1146 732 1164 »

164 1195 182 1218 2
205 1182 322 1218 PmMA
343 1192 482 1216 SPECtES
502 1191 778 1215 Mlsssnlconfflffi:
796 1191 899 1215 ALIOS

115 1240 187 1265 NON
215 1240 395 1266 sumemus.
423 1248 468 1254 --
499 1227 642 1264 Deinde
682 1227 786 1273 ponit
824 1230 900 1263 tres

113 1276 260 1324 species
289 1275 575 1318 misericordiae,
598 1285 757 1321 quarum
777 1274 900 1321 prima

113 1323 289 1360 consistit
308 1322 345 1358 in
367 1333 443 1358 non
459 1322 678 1368 judicando.
704 1324 753 1358 ΗΟ
772 1322 900 1358 multis

114 1370 217 1408 enim
238 1370 424 1406 incertum
447 1374 517 1411 est,
541 1380 613 1416 quo
641 1370 766 1405 animo
792 1370 898 1413 fiant,

112 1429 198 1455 eum
217 1417 361 1465 possint
389 1417 549 1464 simplici
580 1417 692 1453 corde
716 1416 813 1460 fieri,
837 1422 900 1453 ant

114 1465 269 1513 duplici,
302 1468 339 1501 et
372 1465 455 1501 ideo
493 1465 590 1501 bene
624 1464 897 1511 subjungitur:

111 1515 234 1553 Nolite
265 1513 452 1558 judicare,
493 1511 635 1548 scilicet
661 1511 815 1558 injuste,
863 1514 899 1548 et

110 1559 315 1598 temerarie
335 1559 380 1596 de
405 1559 593 1607 proximo,
613 1563 645 1595 et
663 1571 733 1595 non
751 1560 900 1605 judica-

113 1610 257 1651 bimini,
279 1607 319 1644 id
348 1610 404 1644 est
433 1618 509 1643 non
541 1607 742 1643 incurretis
765 1617 897 1653 pccca—

111 1660 193 1692 tum
212 1665 282 1702 per
305 1655 405 1700 quod
424 1654 505 1691 sitis
524 1654 627 1701 digni
653 1665 676 1690 a
699 1656 774 1690 Deo
795 1654 897 1699 judi-

112 1702 190 1740 cari
207 1714 216 1747 ;
235 1705 273 1739 et
292 1702 322 1738 si
338 1701 435 1738 forte
450 1702 674 1738 eahumana
693 1701 898 1745 fragilitate

111 1750 310 1797 contingat
343 1759 410 1785 vos
454 1748 661 1796 suspiciose
693 1749 897 1796 judicare,

110 1799 225 1834 nolite
247 1802 376 1833 tamen
403 1797 655 1838 condemnare,
683 1796 722 1833 id
746 1800 802 1833 est
829 1795 897 1833 ali-

112 1855 227 1892 quem
248 1844 404 1891 dignum
427 1844 741 1881 condemnatione
757 1844 896 1889 dicere,

112 1896 147 1929 et
183 1903 255 1929 ηοη
299 1892 647 1932 condemnabimini,
694 1892 837 1928 scilicet
878 1902 900 1928 a

113 1942 190 1977 Deo
207 1950 277 1987 pro
298 1939 369 1975 hoc
388 1943 557 1985 peccato,
580 1940 668 1984 quia
687 1939 824 1985 aliquis
843 1942 900 1975 est

112 1987 226 2024 hodie
258 1985 460 2034 pessimus,
495 1985 557 2032 qui
592 1987 689 2022 forte
720 1997 802 2022 cras
830 1986 902 2022 erit

114 2036 250 2072 bonus.
270 2033 377 2071 Circa
397 2033 496 2070 istud
513 2032 705 2070 sciendum
721 2038 777 2070 est
799 2033 901 2080 quod

110 2081 295 2130 judicium
315 2092 390 2118 uno
415 2081 527 2117 modo
549 2084 605 2117 est
623 2085 727 2117 actus
745 2081 900 2127 justitiae

118 2129 309 2176 pertinens
330 2129 377 2165 ad
405 2128 574 2175 judicem
598 2129 822 2173 secularem,
843 2128 901 2164 vel

115 2176 428 2220 ecclesiasticum,
460 2179 498 2212 et
525 2176 572 2212 de
592 2176 663 2212 hoc
684 2188 757 2212 non
780 2176 901 2223 loqui-

116 2230 179 2262 tur
195 2224 364 2269 hie;alio
382 2224 494 2260 modo
512 2223 900 2271 accipitnrjudicium,

117 2275 230 2320 prout
251 2271 439 2318 aliquibus
463 2271 580 2318 signis
603 2271 741 2318 aliquis
758 2271 904 2318 judicat

118 2320 166 2356 de
191 2319 361 2367 proximo
391 2319 504 2363 male,
541 2322 578 2356 et
614 2320 684 2355 hoe
713 2319 903 2366 prohibet,

121 2367 183 2403 hic
206 2366 335 2403 dicens
370 2377 378 2402 :
428 2368 551 2405 Nolite
567 2367 751 2413 judicare.
778 2367 905 2403 Potest

121 2417 250 2451 autem
295 2413 431 2460 aliquis
469 2414 609 2450 malum
646 2414 818 2460 judicare
859 2414 905 2450 de

122 2462 293 2508 proximo
314 2460 571 2507 multipliciter
593 2473 602 2497 z
624 2472 700 2498 uno
729 2462 840 2497 modo
862 2472 905 2497 ex

124 2508 314 2545 evidentia
335 2508 436 2552 sacti,
451 2511 489 2544 ut
510 2519 593 2545 cum
608 2508 744 2555 aliquis
760 2508 906 2553 judicat

125 2556 288 2603 aliquem
325 2555 566 2600 homicidam,
591 2556 680 2602 quia
708 2556 799 2592 vidit
821 2567 906 2592 eum

125 2603 340 2640 interficere
363 2603 570 2648 bominem,
600 2606 635 2640 et
670 2604 738 2640 hoc
764 2603 907 2640 nullum

126 2654 184 2688 est
208 2654 430 2698 peccatum3
456 2651 530 2687 alio
563 2651 675 2687 modo
708 2661 751 2687 ex
788 2651 907 2698 signis

124 2698 377 2741 evidentibus,
403 2701 443 2734 ut
464 2697 494 2734 si
521 2698 657 2745 aliquis
671 2699 811 2745 judicet
837 2699 906 2735 ali-

128 2756 242 2792 quem
271 2745 554 2790 fornicatorem,
587 2746 676 2792 quia
705 2746 796 2782 vidit
822 2757 906 2783 eum

123 2793 266 2831 nudum
295 2804 378 2830 cuin
408 2794 523 2838 nuda,
551 2794 671 2830 solum
706 2804 789 2830 cum
812 2794 905 2839 sola,

207 2855 302 2891 Vin
323 2856 413 2892 Jnsu
434 2856 592 2898 Cumsrr,
617 2865 731 2892 Tonans
751 2857 782 2892 Ι.

983 238 1019 269 et
1039 234 1110 270 hoc
1122 234 1296 271 similiter
1314 234 1458 271 nullum
1476 237 1532 271 cst
1547 238 1762 281 peccatum;

983 281 1093 317 tertio
1127 283 1237 318 inodo
1265 293 1307 318 ex
1329 281 1445 327 signis
1473 282 1631 319 levibus.
1655 284 1698 318 lit
1724 282 1764 319 in

983 328 1204 373 liocjtnlicio
1224 333 1279 366 est
1295 329 1427 375 triplex
1447 330 1601 375 gradus.
1615 329 1763 366 Primus

982 379 1052 426 est,
1074 376 1224 420 qnando
1259 388 1301 412 ex
1325 377 1469 412 levibus
1496 377 1613 422 signis
1633 376 1765 424 incipit

981 422 1118 467 aliquis
1148 423 1320 459 dubitare
1345 424 1390 460 tle
1421 424 1547 460 fratris
1571 424 1628 460 sni
1649 424 1762 460 boni-

982 472 1083 509 tate,
1111 473 1147 505 ct
1181 471 1249 505 lios:
1276 475 1469 516 peccatum
1507 472 1652 508 veniale
1688 474 1760 516 est,

982 516 1069 561 quia
1088 517 1253 562 procedit
1276 528 1318 553 ex
1339 519 1505 554 lnnnana
1526 518 1760 564 intirmitate,

981 567 1016 599 ct
1039 564 1109 599 hoc
1127 574 1201 599 non
1224 569 1377 600 vocatur
1398 566 1547 611 proprie
1562 566 1760 612 judicium,

981 611 1046 646 sed
1063 610 1240 657 suspicio.
1260 632 1303 637 —
1319 613 1514 648 Secundus
1535 614 1674 657 gradus
1690 616 1760 657 est,

981 659 1133 704 quando
1166 658 1306 695 talibus
1329 659 1447 704 signis
1482 661 1640 696 tirmiter
1662 663 1765 696 tenet

982 707 1017 741 in
1039 705 1165 742 animo
1190 706 1290 751 quod
1329 706 1445 742 frater
1478 707 1525 741 sit
1556 708 1699 750 malus3
1729 710 1769 743 et

981 754 1051 789 hoc
1089 753 1240 799 proprie
1274 752 1411 789 dicitur
1441 753 1641 799 judicium,
1679 753 1767 799 quia

976 800 1159 845 judiciuin
1171 801 1347 847 importat
1362 801 1510 837 firmam
1525 800 1767 844 sententiam,

981 852 1015 883 et
1038 849 1108 884 hoc
1128 852 1184 884 est
1204 852 1397 895 peccatum
1421 849 1596 892 mortale,
1623 849 1651 884 si
1680 858 1762 884 ma-

981 896 1055 931 lum
1074 896 1173 941 quod
1189 895 1333 941 judicat
1351 896 1396 932 de
1419 898 1548 940 l'ratre,
1565 907 1606 932 ex
1622 895 1766 932 levibus

981 942 1114 988 signis,
1129 942 1176 978 sit
1200 943 1395 988 degenere
1415 944 1557 989 peccati
1578 941 1764 986 mortalis,

981 990 1068 1035 quia
1089 994 1143 1025 est
1177 995 1309 1027 contra
1335 991 1572 1027 charitatem.
1605 1012 1647 1016 —
1676 991 1766 1026 Ter-

980 1038 1053 1073 tius
1082 1038 1223 1078 eradus
1255 1042 1324 1081 est,
1357 1039 1506 1084 quando
1543 1049 1586 1074 ex
1620 1037 1767 1074 levibus

980 1084 1098 1130 signis
1125 1096 1200 1120 non
1224 1086 1342 1121 solum
1370 1085 1549 1131 pra-dicto
1573 1086 1684 1122 modo
1702 1085 1766 1130 J'u-

979 1132 1092 1176 dicat,
1115 1132 1179 1167 sed
1204 1132 1317 1168 etiam
1342 1133 1513 1178 procedit
1533 1133 1581 1168 ad
1605 1131 1772 1180 punitio-

979 1190 1064 1215 nem
1104 1179 1247 1223 fratris,
1285 1179 1379 1215 sicut
1412 1180 1458 1216 de
1492 1182 1611 1223 factm
1635 1185 1671 1216 et
1694 1181 1767 1216 hoc

978 1231 1033 1262 est
1049 1226 1215 1273 gravius,
1230 1226 1318 1272 quia
1332 1238 1405 1263 non
1424 1227 1544 1263 solum
1561 1231 1617 1264 est
1633 1232 1767 1264 contra

979 1274 1216 1318 charitatem,
1237 1275 1303 1310 sed
1327 1274 1440 1310 etiam
1462 1280 1594 1311 contra
1609 1275 1767 1321 justitiae

978 1322 1211 1367 inquitatem,
1239 1325 1275 1357 et
1303 1322 1349 1357 de
1379 1322 1517 1358 talibus
1543 1322 1768 1370 intelligitur

978 1370 1134 1405 verbnm
1155 1368 1377 1415 praedictum
1402 1382 1408 1406 :
1432 1371 1555 1406 Nolito
1576 1370 1763 1416 Ᾱαάὶοανε,

979 1421 1048 1452 etc.
1074 1416 1253 1453 Prohibet
1274 1416 1454 1453 Dominus
1476 1428 1522 1453 ne
1542 1421 1684 1454 temere
1703 1419 1766 1465 ju-

978 1464 1146 1500 dicemus
1159 1464 1217 1499 vel
1234 1464 1544 1502 condemnemus.
1560 1465 1646 1501 Mali
1665 1466 1767 1504 enim

979 1511 1152 1547 homines
1177 1522 1275 1558 szepe
1303 1511 1341 1547 in
1374 1512 1512 1548 malam
1544 1514 1767 1560 parteij-

978 1559 1107 1595 dicant
1137 1570 1220 1604 quae
1243 1558 1370 1594 vident
1390 1560 1446 1595 vel
1469 1560 1639 1596 audiunt.
1669 1561 1766 1598 Boni

977 1610 1105 1642 autem
1126 1605 1165 1641 in
1184 1608 1323 1643 bonam
1346 1611 1491 1652 partem
1510 1607 1762 1654 interpretan-

977 1658 1038 1689 tur
1056 1658 1092 1690 et
1114 1664 1191 1689 non
1216 1653 1389 1690 dubitant
1411 1654 1501 1700 quin
1516 1659 1617 1691 recte
1635 1656 1765 1693 onmia

977 1701 1086 1745 fiant,
1113 1702 1188 1738 Deo
1211 1705 1344 1737 cuncta
1362 1701 1419 1737 vel
1441 1705 1541 1738 recte
1566 1707 1764 1749 operante,

977 1749 1034 1785 vel
1053 1749 1154 1795 juste
1174 1748 1429 1796 permittente,
1453 1754 1490 1785 et
1507 1749 1592 1786 ideo
1614 1750 1660 1786 de
1682 1762 1763 1788 om-

978 1795 1092 1832 nibus
1113 1796 1259 1833 lucrum
1281 1796 1434 1833 faciunt.
1458 1797 1563 1833 L‘nde
1587 1797 1687 1834 enim
1712 1798 1766 1835 ait

976 1846 1210 1888 Auqustmus
1234 1857 1245 1880 .·
1269 1858 1287 1877 «
1310 1846 1351 1880 In
1376 1845 1495 1880 tribus
1514 1845 1688 1882 consistit
1708 1857 1768 1882 or-

978 1891 1120 1927 dinatio
1149 1892 1337 1928 bonorum
1375 1891 1415 1927 in
1450 1892 1672 1929 aestimando
1703 1893 1768 1930 bo-

978 1949 1067 1974 num
1100 1938 1147 1974 de
1184 1938 1364 1984 quolibet,
1391 1938 1430 1974 in
1467 1939 1676 1976 exhibendo
1700 1941 1768 1977 bo·
1813 1967 1816 1970 -

979 1996 1068 2022 num
1105 1985 1272 2031 cuilibet,
1302 1985 1340 2021 in
1373 1986 1592 2023 sustinendo
1624 1987 1767 2024 malum

979 2044 1047 2080 pro
1070 2032 1250 2079 quolibet.
1275 2047 1294 2066 »
1324 2033 1429 2069 Unde
1461 2037 1498 2070 et
1520 2035 1731 2071 Bernardus
1754 2048 1765 2071 .-

982 2096 999 2113 (ι
1039 2081 1136 2117 Cave
1175 2080 1311 2117 alienae
1345 2081 1643 2118 conversationis
1683 2093 1767 2119 esse

979 2131 1042 2163 aut
1064 2127 1233 2164 curiosus
1257 2128 1486 2174 explorator,
1514 2132 1579 2165 ant
1598 2133 1764 2166 temera-

981 2175 1056 2211 rius
1075 2175 1202 2222 Judex,
1223 2175 1336 2211 etiam
1355 2175 1384 2212 si
1406 2186 1606 2223 perperam
1637 2181 1764 2214 actum

981 2223 1084 2275 quid·
1111 2223 1402 2269 deprellendas3
1441 2235 1511 2260 nec
1528 2224 1581 2260 sie
1614 2225 1764 2271 judices

982 2280 1208 2317 proximum,
1236 2270 1357 2317 magis
1379 2275 1506 2307 autem
1528 2282 1677 2310 excusa.
1698 2274 1765 2309 Ex-

982 2328 1071 2354 cusa
1092 2317 1351 2363 intentionem,
1374 2318 1404 2355 si
1427 2330 1520 2366 opus
1542 2330 1618 2356 non
1638 2323 1762 2366 potes,

981 2370 1071 2411 puta
1088 2365 1354 2412 ignorantiam,
1367 2370 1458 2413 puta
1470 2367 1762 2413 surreptionem,

982 2416 1072 2460 puta
1099 2423 1239 2450 casum.
1262 2414 1367 2457 Quod
1383 2413 1412 2450 si
1436 2425 1588 2450 omnem
1607 2414 1762 2450 omnino

981 2460 1321 2497 dissimulationem
1333 2461 1385 2498 rei
1401 2462 1586 2498 certitudo
1599 2465 1763 2506 recusat,

982 2508 1096 2544 suade
1118 2507 1362 2545 nihilominus
1387 2509 1465 2555 ipse
1487 2508 1567 2552 tibi,
1593 2513 1630 2545 et
1649 2509 1764 2545 dicito

982 2555 1080 2603 apud
1101 2555 1262 2603 teipsum
1289 2568 1296 2592 :
1322 2557 1533 2593 Vehemens
1558 2555 1627 2592 suit
1652 2556 1764 2592 nimis

982 2603 1165 2647 tentatio;
1188 2604 1276 2650 quid
1298 2604 1344 2640 de
1372 2614 1430 2639 nie
1452 2603 1514 2638 illa
1550 2603 1713 2648 fecisset,
1732 2603 1762 2640 si

981 2650 1187 2698 accepisset
1219 2652 1257 2687 in
1295 2662 1354 2687 me
1393 2650 1566 2686 similiter
1597 2654 1764 2697 potesta-

985 2700 1437 2735 tem?»haecBerm1rdus.
1462 2700 1513 2735 De
1527 2698 1650 2735 dubiis
1673 2709 1764 2746 ergo

978 2746 1164 2793 judicare,
1188 2750 1221 2783 et
1241 2750 1433 2792 suspectos
1446 2745 1552 2792 quasi
1576 2757 1661 2782 reos
1680 2757 1767 2782 con-

983 2795 1176 2832 demnare.
1192 2794 1338 2841 penitus
1361 2793 1506 2841 repellit
1527 2793 1667 2831 anobis
1688 2795 1763 2831 Do-

1643 2856 1683 2891 21
