<?xml version="1.0" encoding="UTF-8"?>
<!DOCTYPE html PUBLIC "-//W3C//DTD XHTML 1.0 Transitional//EN"
    "http://www.w3.org/TR/xhtml1/DTD/xhtml1-transitional.dtd">
<html xmlns="http://www.w3.org/1999/xhtml" xml:lang="en" lang="en">
 <head>
  <title>
</title>
<meta http-equiv="Content-Type" content="text/html;charset=utf-8" />
  <meta name='ocr-system' content='tesseract 3.04.00' />
  <meta name='ocr-capabilities' content='ocr_page ocr_carea ocr_par ocr_line ocrx_word'/>
</head>
<body>
  <div class='ocr_page' id='page_1' title='image "./vitajesuchristie01ludouoft_0034.png"; bbox 0 0 1897 3167; ppageno 0'>
   <div class='ocr_carea' id='block_1_1' title="bbox 140 209 1250 248">
    <p class='ocr_par' dir='ltr' id='par_1_1' title="bbox 140 209 1250 248">
     <span class='ocr_line' id='line_1_1' title="bbox 140 209 1250 248; baseline 0.005 -12"><span class='ocrx_word' id='word_1_1' title='bbox 140 218 180 248; x_wconf 57' lang='grc' dir='ltr'>-ω</span> <span class='ocrx_word' id='word_1_2' title='bbox 666 209 810 241; x_wconf 56' lang='lat' dir='ltr'>Pallii]</span> <span class='ocrx_word' id='word_1_3' title='bbox 848 209 1006 242; x_wconf 47' lang='lat' dir='ltr'>riiiiTIS</span> <span class='ocrx_word' id='word_1_4' title='bbox 1044 209 1182 242; x_wconf 64' lang='lat' dir='ltr'>CAPUT</span> <span class='ocrx_word' id='word_1_5' title='bbox 1220 209 1250 241; x_wconf 91' lang='lat' dir='ltr'>ll</span> 
     </span>
    </p>
   </div>
   <div class='ocr_carea' id='block_1_2' title="bbox 139 277 940 2529">
    <p class='ocr_par' dir='ltr' id='par_1_2' title="bbox 140 277 936 836">
     <span class='ocr_line' id='line_1_2' title="bbox 144 277 933 331; baseline -0.008 -11"><span class='ocrx_word' id='word_1_6' title='bbox 144 294 235 320; x_wconf 80' lang='lat' dir='ltr'>uxor</span> <span class='ocrx_word' id='word_1_7' title='bbox 254 287 317 317; x_wconf 85' lang='lat' dir='ltr'>tiia</span> <span class='ocrx_word' id='word_1_8' title='bbox 334 280 453 327; x_wconf 72' lang='lat' dir='ltr'>pai-iet</span> <span class='ocrx_word' id='word_1_9' title='bbox 475 278 539 315; x_wconf 88' lang='lat' dir='ltr'>tibi</span> <span class='ocrx_word' id='word_1_10' title='bbox 558 277 688 322; x_wconf 78' lang='lat' dir='ltr'>filiam,</span> <span class='ocrx_word' id='word_1_11' title='bbox 709 277 933 331; x_wconf 76' lang='lat' dir='ltr'>vocabisque</span> 
     </span>
     <span class='ocr_line' id='line_1_3' title="bbox 144 326 933 377; baseline -0.006 -12"><span class='ocrx_word' id='word_1_12' title='bbox 144 340 281 366; x_wconf 87' lang='lat' dir='ltr'>nomen</span> <span class='ocrx_word' id='word_1_13' title='bbox 308 329 387 373; x_wconf 87' lang='lat' dir='ltr'>ejus</span> <span class='ocrx_word' id='word_1_14' title='bbox 419 326 588 363; x_wconf 83' lang='lat' dir='ltr'>Mariam.</span> <span class='ocrx_word' id='word_1_15' title='bbox 616 326 837 377; x_wconf 79' lang='lat' dir='ltr'>Consecrata</span> <span class='ocrx_word' id='word_1_16' title='bbox 863 328 933 361; x_wconf 89' lang='lat' dir='ltr'>erit</span> 
     </span>
     <span class='ocr_line' id='line_1_4' title="bbox 144 371 932 424; baseline -0.009 -10"><span class='ocrx_word' id='word_1_17' title='bbox 144 376 317 414; x_wconf 77' lang='lat' dir='ltr'>Domino,</span> <span class='ocrx_word' id='word_1_18' title='bbox 343 378 382 410; x_wconf 90' lang='lat' dir='ltr'>ut</span> <span class='ocrx_word' id='word_1_19' title='bbox 402 373 549 418; x_wconf 70' lang='lat' dir='ltr'>vovisti,</span> <span class='ocrx_word' id='word_1_20' title='bbox 575 376 610 409; x_wconf 90' lang='lat' dir='ltr'>et</span> <span class='ocrx_word' id='word_1_21' title='bbox 637 371 775 418; x_wconf 86' lang='lat' dir='ltr'>Spiritu</span> <span class='ocrx_word' id='word_1_22' title='bbox 797 373 932 424; x_wconf 76' lang='lat' dir='ltr'>Sancto</span> 
     </span>
     <span class='ocr_line' id='line_1_5' title="bbox 142 419 932 471; baseline -0.008 -12"><span class='ocrx_word' id='word_1_23' title='bbox 142 422 349 469; x_wconf 79' lang='lat' dir='ltr'>replebitur</span> <span class='ocrx_word' id='word_1_24' title='bbox 371 432 413 458; x_wconf 81' lang='lat' dir='ltr'>ex</span> <span class='ocrx_word' id='word_1_25' title='bbox 436 424 543 457; x_wconf 88' lang='lat' dir='ltr'>utero</span> <span class='ocrx_word' id='word_1_26' title='bbox 567 419 697 456; x_wconf 91' lang='lat' dir='ltr'>matris</span> <span class='ocrx_word' id='word_1_27' title='bbox 723 429 812 471; x_wconf 43' lang='lat' dir='ltr'>suaa</span> <span class='ocrx_word' id='word_1_28' title='bbox 836 422 872 471; x_wconf 76' lang='lat' dir='ltr'>et</span> <span class='ocrx_word' id='word_1_29' title='bbox 894 429 932 453; x_wconf 89' lang='lat' dir='ltr'>in</span> 
     </span>
     <span class='ocr_line' id='line_1_6' title="bbox 143 467 931 518; baseline -0.008 -12"><span class='ocrx_word' id='word_1_30' title='bbox 143 470 283 516; x_wconf 87' lang='lat' dir='ltr'>templo</span> <span class='ocrx_word' id='word_1_31' title='bbox 307 467 454 505; x_wconf 84' lang='lat' dir='ltr'>Domini</span> <span class='ocrx_word' id='word_1_32' title='bbox 481 467 550 504; x_wconf 83' lang='lat' dir='ltr'>erit</span> <span class='ocrx_word' id='word_1_33' title='bbox 578 469 811 518; x_wconf 76' lang='lat' dir='ltr'>conversatio</span> <span class='ocrx_word' id='word_1_34' title='bbox 838 476 931 511; x_wconf 68' lang='lat' dir='ltr'>ejus.</span> 
     </span>
     <span class='ocr_line' id='line_1_7' title="bbox 141 513 932 562; baseline -0.009 -8"><span class='ocrx_word' id='word_1_35' title='bbox 141 517 360 562; x_wconf 86' lang='lat' dir='ltr'>Eademque</span> <span class='ocrx_word' id='word_1_36' title='bbox 391 515 554 561; x_wconf 81' lang='lat' dir='ltr'>Angelus</span> <span class='ocrx_word' id='word_1_37' title='bbox 585 515 768 550; x_wconf 75' lang='lat' dir='ltr'>nuntiaVit</span> <span class='ocrx_word' id='word_1_38' title='bbox 795 513 932 555; x_wconf 80' lang='lat' dir='ltr'>Annae;</span> 
     </span>
     <span class='ocr_line' id='line_1_8' title="bbox 143 559 934 612; baseline -0.009 -12"><span class='ocrx_word' id='word_1_39' title='bbox 143 564 364 609; x_wconf 84' lang='lat' dir='ltr'>monituque</span> <span class='ocrx_word' id='word_1_40' title='bbox 399 561 582 608; x_wconf 88' lang='lat' dir='ltr'>angelico,</span> <span class='ocrx_word' id='word_1_41' title='bbox 615 561 725 612; x_wconf 72' lang='lat' dir='ltr'>ambo</span> <span class='ocrx_word' id='word_1_42' title='bbox 758 559 934 611; x_wconf 85' lang='lat' dir='ltr'>ascende-</span> 
     </span>
     <span class='ocr_line' id='line_1_9' title="bbox 141 607 935 651; baseline -0.009 -4"><span class='ocrx_word' id='word_1_43' title='bbox 141 615 230 648; x_wconf 90' lang='lat' dir='ltr'>runt</span> <span class='ocrx_word' id='word_1_44' title='bbox 248 611 283 646; x_wconf 94' lang='lat' dir='ltr'>in</span> <span class='ocrx_word' id='word_1_45' title='bbox 304 609 526 651; x_wconf 83' lang='lat' dir='ltr'>Jerusalem,</span> <span class='ocrx_word' id='word_1_46' title='bbox 562 611 597 643; x_wconf 91' lang='lat' dir='ltr'>et</span> <span class='ocrx_word' id='word_1_47' title='bbox 623 607 769 643; x_wconf 88' lang='lat' dir='ltr'>debitas</span> <span class='ocrx_word' id='word_1_48' title='bbox 795 609 935 651; x_wconf 87' lang='lat' dir='ltr'>gratias</span> 
     </span>
     <span class='ocr_line' id='line_1_10' title="bbox 141 653 936 705; baseline -0.01 -11"><span class='ocrx_word' id='word_1_49' title='bbox 141 657 303 695; x_wconf 90' lang='lat' dir='ltr'>Domino</span> <span class='ocrx_word' id='word_1_50' title='bbox 337 656 592 703; x_wconf 63' lang='lat' dir='ltr'>persolventes</span> <span class='ocrx_word' id='word_1_51' title='bbox 627 654 665 690; x_wconf 93' lang='lat' dir='ltr'>in</span> <span class='ocrx_word' id='word_1_52' title='bbox 697 653 851 705; x_wconf 78' lang='lat' dir='ltr'>templo,</span> <span class='ocrx_word' id='word_1_53' title='bbox 879 663 936 687; x_wconf 83' lang='lat' dir='ltr'>rc-</span> 
     </span>
     <span class='ocr_line' id='line_1_11' title="bbox 141 701 935 751; baseline -0.01 -10"><span class='ocrx_word' id='word_1_54' title='bbox 141 706 261 751; x_wconf 84' lang='lat' dir='ltr'>gressi</span> <span class='ocrx_word' id='word_1_55' title='bbox 299 707 385 740; x_wconf 89' lang='lat' dir='ltr'>sunt</span> <span class='ocrx_word' id='word_1_56' title='bbox 410 703 457 739; x_wconf 93' lang='lat' dir='ltr'>ad</span> <span class='ocrx_word' id='word_1_57' title='bbox 490 701 654 749; x_wconf 88' lang='lat' dir='ltr'>propria.</span> <span class='ocrx_word' id='word_1_58' title='bbox 683 701 935 751; x_wconf 74' lang='lat' dir='ltr'>Concepitque</span> 
     </span>
     <span class='ocr_line' id='line_1_12' title="bbox 140 749 933 798; baseline -0.011 -9"><span class='ocrx_word' id='word_1_59' title='bbox 140 755 248 789; x_wconf 89' lang='lat' dir='ltr'>Anna</span> <span class='ocrx_word' id='word_1_60' title='bbox 271 755 307 787; x_wconf 87' lang='lat' dir='ltr'>et</span> <span class='ocrx_word' id='word_1_61' title='bbox 329 750 472 798; x_wconf 80' lang='lat' dir='ltr'>peperit</span> <span class='ocrx_word' id='word_1_62' title='bbox 496 749 626 792; x_wconf 88' lang='lat' dir='ltr'>filiam,</span> <span class='ocrx_word' id='word_1_63' title='bbox 656 757 767 794; x_wconf 87' lang='lat' dir='ltr'>quam</span> <span class='ocrx_word' id='word_1_64' title='bbox 789 749 933 782; x_wconf 84' lang='lat' dir='ltr'>vocavit</span> 
     </span>
     <span class='ocr_line' id='line_1_13' title="bbox 141 799 312 836; baseline -0.018 0"><span class='ocrx_word' id='word_1_65' title='bbox 141 799 312 836; x_wconf 86' lang='lat' dir='ltr'>Mariam.</span> 
     </span>
    </p>

    <p class='ocr_par' dir='ltr' id='par_1_3' title="bbox 139 847 938 1973">
     <span class='ocr_line' id='line_1_14' title="bbox 189 847 933 882; baseline -0.008 0"><span class='ocrx_word' id='word_1_66' title='bbox 189 850 209 882; x_wconf 85' lang='grc'>8</span> <span class='ocrx_word' id='word_1_67' title='bbox 245 847 487 881; x_wconf 61' lang='lat' dir='ltr'>Pnffisizmxim</span> <span class='ocrx_word' id='word_1_68' title='bbox 535 854 612 878; x_wconf 68' lang='lat' dir='ltr'>fuir</span> <span class='ocrx_word' id='word_1_69' title='bbox 661 854 705 877; x_wconf 78' lang='lat' dir='ltr'>AB</span> <span class='ocrx_word' id='word_1_70' title='bbox 752 853 933 878; x_wconf 45' lang='lat' dir='ltr'>onicimiii</span> 
     </span>
     <span class='ocr_line' id='line_1_15' title="bbox 140 889 932 936; baseline -0.008 -7"><span class='ocrx_word' id='word_1_71' title='bbox 140 905 264 930; x_wconf 47' lang='lat' dir='ltr'>cunni.</span> <span class='ocrx_word' id='word_1_72' title='bbox 292 914 335 919; x_wconf 97' lang='lat'>—-</span> <span class='ocrx_word' id='word_1_73' title='bbox 367 891 422 927; x_wconf 85' lang='lat' dir='ltr'>Ab</span> <span class='ocrx_word' id='word_1_74' title='bbox 452 889 624 936; x_wconf 81' lang='lat' dir='ltr'>originali</span> <span class='ocrx_word' id='word_1_75' title='bbox 654 892 778 925; x_wconf 82' lang='lat' dir='ltr'>autem</span> <span class='ocrx_word' id='word_1_76' title='bbox 811 889 932 934; x_wconf 87' lang='lat' dir='ltr'>culpa,</span> 
     </span>
     <span class='ocr_line' id='line_1_16' title="bbox 139 935 935 987; baseline -0.009 -10"><span class='ocrx_word' id='word_1_77' title='bbox 139 941 305 987; x_wconf 86' lang='lat' dir='ltr'>quodam</span> <span class='ocrx_word' id='word_1_78' title='bbox 326 938 519 985; x_wconf 79' lang='lat' dir='ltr'>privilegio</span> <span class='ocrx_word' id='word_1_79' title='bbox 544 936 724 982; x_wconf 83' lang='lat' dir='ltr'>singulari</span> <span class='ocrx_word' id='word_1_80' title='bbox 745 936 782 971; x_wconf 93' lang='lat' dir='ltr'>in</span> <span class='ocrx_word' id='word_1_81' title='bbox 804 935 935 971; x_wconf 85' lang='lat' dir='ltr'>matris</span> 
     </span>
     <span class='ocr_line' id='line_1_17' title="bbox 141 983 933 1032; baseline -0.009 -8"><span class='ocrx_word' id='word_1_82' title='bbox 141 991 248 1024; x_wconf 88' lang='lat' dir='ltr'>utero</span> <span class='ocrx_word' id='word_1_83' title='bbox 271 990 431 1032; x_wconf 86' lang='lat' dir='ltr'>purgata</span> <span class='ocrx_word' id='word_1_84' title='bbox 452 985 532 1020; x_wconf 81' lang='lat' dir='ltr'>snit.</span> <span class='ocrx_word' id='word_1_85' title='bbox 564 983 667 1019; x_wconf 69' lang='lat' dir='ltr'>[nde</span> <span class='ocrx_word' id='word_1_86' title='bbox 691 984 899 1019; x_wconf 66' lang='lat' dir='ltr'>Rei-nardus</span> <span class='ocrx_word' id='word_1_87' title='bbox 924 996 933 1017; x_wconf 90' lang='lat'><em>:</em></span> 
     </span>
     <span class='ocr_line' id='line_1_18' title="bbox 143 1029 934 1082; baseline -0.006 -12"><span class='ocrx_word' id='word_1_88' title='bbox 143 1049 161 1067; x_wconf 64' lang='grc' dir='ltr'>α</span> <span class='ocrx_word' id='word_1_89' title='bbox 190 1036 253 1070; x_wconf 87' lang='lat' dir='ltr'>Est</span> <span class='ocrx_word' id='word_1_90' title='bbox 288 1033 414 1078; x_wconf 83' lang='lat' dir='ltr'>itaque</span> <span class='ocrx_word' id='word_1_91' title='bbox 451 1031 563 1076; x_wconf 65' lang='lat' dir='ltr'>Yirgo</span> <span class='ocrx_word' id='word_1_92' title='bbox 602 1029 718 1066; x_wconf 82' lang='lat' dir='ltr'>Maria</span> <span class='ocrx_word' id='word_1_93' title='bbox 750 1031 934 1082; x_wconf 79' lang='lat' dir='ltr'>bonorum</span> 
     </span>
     <span class='ocr_line' id='line_1_19' title="bbox 139 1076 934 1123; baseline -0.008 -6"><span class='ocrx_word' id='word_1_94' title='bbox 139 1080 256 1117; x_wconf 76' lang='lat' dir='ltr'>titulis</span> <span class='ocrx_word' id='word_1_95' title='bbox 292 1080 493 1121; x_wconf 88' lang='lat' dir='ltr'>cumulata,</span> <span class='ocrx_word' id='word_1_96' title='bbox 533 1089 614 1123; x_wconf 65' lang='lat' dir='ltr'>quai</span> <span class='ocrx_word' id='word_1_97' title='bbox 653 1078 782 1122; x_wconf 87' lang='lat' dir='ltr'>procul</span> <span class='ocrx_word' id='word_1_98' title='bbox 821 1076 934 1112; x_wconf 90' lang='lat' dir='ltr'>dubio</span> 
     </span>
     <span class='ocr_line' id='line_1_20' title="bbox 140 1125 934 1176; baseline -0.008 -12"><span class='ocrx_word' id='word_1_99' title='bbox 140 1131 227 1164; x_wconf 86' lang='lat' dir='ltr'>ante</span> <span class='ocrx_word' id='word_1_100' title='bbox 248 1127 316 1163; x_wconf 84' lang='lat' dir='ltr'>fuit</span> <span class='ocrx_word' id='word_1_101' title='bbox 339 1129 468 1162; x_wconf 90' lang='lat' dir='ltr'>sancta</span> <span class='ocrx_word' id='word_1_102' title='bbox 491 1134 601 1170; x_wconf 86' lang='lat' dir='ltr'>quam</span> <span class='ocrx_word' id='word_1_103' title='bbox 624 1127 725 1176; x_wconf 80' lang='lat' dir='ltr'>nata.</span> <span class='ocrx_word' id='word_1_104' title='bbox 748 1125 824 1176; x_wconf 68' lang='lat' dir='ltr'>Ego</span> <span class='ocrx_word' id='word_1_105' title='bbox 844 1126 934 1169; x_wconf 89' lang='lat' dir='ltr'>puto</span> 
     </span>
     <span class='ocr_line' id='line_1_21' title="bbox 140 1170 934 1223; baseline -0.008 -12"><span class='ocrx_word' id='word_1_106' title='bbox 140 1175 240 1221; x_wconf 76' lang='lat' dir='ltr'>quod</span> <span class='ocrx_word' id='word_1_107' title='bbox 267 1172 455 1219; x_wconf 90' lang='lat' dir='ltr'>copiosior</span> <span class='ocrx_word' id='word_1_108' title='bbox 484 1171 793 1223; x_wconf 77' lang='lat' dir='ltr'>sanctificationis</span> <span class='ocrx_word' id='word_1_109' title='bbox 820 1170 934 1222; x_wconf 80' lang='lat' dir='ltr'>bene-</span> 
     </span>
     <span class='ocr_line' id='line_1_22' title="bbox 140 1217 933 1266; baseline -0.004 -11"><span class='ocrx_word' id='word_1_110' title='bbox 140 1221 268 1265; x_wconf 75' lang='lat' dir='ltr'>dictio,</span> <span class='ocrx_word' id='word_1_111' title='bbox 293 1230 406 1266; x_wconf 84' lang='lat' dir='ltr'>quarn</span> <span class='ocrx_word' id='word_1_112' title='bbox 434 1219 473 1254; x_wconf 94' lang='lat' dir='ltr'>in</span> <span class='ocrx_word' id='word_1_113' title='bbox 500 1217 583 1253; x_wconf 89' lang='lat' dir='ltr'>aliis</span> <span class='ocrx_word' id='word_1_114' title='bbox 613 1217 857 1253; x_wconf 80' lang='lat' dir='ltr'>sanctificatis</span> <span class='ocrx_word' id='word_1_115' title='bbox 887 1217 933 1252; x_wconf 88' lang='lat' dir='ltr'>ab</span> 
     </span>
     <span class='ocr_line' id='line_1_23' title="bbox 140 1263 934 1316; baseline -0.009 -11"><span class='ocrx_word' id='word_1_116' title='bbox 140 1272 261 1312; x_wconf 85' lang='lat' dir='ltr'>utero,</span> <span class='ocrx_word' id='word_1_117' title='bbox 285 1267 323 1303; x_wconf 92' lang='lat' dir='ltr'>in</span> <span class='ocrx_word' id='word_1_118' title='bbox 354 1277 437 1303; x_wconf 91' lang='lat' dir='ltr'>eam</span> <span class='ocrx_word' id='word_1_119' title='bbox 469 1263 723 1316; x_wconf 52' lang='lat' dir='ltr'>descenderim</span> <span class='ocrx_word' id='word_1_120' title='bbox 752 1274 833 1309; x_wconf 83' lang='lat' dir='ltr'>quae</span> <span class='ocrx_word' id='word_1_121' title='bbox 858 1274 934 1299; x_wconf 91' lang='lat' dir='ltr'>non</span> 
     </span>
     <span class='ocr_line' id='line_1_24' title="bbox 140 1310 934 1363; baseline -0.008 -12"><span class='ocrx_word' id='word_1_122' title='bbox 140 1316 260 1352; x_wconf 87' lang='lat' dir='ltr'>solum</span> <span class='ocrx_word' id='word_1_123' title='bbox 291 1313 407 1359; x_wconf 89' lang='lat' dir='ltr'>ipsius</span> <span class='ocrx_word' id='word_1_124' title='bbox 436 1315 559 1348; x_wconf 86' lang='lat' dir='ltr'>ortum</span> <span class='ocrx_word' id='word_1_125' title='bbox 580 1311 846 1363; x_wconf 76' lang='lat' dir='ltr'>sanctificaret,</span> <span class='ocrx_word' id='word_1_126' title='bbox 869 1310 934 1346; x_wconf 88' lang='lat' dir='ltr'>sed</span> 
     </span>
     <span class='ocr_line' id='line_1_25' title="bbox 140 1358 934 1410; baseline -0.009 -12"><span class='ocrx_word' id='word_1_127' title='bbox 140 1364 255 1398; x_wconf 84' lang='lat' dir='ltr'>vitam</span> <span class='ocrx_word' id='word_1_128' title='bbox 276 1364 355 1407; x_wconf 83' lang='lat' dir='ltr'>ejus</span> <span class='ocrx_word' id='word_1_129' title='bbox 378 1359 556 1405; x_wconf 79' lang='lat' dir='ltr'>deinceps</span> <span class='ocrx_word' id='word_1_130' title='bbox 583 1358 630 1394; x_wconf 88' lang='lat' dir='ltr'>ab</span> <span class='ocrx_word' id='word_1_131' title='bbox 654 1361 934 1410; x_wconf 26' lang='lat' dir='ltr'>omnitpecucato</span> 
     </span>
     <span class='ocr_line' id='line_1_26' title="bbox 141 1406 934 1457; baseline -0.009 -11"><span class='ocrx_word' id='word_1_132' title='bbox 141 1411 383 1446; x_wconf 80' lang='lat' dir='ltr'>conservaret</span> <span class='ocrx_word' id='word_1_133' title='bbox 412 1408 631 1443; x_wconf 86' lang='lat' dir='ltr'>immunem.</span> <span class='ocrx_word' id='word_1_134' title='bbox 666 1406 796 1457; x_wconf 75' lang='lat' dir='ltr'>Decuit</span> <span class='ocrx_word' id='word_1_135' title='bbox 823 1415 934 1457; x_wconf 82' lang='lat' dir='ltr'>nimi-</span> 
     </span>
     <span class='ocr_line' id='line_1_27' title="bbox 140 1451 934 1500; baseline -0.009 -7"><span class='ocrx_word' id='word_1_136' title='bbox 140 1467 239 1500; x_wconf 87' lang='lat' dir='ltr'>rum,</span> <span class='ocrx_word' id='word_1_137' title='bbox 278 1460 316 1492; x_wconf 92' lang='lat' dir='ltr'>ut</span> <span class='ocrx_word' id='word_1_138' title='bbox 355 1453 535 1500; x_wconf 83' lang='lat' dir='ltr'>singulari</span> <span class='ocrx_word' id='word_1_139' title='bbox 582 1451 778 1499; x_wconf 76' lang='lat' dir='ltr'>privilegio</span> <span class='ocrx_word' id='word_1_140' title='bbox 818 1455 934 1487; x_wconf 65' lang='lat' dir='ltr'>vitam</span> 
     </span>
     <span class='ocr_line' id='line_1_28' title="bbox 141 1499 934 1549; baseline -0.008 -10"><span class='ocrx_word' id='word_1_141' title='bbox 141 1505 285 1549; x_wconf 86' lang='lat' dir='ltr'>absque</span> <span class='ocrx_word' id='word_1_142' title='bbox 325 1505 477 1549; x_wconf 88' lang='lat' dir='ltr'>peccato</span> <span class='ocrx_word' id='word_1_143' title='bbox 520 1500 686 1543; x_wconf 87' lang='lat' dir='ltr'>duceret,</span> <span class='ocrx_word' id='word_1_144' title='bbox 727 1509 809 1544; x_wconf 81' lang='lat' dir='ltr'>quae</span> <span class='ocrx_word' id='word_1_145' title='bbox 846 1499 934 1534; x_wconf 90' lang='lat' dir='ltr'>dum</span> 
     </span>
     <span class='ocr_line' id='line_1_29' title="bbox 140 1548 937 1597; baseline -0.009 -10"><span class='ocrx_word' id='word_1_146' title='bbox 140 1549 283 1597; x_wconf 90' lang='lat' dir='ltr'>peccati</span> <span class='ocrx_word' id='word_1_147' title='bbox 305 1548 512 1593; x_wconf 85' lang='lat' dir='ltr'>mortisque</span> <span class='ocrx_word' id='word_1_148' title='bbox 533 1548 810 1593; x_wconf 76' lang='lat' dir='ltr'>peremptorem</span> <span class='ocrx_word' id='word_1_149' title='bbox 831 1556 937 1592; x_wconf 91' lang='lat' dir='ltr'>pare-</span> 
     </span>
     <span class='ocr_line' id='line_1_30' title="bbox 141 1593 936 1641; baseline -0.008 -8"><span class='ocrx_word' id='word_1_150' title='bbox 141 1601 211 1640; x_wconf 76' lang='lat' dir='ltr'>ret,</span> <span class='ocrx_word' id='word_1_151' title='bbox 252 1598 336 1631; x_wconf 76' lang='lat' dir='ltr'>vitae</span> <span class='ocrx_word' id='word_1_152' title='bbox 385 1594 614 1641; x_wconf 55' lang='lat' dir='ltr'>justitiaeque</span> <span class='ocrx_word' id='word_1_153' title='bbox 665 1603 800 1629; x_wconf 90' lang='lat' dir='ltr'>munus</span> <span class='ocrx_word' id='word_1_154' title='bbox 853 1593 936 1639; x_wconf 89' lang='lat' dir='ltr'>plus</span> 
     </span>
     <span class='ocr_line' id='line_1_31' title="bbox 141 1641 933 1681; baseline -0.009 0"><span class='ocrx_word' id='word_1_155' title='bbox 141 1643 317 1681; x_wconf 88' lang='lat' dir='ltr'>omnibus</span> <span class='ocrx_word' id='word_1_156' title='bbox 337 1642 523 1679; x_wconf 86' lang='lat' dir='ltr'>obtineret</span> <span class='ocrx_word' id='word_1_157' title='bbox 543 1652 550 1676; x_wconf 76' lang='lat'>1</span> <span class='ocrx_word' id='word_1_158' title='bbox 574 1655 592 1672; x_wconf 91' lang='lat'>»</span> <span class='ocrx_word' id='word_1_159' title='bbox 616 1641 695 1675; x_wconf 59' lang='lat' dir='ltr'>brec</span> <span class='ocrx_word' id='word_1_160' title='bbox 711 1641 933 1676; x_wconf 62' lang='lat' dir='ltr'>Bernartius.</span> 
     </span>
     <span class='ocr_line' id='line_1_32' title="bbox 142 1687 936 1738; baseline -0.006 -11"><span class='ocrx_word' id='word_1_161' title='bbox 142 1691 247 1727; x_wconf 86' lang='lat' dir='ltr'>Unde</span> <span class='ocrx_word' id='word_1_162' title='bbox 281 1690 370 1726; x_wconf 89' lang='lat' dir='ltr'>dicit</span> <span class='ocrx_word' id='word_1_163' title='bbox 410 1690 654 1733; x_wconf 73' lang='lat' dir='ltr'>Auqzcstz&#39;nuS,</span> <span class='ocrx_word' id='word_1_164' title='bbox 693 1687 936 1738; x_wconf 36' lang='lat' dir='ltr'>quod-beata</span> 
     </span>
     <span class='ocr_line' id='line_1_33' title="bbox 142 1733 935 1784; baseline -0.009 -9"><span class='ocrx_word' id='word_1_165' title='bbox 142 1739 256 1784; x_wconf 79' lang='lat' dir='ltr'>Virgo</span> <span class='ocrx_word' id='word_1_166' title='bbox 296 1741 383 1773; x_wconf 92' lang='lat' dir='ltr'>ante</span> <span class='ocrx_word' id='word_1_167' title='bbox 418 1734 703 1781; x_wconf 83' lang='lat' dir='ltr'>conceptionem</span> <span class='ocrx_word' id='word_1_168' title='bbox 749 1733 831 1769; x_wconf 83' lang='lat' dir='ltr'>Filii</span> <span class='ocrx_word' id='word_1_169' title='bbox 873 1735 935 1769; x_wconf 90' lang='lat' dir='ltr'>Dei</span> 
     </span>
     <span class='ocr_line' id='line_1_34' title="bbox 142 1781 938 1827; baseline -0.009 -5"><span class='ocrx_word' id='word_1_170' title='bbox 142 1785 378 1822; x_wconf 82' lang='lat' dir='ltr'>sanctificata</span> <span class='ocrx_word' id='word_1_171' title='bbox 419 1783 500 1827; x_wconf 84' lang='lat' dir='ltr'>tuit,</span> <span class='ocrx_word' id='word_1_172' title='bbox 550 1781 650 1827; x_wconf 83' lang='lat' dir='ltr'>quod</span> <span class='ocrx_word' id='word_1_173' title='bbox 684 1791 840 1827; x_wconf 87' lang='lat' dir='ltr'>peccare</span> <span class='ocrx_word' id='word_1_174' title='bbox 879 1791 938 1816; x_wconf 91' lang='lat' dir='ltr'>ve-</span> 
     </span>
     <span class='ocr_line' id='line_1_35' title="bbox 142 1827 936 1880; baseline -0.008 -12"><span class='ocrx_word' id='word_1_175' title='bbox 142 1832 294 1868; x_wconf 85' lang='lat' dir='ltr'>nialiter</span> <span class='ocrx_word' id='word_1_176' title='bbox 310 1830 451 1877; x_wconf 80' lang='lat' dir='ltr'>potuit3</span> <span class='ocrx_word' id='word_1_177' title='bbox 472 1830 536 1865; x_wconf 90' lang='lat' dir='ltr'>sed</span> <span class='ocrx_word' id='word_1_178' title='bbox 552 1832 636 1874; x_wconf 90' lang='lat' dir='ltr'>post</span> <span class='ocrx_word' id='word_1_179' title='bbox 654 1827 936 1880; x_wconf 76' lang='lat' dir='ltr'>conceptionem</span> 
     </span>
     <span class='ocr_line' id='line_1_36' title="bbox 144 1875 937 1916; baseline -0.009 0"><span class='ocrx_word' id='word_1_180' title='bbox 144 1879 225 1916; x_wconf 89' lang='lat' dir='ltr'>Filii</span> <span class='ocrx_word' id='word_1_181' title='bbox 248 1879 312 1914; x_wconf 90' lang='lat' dir='ltr'>Dei</span> <span class='ocrx_word' id='word_1_182' title='bbox 332 1889 400 1914; x_wconf 89' lang='lat' dir='ltr'>nec</span> <span class='ocrx_word' id='word_1_183' title='bbox 421 1877 631 1913; x_wconf 82' lang='lat' dir='ltr'>mortaliter</span> <span class='ocrx_word' id='word_1_184' title='bbox 654 1886 723 1911; x_wconf 91' lang='lat' dir='ltr'>nec</span> <span class='ocrx_word' id='word_1_185' title='bbox 742 1875 937 1911; x_wconf 77' lang='lat' dir='ltr'>venialiter</span> 
     </span>
     <span class='ocr_line' id='line_1_37' title="bbox 143 1924 457 1973; baseline -0.013 -10"><span class='ocrx_word' id='word_1_186' title='bbox 143 1937 300 1973; x_wconf 89' lang='lat' dir='ltr'>peccare</span> <span class='ocrx_word' id='word_1_187' title='bbox 322 1924 457 1972; x_wconf 88' lang='lat' dir='ltr'>potuit.</span> 
     </span>
    </p>

    <p class='ocr_par' dir='ltr' id='par_1_4' title="bbox 144 1975 940 2529">
     <span class='ocr_line' id='line_1_38' title="bbox 193 1975 937 2022; baseline -0.008 -13"><span class='ocrx_word' id='word_1_188' title='bbox 193 1990 213 2020; x_wconf 82' lang='lat'>9</span> <span class='ocrx_word' id='word_1_189' title='bbox 237 1975 325 2009; x_wconf 63' lang='lat' dir='ltr'>Eius</span> <span class='ocrx_word' id='word_1_190' title='bbox 363 1981 610 2022; x_wconf 49' lang='lat' dir='ltr'>rnffisssxriirio</span> <span class='ocrx_word' id='word_1_191' title='bbox 646 1981 682 2005; x_wconf 64' lang='lat' dir='ltr'>ix</span> <span class='ocrx_word' id='word_1_192' title='bbox 708 1980 858 2022; x_wconf 60' lang='lat' dir='ltr'>TmiijLo.</span> <span class='ocrx_word' id='word_1_193' title='bbox 891 1987 937 1994; x_wconf 93' lang='lat'><em>-</em></span> 
     </span>
     <span class='ocr_line' id='line_1_39' title="bbox 144 2018 935 2067; baseline -0.009 -10"><span class='ocrx_word' id='word_1_194' title='bbox 144 2023 228 2067; x_wconf 87' lang='lat' dir='ltr'>Ipsa</span> <span class='ocrx_word' id='word_1_195' title='bbox 246 2025 369 2056; x_wconf 87' lang='lat' dir='ltr'>autem</span> <span class='ocrx_word' id='word_1_196' title='bbox 386 2018 550 2066; x_wconf 81' lang='lat' dir='ltr'>gloriosa</span> <span class='ocrx_word' id='word_1_197' title='bbox 570 2019 682 2062; x_wconf 89' lang='lat' dir='ltr'>Virgo</span> <span class='ocrx_word' id='word_1_198' title='bbox 701 2018 831 2059; x_wconf 83' lang='lat' dir='ltr'>Maria,</span> <span class='ocrx_word' id='word_1_199' title='bbox 854 2026 935 2051; x_wconf 80' lang='lat' dir='ltr'>cuni</span> 
     </span>
     <span class='ocr_line' id='line_1_40' title="bbox 144 2063 937 2110; baseline -0.008 -7"><span class='ocrx_word' id='word_1_200' title='bbox 144 2068 259 2104; x_wconf 90' lang='lat' dir='ltr'>trium</span> <span class='ocrx_word' id='word_1_201' title='bbox 284 2070 383 2103; x_wconf 85' lang='lat' dir='ltr'>esset</span> <span class='ocrx_word' id='word_1_202' title='bbox 405 2075 608 2108; x_wconf 86' lang='lat' dir='ltr'>annorum,</span> <span class='ocrx_word' id='word_1_203' title='bbox 637 2064 861 2110; x_wconf 88' lang='lat' dir='ltr'>portabatur</span> <span class='ocrx_word' id='word_1_204' title='bbox 890 2063 937 2098; x_wconf 85' lang='lat' dir='ltr'>ad</span> 
     </span>
     <span class='ocr_line' id='line_1_41' title="bbox 144 2110 937 2163; baseline -0.009 -12"><span class='ocrx_word' id='word_1_205' title='bbox 144 2115 340 2161; x_wconf 84' lang='lat' dir='ltr'>templum,</span> <span class='ocrx_word' id='word_1_206' title='bbox 373 2117 408 2150; x_wconf 85' lang='lat' dir='ltr'>et</span> <span class='ocrx_word' id='word_1_207' title='bbox 434 2124 455 2148; x_wconf 87' lang='lat' dir='ltr'>a</span> <span class='ocrx_word' id='word_1_208' title='bbox 487 2111 712 2163; x_wconf 78' lang='lat' dir='ltr'>parentibus</span> <span class='ocrx_word' id='word_1_209' title='bbox 735 2110 772 2146; x_wconf 92' lang='lat' dir='ltr'>in</span> <span class='ocrx_word' id='word_1_210' title='bbox 797 2110 937 2162; x_wconf 37' lang='lat' dir='ltr'>temp-lo</span> 
     </span>
     <span class='ocr_line' id='line_1_42' title="bbox 145 2158 938 2210; baseline -0.008 -12"><span class='ocrx_word' id='word_1_211' title='bbox 145 2162 284 2205; x_wconf 87' lang='lat' dir='ltr'>oblata,</span> <span class='ocrx_word' id='word_1_212' title='bbox 320 2161 417 2196; x_wconf 89' lang='lat' dir='ltr'>intra</span> <span class='ocrx_word' id='word_1_213' title='bbox 449 2163 554 2206; x_wconf 86' lang='lat' dir='ltr'>septa</span> <span class='ocrx_word' id='word_1_214' title='bbox 587 2158 714 2202; x_wconf 82' lang='lat' dir='ltr'>templi</span> <span class='ocrx_word' id='word_1_215' title='bbox 741 2167 825 2193; x_wconf 90' lang='lat' dir='ltr'>cum</span> <span class='ocrx_word' id='word_1_216' title='bbox 851 2158 938 2210; x_wconf 78' lang='lat' dir='ltr'>aliis</span> 
     </span>
     <span class='ocr_line' id='line_1_43' title="bbox 147 2204 939 2257; baseline -0.006 -13"><span class='ocrx_word' id='word_1_217' title='bbox 147 2209 353 2255; x_wconf 86' lang='lat' dir='ltr'>virginibus</span> <span class='ocrx_word' id='word_1_218' title='bbox 374 2208 568 2250; x_wconf 88' lang='lat' dir='ltr'>collocata,</span> <span class='ocrx_word' id='word_1_219' title='bbox 590 2209 631 2241; x_wconf 92' lang='lat' dir='ltr'>ut</span> <span class='ocrx_word' id='word_1_220' title='bbox 651 2205 795 2257; x_wconf 73' lang='lat' dir='ltr'>litteras</span> <span class='ocrx_word' id='word_1_221' title='bbox 823 2204 939 2240; x_wconf 90' lang='lat' dir='ltr'>disce-</span> 
     </span>
     <span class='ocr_line' id='line_1_44' title="bbox 146 2251 938 2304; baseline -0.006 -12"><span class='ocrx_word' id='word_1_222' title='bbox 146 2259 216 2300; x_wconf 89' lang='lat' dir='ltr'>ret,</span> <span class='ocrx_word' id='word_1_223' title='bbox 257 2259 294 2291; x_wconf 93' lang='lat' dir='ltr'>et</span> <span class='ocrx_word' id='word_1_224' title='bbox 328 2254 485 2291; x_wconf 88' lang='lat' dir='ltr'>Domino</span> <span class='ocrx_word' id='word_1_225' title='bbox 518 2252 689 2295; x_wconf 87' lang='lat' dir='ltr'>serviret,</span> <span class='ocrx_word' id='word_1_226' title='bbox 724 2251 938 2304; x_wconf 73' lang='lat' dir='ltr'>ibidemque</span> 
     </span>
     <span class='ocr_line' id='line_1_45' title="bbox 148 2299 938 2351; baseline -0.008 -12"><span class='ocrx_word' id='word_1_227' title='bbox 148 2313 266 2349; x_wconf 84' lang='lat' dir='ltr'>iisque</span> <span class='ocrx_word' id='word_1_228' title='bbox 291 2302 337 2338; x_wconf 88' lang='lat' dir='ltr'>ad</span> <span class='ocrx_word' id='word_1_229' title='bbox 364 2312 504 2337; x_wconf 89' lang='lat' dir='ltr'>annum</span> <span class='ocrx_word' id='word_1_230' title='bbox 526 2307 597 2337; x_wconf 72' lang='lat' dir='ltr'>xiv</span> <span class='ocrx_word' id='word_1_231' title='bbox 619 2302 840 2351; x_wconf 70' lang='lat' dir='ltr'>permansit.</span> <span class='ocrx_word' id='word_1_232' title='bbox 867 2299 938 2334; x_wconf 85' lang='lat' dir='ltr'>Sed</span> 
     </span>
     <span class='ocr_line' id='line_1_46' title="bbox 146 2346 937 2398; baseline -0.008 -12"><span class='ocrx_word' id='word_1_233' title='bbox 146 2350 355 2387; x_wconf 89' lang='lat' dir='ltr'>accelerato</span> <span class='ocrx_word' id='word_1_234' title='bbox 376 2348 412 2384; x_wconf 90' lang='lat' dir='ltr'>in</span> <span class='ocrx_word' id='word_1_235' title='bbox 435 2359 477 2384; x_wconf 89' lang='lat' dir='ltr'>ea</span> <span class='ocrx_word' id='word_1_236' title='bbox 504 2346 642 2383; x_wconf 81' lang='lat' dir='ltr'>divinae</span> <span class='ocrx_word' id='word_1_237' title='bbox 669 2349 826 2381; x_wconf 90' lang='lat' dir='ltr'>rationis</span> <span class='ocrx_word' id='word_1_238' title='bbox 852 2356 937 2398; x_wconf 78' lang='lat' dir='ltr'>usu,</span> 
     </span>
     <span class='ocr_line' id='line_1_47' title="bbox 147 2392 940 2443; baseline -0.009 -9"><span class='ocrx_word' id='word_1_239' title='bbox 147 2397 297 2443; x_wconf 86' lang='lat' dir='ltr'>quando</span> <span class='ocrx_word' id='word_1_240' title='bbox 319 2399 492 2442; x_wconf 86' lang='lat' dir='ltr'>parentes</span> <span class='ocrx_word' id='word_1_241' title='bbox 513 2404 594 2430; x_wconf 88' lang='lat' dir='ltr'>eam</span> <span class='ocrx_word' id='word_1_242' title='bbox 617 2393 653 2429; x_wconf 92' lang='lat' dir='ltr'>in</span> <span class='ocrx_word' id='word_1_243' title='bbox 673 2392 813 2438; x_wconf 82' lang='lat' dir='ltr'>templo</span> <span class='ocrx_word' id='word_1_244' title='bbox 834 2393 940 2428; x_wconf 89' lang='lat' dir='ltr'>dimi-</span> 
     </span>
     <span class='ocr_line' id='line_1_48' title="bbox 147 2439 938 2492; baseline -0.008 -11"><span class='ocrx_word' id='word_1_245' title='bbox 147 2448 292 2487; x_wconf 84' lang='lat' dir='ltr'>serunt,</span> <span class='ocrx_word' id='word_1_246' title='bbox 321 2455 363 2479; x_wconf 87' lang='lat' dir='ltr'>ex</span> <span class='ocrx_word' id='word_1_247' title='bbox 395 2446 484 2478; x_wconf 88' lang='lat' dir='ltr'>tunc</span> <span class='ocrx_word' id='word_1_248' title='bbox 516 2440 643 2477; x_wconf 82' lang='lat' dir='ltr'>statuit</span> <span class='ocrx_word' id='word_1_249' title='bbox 670 2439 708 2475; x_wconf 94' lang='lat' dir='ltr'>in</span> <span class='ocrx_word' id='word_1_250' title='bbox 734 2439 853 2492; x_wconf 42' lang='lat' dir='ltr'>corde·</span> <span class='ocrx_word' id='word_1_251' title='bbox 874 2450 938 2475; x_wconf 91' lang='lat' dir='ltr'>suo</span> 
     </span>
     <span class='ocr_line' id='line_1_49' title="bbox 148 2487 940 2529; baseline -0.008 -2"><span class='ocrx_word' id='word_1_252' title='bbox 148 2494 265 2528; x_wconf 87' lang='lat' dir='ltr'>Deum</span> <span class='ocrx_word' id='word_1_253' title='bbox 298 2491 438 2526; x_wconf 88' lang='lat' dir='ltr'>habere</span> <span class='ocrx_word' id='word_1_254' title='bbox 466 2489 504 2524; x_wconf 93' lang='lat' dir='ltr'>in</span> <span class='ocrx_word' id='word_1_255' title='bbox 538 2489 700 2529; x_wconf 84' lang='lat' dir='ltr'>Patrem,</span> <span class='ocrx_word' id='word_1_256' title='bbox 722 2489 759 2522; x_wconf 90' lang='lat' dir='ltr'>et</span> <span class='ocrx_word' id='word_1_257' title='bbox 787 2487 873 2522; x_wconf 81' lang='lat' dir='ltr'>fecit</span> <span class='ocrx_word' id='word_1_258' title='bbox 901 2497 940 2522; x_wconf 87' lang='lat' dir='ltr'>se</span> 
     </span>
    </p>
   </div>
   <div class='ocr_carea' id='block_1_3' title="bbox 146 2533 942 2582">
    <p class='ocr_par' dir='ltr' id='par_1_5' title="bbox 146 2533 942 2582">
     <span class='ocr_line' id='line_1_50' title="bbox 146 2533 942 2582; baseline -0.009 -7"><span class='ocrx_word' id='word_1_259' title='bbox 146 2537 274 2575; x_wconf 90' lang='lat' dir='ltr'>doceri</span> <span class='ocrx_word' id='word_1_260' title='bbox 309 2537 372 2573; x_wconf 88' lang='lat' dir='ltr'>Dei</span> <span class='ocrx_word' id='word_1_261' title='bbox 399 2538 560 2582; x_wconf 87' lang='lat' dir='ltr'>Legem;</span> <span class='ocrx_word' id='word_1_262' title='bbox 589 2545 632 2570; x_wconf 90' lang='lat' dir='ltr'>ac</span> <span class='ocrx_word' id='word_1_263' title='bbox 660 2534 794 2569; x_wconf 73' lang='lat' dir='ltr'>devote</span> <span class='ocrx_word' id='word_1_264' title='bbox 815 2537 851 2569; x_wconf 91' lang='lat' dir='ltr'>et</span> <span class='ocrx_word' id='word_1_265' title='bbox 872 2533 942 2569; x_wconf 86' lang='lat' dir='ltr'>sre-</span> 
     </span>
    </p>
   </div>
   <div class='ocr_carea' id='block_1_4' title="bbox 146 2580 940 2864">
    <p class='ocr_par' dir='ltr' id='par_1_6' title="bbox 146 2580 940 2864">
     <span class='ocr_line' id='line_1_51' title="bbox 147 2580 939 2633; baseline -0.009 -11"><span class='ocrx_word' id='word_1_266' title='bbox 147 2588 307 2632; x_wconf 80' lang='lat' dir='ltr'>quenter</span> <span class='ocrx_word' id='word_1_267' title='bbox 333 2583 519 2630; x_wconf 83' lang='lat' dir='ltr'>cogitabat</span> <span class='ocrx_word' id='word_1_268' title='bbox 547 2581 634 2627; x_wconf 83' lang='lat' dir='ltr'>quid</span> <span class='ocrx_word' id='word_1_269' title='bbox 664 2583 791 2633; x_wconf 78' lang='lat' dir='ltr'>posset</span> <span class='ocrx_word' id='word_1_270' title='bbox 817 2580 939 2616; x_wconf 82' lang='lat' dir='ltr'>facere</span> 
     </span>
     <span class='ocr_line' id='line_1_52' title="bbox 149 2628 939 2677; baseline -0.01 -8"><span class='ocrx_word' id='word_1_271' title='bbox 149 2635 224 2669; x_wconf 79' lang='lat' dir='ltr'>Deo</span> <span class='ocrx_word' id='word_1_272' title='bbox 260 2636 424 2677; x_wconf 82' lang='lat' dir='ltr'>gratum,</span> <span class='ocrx_word' id='word_1_273' title='bbox 463 2633 503 2667; x_wconf 88' lang='lat' dir='ltr'>ut</span> <span class='ocrx_word' id='word_1_274' title='bbox 538 2628 608 2665; x_wconf 89' lang='lat' dir='ltr'>sibi</span> <span class='ocrx_word' id='word_1_275' title='bbox 641 2630 800 2674; x_wconf 83' lang='lat' dir='ltr'>gratiam</span> <span class='ocrx_word' id='word_1_276' title='bbox 834 2638 939 2663; x_wconf 90' lang='lat' dir='ltr'>suam</span> 
     </span>
     <span class='ocr_line' id='line_1_53' title="bbox 148 2674 939 2726; baseline -0.008 -10"><span class='ocrx_word' id='word_1_277' title='bbox 148 2681 238 2716; x_wconf 86' lang='lat' dir='ltr'>dare</span> <span class='ocrx_word' id='word_1_278' title='bbox 267 2679 498 2724; x_wconf 82' lang='lat' dir='ltr'>dignaretur.</span> <span class='ocrx_word' id='word_1_279' title='bbox 532 2675 686 2712; x_wconf 81' lang='lat' dir='ltr'>Petebat</span> <span class='ocrx_word' id='word_1_280' title='bbox 721 2684 815 2726; x_wconf 34' lang='lat' dir='ltr'>vero·</span> <span class='ocrx_word' id='word_1_281' title='bbox 849 2674 939 2710; x_wconf 77' lang='lat' dir='ltr'>affe-</span> 
     </span>
     <span class='ocr_line' id='line_1_54' title="bbox 147 2721 940 2772; baseline -0.009 -9"><span class='ocrx_word' id='word_1_282' title='bbox 147 2731 275 2763; x_wconf 86' lang='lat' dir='ltr'>ctuose</span> <span class='ocrx_word' id='word_1_283' title='bbox 293 2737 313 2761; x_wconf 82' lang='lat' dir='ltr'>a</span> <span class='ocrx_word' id='word_1_284' title='bbox 332 2727 407 2761; x_wconf 88' lang='lat' dir='ltr'>Deo</span> <span class='ocrx_word' id='word_1_285' title='bbox 422 2724 580 2772; x_wconf 84' lang='lat' dir='ltr'>gratiani</span> <span class='ocrx_word' id='word_1_286' title='bbox 594 2721 816 2759; x_wconf 80' lang='lat' dir='ltr'>observandi</span> <span class='ocrx_word' id='word_1_287' title='bbox 838 2732 940 2756; x_wconf 84' lang='lat' dir='ltr'>man-</span> 
     </span>
     <span class='ocr_line' id='line_1_55' title="bbox 146 2768 939 2822; baseline -0.009 -12"><span class='ocrx_word' id='word_1_288' title='bbox 146 2775 236 2810; x_wconf 82' lang='lat' dir='ltr'>data</span> <span class='ocrx_word' id='word_1_289' title='bbox 259 2777 296 2808; x_wconf 87' lang='lat' dir='ltr'>et</span> <span class='ocrx_word' id='word_1_290' title='bbox 322 2775 510 2819; x_wconf 65' lang='lat' dir='ltr'>praecepta</span> <span class='ocrx_word' id='word_1_291' title='bbox 537 2769 718 2822; x_wconf 45' lang='lat' dir='ltr'>Legis‚·et</span> <span class='ocrx_word' id='word_1_292' title='bbox 742 2771 783 2804; x_wconf 91' lang='lat' dir='ltr'>ut</span> <span class='ocrx_word' id='word_1_293' title='bbox 803 2768 939 2821; x_wconf 22' lang='lat' dir='ltr'>facere-t</span> 
     </span>
     <span class='ocr_line' id='line_1_56' title="bbox 146 2818 938 2864; baseline -0.009 -7"><span class='ocrx_word' id='word_1_294' title='bbox 146 2831 231 2858; x_wconf 88' lang='lat' dir='ltr'>cam</span> <span class='ocrx_word' id='word_1_295' title='bbox 255 2830 382 2856; x_wconf 83' lang='lat' dir='ltr'>amare</span> <span class='ocrx_word' id='word_1_296' title='bbox 413 2818 540 2855; x_wconf 85' lang='lat' dir='ltr'>omnia</span> <span class='ocrx_word' id='word_1_297' title='bbox 560 2827 641 2864; x_wconf 57' lang='lat' dir='ltr'>quae</span> <span class='ocrx_word' id='word_1_298' title='bbox 665 2825 745 2862; x_wconf 86' lang='lat' dir='ltr'>ipse</span> <span class='ocrx_word' id='word_1_299' title='bbox 768 2818 883 2859; x_wconf 82' lang='lat' dir='ltr'>amat,</span> <span class='ocrx_word' id='word_1_300' title='bbox 903 2818 938 2852; x_wconf 91' lang='lat' dir='ltr'>et</span> 
     </span>
    </p>
   </div>
   <div class='ocr_carea' id='block_1_5' title="bbox 986 278 1792 2869">
    <p class='ocr_par' dir='ltr' id='par_1_7' title="bbox 986 278 1789 1972">
     <span class='ocr_line' id='line_1_57' title="bbox 986 278 1776 326; baseline 0.005 -12"><span class='ocrx_word' id='word_1_301' title='bbox 986 278 1090 315; x_wconf 91' lang='lat' dir='ltr'>odire</span> <span class='ocrx_word' id='word_1_302' title='bbox 1122 279 1250 315; x_wconf 85' lang='lat' dir='ltr'>omnia</span> <span class='ocrx_word' id='word_1_303' title='bbox 1277 290 1359 326; x_wconf 75' lang='lat' dir='ltr'>quac</span> <span class='ocrx_word' id='word_1_304' title='bbox 1392 279 1472 326; x_wconf 90' lang='lat' dir='ltr'>ipse</span> <span class='ocrx_word' id='word_1_305' title='bbox 1504 279 1596 316; x_wconf 91' lang='lat' dir='ltr'>odit.</span> <span class='ocrx_word' id='word_1_306' title='bbox 1620 281 1776 318; x_wconf 87' lang='lat' dir='ltr'>Petebat</span> 
     </span>
     <span class='ocr_line' id='line_1_58' title="bbox 987 326 1777 374; baseline 0.004 -13"><span class='ocrx_word' id='word_1_307' title='bbox 987 336 1134 371; x_wconf 84' lang='lat' dir='ltr'>quoque</span> <span class='ocrx_word' id='word_1_308' title='bbox 1153 336 1284 362; x_wconf 89' lang='lat' dir='ltr'>omnes</span> <span class='ocrx_word' id='word_1_309' title='bbox 1311 326 1480 371; x_wconf 89' lang='lat' dir='ltr'>virtutes,</span> <span class='ocrx_word' id='word_1_310' title='bbox 1497 337 1565 374; x_wconf 91' lang='lat' dir='ltr'>per</span> <span class='ocrx_word' id='word_1_311' title='bbox 1585 337 1678 374; x_wconf 89' lang='lat' dir='ltr'>quas</span> <span class='ocrx_word' id='word_1_312' title='bbox 1697 327 1777 364; x_wconf 87' lang='lat' dir='ltr'>effi-</span> 
     </span>
     <span class='ocr_line' id='line_1_59' title="bbox 987 373 1777 421; baseline 0.004 -13"><span class='ocrx_word' id='word_1_313' title='bbox 987 377 1135 408; x_wconf 85' lang='lat' dir='ltr'>ceretur</span> <span class='ocrx_word' id='word_1_314' title='bbox 1186 373 1352 419; x_wconf 88' lang='lat' dir='ltr'>gratiosa</span> <span class='ocrx_word' id='word_1_315' title='bbox 1403 377 1489 410; x_wconf 90' lang='lat' dir='ltr'>ante</span> <span class='ocrx_word' id='word_1_316' title='bbox 1535 377 1777 421; x_wconf 88' lang='lat' dir='ltr'>conspectum</span> 
     </span>
     <span class='ocr_line' id='line_1_60' title="bbox 987 419 1779 463; baseline 0.005 -9"><span class='ocrx_word' id='word_1_317' title='bbox 987 430 1114 463; x_wconf 88' lang='lat' dir='ltr'>suum;</span> <span class='ocrx_word' id='word_1_318' title='bbox 1151 423 1187 455; x_wconf 90' lang='lat' dir='ltr'>et</span> <span class='ocrx_word' id='word_1_319' title='bbox 1225 419 1357 456; x_wconf 89' lang='lat' dir='ltr'>melius</span> <span class='ocrx_word' id='word_1_320' title='bbox 1395 431 1438 456; x_wconf 88' lang='lat' dir='ltr'>ac</span> <span class='ocrx_word' id='word_1_321' title='bbox 1468 421 1603 458; x_wconf 89' lang='lat' dir='ltr'>melius</span> <span class='ocrx_word' id='word_1_322' title='bbox 1637 421 1676 457; x_wconf 91' lang='lat' dir='ltr'>in</span> <span class='ocrx_word' id='word_1_323' title='bbox 1711 421 1779 458; x_wconf 93' lang='lat' dir='ltr'>Dei</span> 
     </span>
     <span class='ocr_line' id='line_1_61' title="bbox 988 466 1782 515; baseline 0.005 -14"><span class='ocrx_word' id='word_1_324' title='bbox 988 476 1099 512; x_wconf 90' lang='lat' dir='ltr'>opere</span> <span class='ocrx_word' id='word_1_325' title='bbox 1121 466 1353 512; x_wconf 80' lang='lat' dir='ltr'>proficiebat.</span> <span class='ocrx_word' id='word_1_326' title='bbox 1376 467 1486 503; x_wconf 91' lang='lat' dir='ltr'>Omni</span> <span class='ocrx_word' id='word_1_327' title='bbox 1504 471 1673 515; x_wconf 86' lang='lat' dir='ltr'>tempore</span> <span class='ocrx_word' id='word_1_328' title='bbox 1692 479 1782 505; x_wconf 90' lang='lat' dir='ltr'>con-</span> 
     </span>
     <span class='ocr_line' id='line_1_62' title="bbox 988 513 1780 560; baseline 0.005 -12"><span class='ocrx_word' id='word_1_329' title='bbox 988 513 1219 558; x_wconf 87' lang='lat' dir='ltr'>templationi</span> <span class='ocrx_word' id='word_1_330' title='bbox 1240 516 1304 549; x_wconf 86' lang='lat' dir='ltr'>aut</span> <span class='ocrx_word' id='word_1_331' title='bbox 1330 513 1503 558; x_wconf 85' lang='lat' dir='ltr'>orationi,</span> <span class='ocrx_word' id='word_1_332' title='bbox 1528 519 1592 551; x_wconf 87' lang='lat' dir='ltr'>aut</span> <span class='ocrx_word' id='word_1_333' title='bbox 1612 515 1780 560; x_wconf 89' lang='lat' dir='ltr'>lectioni,</span> 
     </span>
     <span class='ocr_line' id='line_1_63' title="bbox 989 560 1782 608; baseline 0.005 -13"><span class='ocrx_word' id='word_1_334' title='bbox 989 564 1052 595; x_wconf 88' lang='lat' dir='ltr'>aut</span> <span class='ocrx_word' id='word_1_335' title='bbox 1086 560 1295 605; x_wconf 88' lang='lat' dir='ltr'>operationi</span> <span class='ocrx_word' id='word_1_336' title='bbox 1331 571 1370 596; x_wconf 90' lang='lat' dir='ltr'>se</span> <span class='ocrx_word' id='word_1_337' title='bbox 1403 561 1534 605; x_wconf 84' lang='lat' dir='ltr'>dabat3</span> <span class='ocrx_word' id='word_1_338' title='bbox 1561 572 1628 608; x_wconf 91' lang='lat' dir='ltr'>pro</span> <span class='ocrx_word' id='word_1_339' title='bbox 1662 563 1782 599; x_wconf 89' lang='lat' dir='ltr'>salute</span> 
     </span>
     <span class='ocr_line' id='line_1_64' title="bbox 989 606 1782 652; baseline 0.006 -11"><span class='ocrx_word' id='word_1_340' title='bbox 989 606 1137 652; x_wconf 91' lang='lat' dir='ltr'>generis</span> <span class='ocrx_word' id='word_1_341' title='bbox 1183 606 1338 642; x_wconf 88' lang='lat' dir='ltr'>humani</span> <span class='ocrx_word' id='word_1_342' title='bbox 1384 606 1466 643; x_wconf 91' lang='lat' dir='ltr'>sine</span> <span class='ocrx_word' id='word_1_343' title='bbox 1503 607 1782 646; x_wconf 85' lang='lat' dir='ltr'>intermissione</span> 
     </span>
     <span class='ocr_line' id='line_1_65' title="bbox 989 653 1783 699; baseline 0.005 -11"><span class='ocrx_word' id='word_1_344' title='bbox 989 654 1134 697; x_wconf 88' lang='lat' dir='ltr'>orabat,</span> <span class='ocrx_word' id='word_1_345' title='bbox 1160 653 1371 699; x_wconf 86' lang='lat' dir='ltr'>Scripturas</span> <span class='ocrx_word' id='word_1_346' title='bbox 1393 654 1438 690; x_wconf 93' lang='lat' dir='ltr'>de</span> <span class='ocrx_word' id='word_1_347' title='bbox 1462 655 1625 691; x_wconf 89' lang='lat' dir='ltr'>adventu</span> <span class='ocrx_word' id='word_1_348' title='bbox 1645 656 1783 693; x_wconf 87' lang='lat' dir='ltr'>Christi</span> 
     </span>
     <span class='ocr_line' id='line_1_66' title="bbox 990 700 1782 749; baseline 0.006 -14"><span class='ocrx_word' id='word_1_349' title='bbox 990 700 1204 744; x_wconf 82' lang='lat' dir='ltr'>frequenter</span> <span class='ocrx_word' id='word_1_350' title='bbox 1243 701 1404 746; x_wconf 87' lang='lat' dir='ltr'>legebat,</span> <span class='ocrx_word' id='word_1_351' title='bbox 1444 705 1480 737; x_wconf 90' lang='lat' dir='ltr'>et</span> <span class='ocrx_word' id='word_1_352' title='bbox 1525 702 1706 749; x_wconf 87' lang='lat' dir='ltr'>quidquid</span> <span class='ocrx_word' id='word_1_353' title='bbox 1743 703 1782 739; x_wconf 93' lang='lat' dir='ltr'>in</span> 
     </span>
     <span class='ocr_line' id='line_1_67' title="bbox 991 747 1782 793; baseline 0.006 -11"><span class='ocrx_word' id='word_1_354' title='bbox 991 747 1190 793; x_wconf 81' lang='lat' dir='ltr'>Scripturis</span> <span class='ocrx_word' id='word_1_355' title='bbox 1220 747 1265 783; x_wconf 91' lang='lat' dir='ltr'>de</span> <span class='ocrx_word' id='word_1_356' title='bbox 1298 747 1560 785; x_wconf 87' lang='lat' dir='ltr'>Incarnatione</span> <span class='ocrx_word' id='word_1_357' title='bbox 1585 750 1651 786; x_wconf 91' lang='lat' dir='ltr'>Dei</span> <span class='ocrx_word' id='word_1_358' title='bbox 1676 749 1782 787; x_wconf 89' lang='lat' dir='ltr'>inve-</span> 
     </span>
     <span class='ocr_line' id='line_1_68' title="bbox 990 794 1783 843; baseline 0.006 -15"><span class='ocrx_word' id='word_1_359' title='bbox 990 794 1129 838; x_wconf 82' lang='lat' dir='ltr'>niebat,</span> <span class='ocrx_word' id='word_1_360' title='bbox 1148 795 1232 838; x_wconf 91' lang='lat' dir='ltr'>hoc,</span> <span class='ocrx_word' id='word_1_361' title='bbox 1252 795 1454 831; x_wconf 88' lang='lat' dir='ltr'>osculando</span> <span class='ocrx_word' id='word_1_362' title='bbox 1477 799 1513 831; x_wconf 88' lang='lat' dir='ltr'>et</span> <span class='ocrx_word' id='word_1_363' title='bbox 1533 796 1783 843; x_wconf 86' lang='lat' dir='ltr'>amplexando</span> 
     </span>
     <span class='ocr_line' id='line_1_69' title="bbox 989 841 1783 891; baseline 0.005 -15"><span class='ocrx_word' id='word_1_364' title='bbox 989 841 1160 885; x_wconf 87' lang='lat' dir='ltr'>dulciter,</span> <span class='ocrx_word' id='word_1_365' title='bbox 1182 842 1386 887; x_wconf 87' lang='lat' dir='ltr'>relegebat.</span> <span class='ocrx_word' id='word_1_366' title='bbox 1409 842 1537 879; x_wconf 85' lang='lat' dir='ltr'>Fiebat</span> <span class='ocrx_word' id='word_1_367' title='bbox 1555 847 1609 889; x_wconf 91' lang='lat' dir='ltr'>ut,</span> <span class='ocrx_word' id='word_1_368' title='bbox 1630 843 1669 880; x_wconf 91' lang='lat' dir='ltr'>in</span> <span class='ocrx_word' id='word_1_369' title='bbox 1688 844 1783 891; x_wconf 85' lang='lat' dir='ltr'>vigi·</span> 
     </span>
     <span class='ocr_line' id='line_1_70' title="bbox 990 887 1784 938; baseline 0.008 -16"><span class='ocrx_word' id='word_1_370' title='bbox 990 887 1048 923; x_wconf 90' lang='lat' dir='ltr'>liis</span> <span class='ocrx_word' id='word_1_371' title='bbox 1084 887 1318 924; x_wconf 90' lang='lat' dir='ltr'>inveniretur</span> <span class='ocrx_word' id='word_1_372' title='bbox 1365 889 1480 935; x_wconf 90' lang='lat' dir='ltr'>prior,</span> <span class='ocrx_word' id='word_1_373' title='bbox 1519 889 1559 926; x_wconf 91' lang='lat' dir='ltr'>in</span> <span class='ocrx_word' id='word_1_374' title='bbox 1598 891 1784 938; x_wconf 82' lang='lat' dir='ltr'>sapientia</span> 
     </span>
     <span class='ocr_line' id='line_1_71' title="bbox 992 935 1782 984; baseline 0.006 -14"><span class='ocrx_word' id='word_1_375' title='bbox 992 935 1054 970; x_wconf 86' lang='lat' dir='ltr'>Dei</span> <span class='ocrx_word' id='word_1_376' title='bbox 1078 935 1273 980; x_wconf 90' lang='lat' dir='ltr'>eruditior,</span> <span class='ocrx_word' id='word_1_377' title='bbox 1296 936 1334 972; x_wconf 92' lang='lat' dir='ltr'>in</span> <span class='ocrx_word' id='word_1_378' title='bbox 1358 936 1568 973; x_wconf 86' lang='lat' dir='ltr'>humilitate</span> <span class='ocrx_word' id='word_1_379' title='bbox 1590 938 1782 984; x_wconf 90' lang='lat' dir='ltr'>humilior,</span> 
     </span>
     <span class='ocr_line' id='line_1_72' title="bbox 990 982 1783 1031; baseline 0.008 -14"><span class='ocrx_word' id='word_1_380' title='bbox 990 982 1027 1017; x_wconf 92' lang='lat' dir='ltr'>in</span> <span class='ocrx_word' id='word_1_381' title='bbox 1048 982 1277 1019; x_wconf 85' lang='lat' dir='ltr'>carminibus</span> <span class='ocrx_word' id='word_1_382' title='bbox 1298 983 1483 1019; x_wconf 82' lang='lat' dir='ltr'>iiavidicis</span> <span class='ocrx_word' id='word_1_383' title='bbox 1502 984 1723 1031; x_wconf 85' lang='lat' dir='ltr'>elegantior,</span> <span class='ocrx_word' id='word_1_384' title='bbox 1743 986 1783 1022; x_wconf 91' lang='lat' dir='ltr'>in</span> 
     </span>
     <span class='ocr_line' id='line_1_73' title="bbox 991 1029 1785 1079; baseline 0.008 -15"><span class='ocrx_word' id='word_1_385' title='bbox 991 1029 1171 1065; x_wconf 85' lang='lat' dir='ltr'>charitate</span> <span class='ocrx_word' id='word_1_386' title='bbox 1209 1030 1423 1075; x_wconf 86' lang='lat' dir='ltr'>gratiosior,</span> <span class='ocrx_word' id='word_1_387' title='bbox 1455 1030 1493 1066; x_wconf 93' lang='lat' dir='ltr'>in</span> <span class='ocrx_word' id='word_1_388' title='bbox 1523 1031 1686 1077; x_wconf 88' lang='lat' dir='ltr'>puritate</span> <span class='ocrx_word' id='word_1_389' title='bbox 1718 1043 1785 1079; x_wconf 92' lang='lat' dir='ltr'>pu-</span> 
     </span>
     <span class='ocr_line' id='line_1_74' title="bbox 989 1076 1784 1124; baseline 0.005 -13"><span class='ocrx_word' id='word_1_390' title='bbox 989 1076 1080 1120; x_wconf 86' lang='lat' dir='ltr'>rior,</span> <span class='ocrx_word' id='word_1_391' title='bbox 1105 1076 1142 1112; x_wconf 93' lang='lat' dir='ltr'>in</span> <span class='ocrx_word' id='word_1_392' title='bbox 1169 1076 1269 1112; x_wconf 89' lang='lat' dir='ltr'>omni</span> <span class='ocrx_word' id='word_1_393' title='bbox 1291 1078 1427 1113; x_wconf 89' lang='lat' dir='ltr'>virtute</span> <span class='ocrx_word' id='word_1_394' title='bbox 1448 1078 1649 1124; x_wconf 87' lang='lat' dir='ltr'>perfectior</span> <span class='ocrx_word' id='word_1_395' title='bbox 1670 1091 1679 1116; x_wconf 91' lang='lat'>:</span> <span class='ocrx_word' id='word_1_396' title='bbox 1702 1083 1784 1117; x_wconf 88' lang='lat' dir='ltr'>erat</span> 
     </span>
     <span class='ocr_line' id='line_1_75' title="bbox 990 1123 1784 1174; baseline 0.008 -16"><span class='ocrx_word' id='word_1_397' title='bbox 990 1123 1088 1159; x_wconf 92' lang='lat' dir='ltr'>enim</span> <span class='ocrx_word' id='word_1_398' title='bbox 1115 1127 1290 1160; x_wconf 87' lang='lat' dir='ltr'>constans</span> <span class='ocrx_word' id='word_1_399' title='bbox 1316 1127 1350 1160; x_wconf 84' lang='lat' dir='ltr'>et</span> <span class='ocrx_word' id='word_1_400' title='bbox 1378 1124 1595 1170; x_wconf 88' lang='lat' dir='ltr'>immobilis,</span> <span class='ocrx_word' id='word_1_401' title='bbox 1623 1129 1660 1163; x_wconf 92' lang='lat' dir='ltr'>et</span> <span class='ocrx_word' id='word_1_402' title='bbox 1685 1137 1784 1174; x_wconf 90' lang='lat' dir='ltr'>quo-</span> 
     </span>
     <span class='ocr_line' id='line_1_76' title="bbox 990 1170 1783 1211; baseline 0.008 -6"><span class='ocrx_word' id='word_1_403' title='bbox 990 1170 1079 1206; x_wconf 91' lang='lat' dir='ltr'>tidie</span> <span class='ocrx_word' id='word_1_404' title='bbox 1114 1170 1152 1206; x_wconf 92' lang='lat' dir='ltr'>in</span> <span class='ocrx_word' id='word_1_405' title='bbox 1185 1170 1318 1207; x_wconf 90' lang='lat' dir='ltr'>melius</span> <span class='ocrx_word' id='word_1_406' title='bbox 1347 1172 1543 1209; x_wconf 83' lang='lat' dir='ltr'>transibat.</span> <span class='ocrx_word' id='word_1_407' title='bbox 1577 1175 1680 1210; x_wconf 87' lang='lat' dir='ltr'>Hanc</span> <span class='ocrx_word' id='word_1_408' title='bbox 1704 1174 1783 1211; x_wconf 83' lang='lat' dir='ltr'>ira·</span> 
     </span>
     <span class='ocr_line' id='line_1_77' title="bbox 990 1218 1784 1258; baseline 0.008 -6"><span class='ocrx_word' id='word_1_409' title='bbox 990 1221 1155 1252; x_wconf 90' lang='lat' dir='ltr'>scentem</span> <span class='ocrx_word' id='word_1_410' title='bbox 1170 1218 1295 1254; x_wconf 89' lang='lat' dir='ltr'>nullus</span> <span class='ocrx_word' id='word_1_411' title='bbox 1309 1218 1400 1254; x_wconf 87' lang='lat' dir='ltr'>vidit</span> <span class='ocrx_word' id='word_1_412' title='bbox 1413 1220 1470 1255; x_wconf 90' lang='lat' dir='ltr'>vel</span> <span class='ocrx_word' id='word_1_413' title='bbox 1484 1219 1638 1257; x_wconf 87' lang='lat' dir='ltr'>audivit.</span> <span class='ocrx_word' id='word_1_414' title='bbox 1654 1221 1784 1258; x_wconf 90' lang='lat' dir='ltr'>Omnis</span> 
     </span>
     <span class='ocr_line' id='line_1_78' title="bbox 990 1264 1784 1314; baseline 0.009 -16"><span class='ocrx_word' id='word_1_415' title='bbox 990 1275 1113 1299; x_wconf 88' lang='lat' dir='ltr'>sermo</span> <span class='ocrx_word' id='word_1_416' title='bbox 1150 1265 1229 1310; x_wconf 87' lang='lat' dir='ltr'>ejus</span> <span class='ocrx_word' id='word_1_417' title='bbox 1267 1264 1319 1301; x_wconf 92' lang='lat' dir='ltr'>ita</span> <span class='ocrx_word' id='word_1_418' title='bbox 1357 1269 1438 1302; x_wconf 91' lang='lat' dir='ltr'>erat</span> <span class='ocrx_word' id='word_1_419' title='bbox 1474 1267 1595 1312; x_wconf 87' lang='lat' dir='ltr'>gratia</span> <span class='ocrx_word' id='word_1_420' title='bbox 1631 1269 1784 1314; x_wconf 88' lang='lat' dir='ltr'>plenus,</span> 
     </span>
     <span class='ocr_line' id='line_1_79' title="bbox 990 1310 1782 1358; baseline 0.01 -13"><span class='ocrx_word' id='word_1_421' title='bbox 990 1314 1029 1346; x_wconf 85' lang='lat' dir='ltr'>ut</span> <span class='ocrx_word' id='word_1_422' title='bbox 1056 1311 1094 1345; x_wconf 91' lang='lat' dir='ltr'>in</span> <span class='ocrx_word' id='word_1_423' title='bbox 1124 1310 1251 1356; x_wconf 87' lang='lat' dir='ltr'>lingua</span> <span class='ocrx_word' id='word_1_424' title='bbox 1275 1312 1355 1358; x_wconf 88' lang='lat' dir='ltr'>ejus</span> <span class='ocrx_word' id='word_1_425' title='bbox 1376 1317 1645 1358; x_wconf 84' lang='lat' dir='ltr'>agnosceretur</span> <span class='ocrx_word' id='word_1_426' title='bbox 1670 1317 1782 1352; x_wconf 88' lang='lat' dir='ltr'>Deus.</span> 
     </span>
     <span class='ocr_line' id='line_1_80' title="bbox 990 1358 1785 1407; baseline 0.01 -15"><span class='ocrx_word' id='word_1_427' title='bbox 990 1359 1033 1393; x_wconf 88' lang='lat' dir='ltr'>Et</span> <span class='ocrx_word' id='word_1_428' title='bbox 1053 1361 1133 1393; x_wconf 91' lang='lat' dir='ltr'>erat</span> <span class='ocrx_word' id='word_1_429' title='bbox 1153 1358 1313 1394; x_wconf 91' lang='lat' dir='ltr'>sollicita</span> <span class='ocrx_word' id='word_1_430' title='bbox 1340 1358 1438 1395; x_wconf 83' lang='lat' dir='ltr'>circa</span> <span class='ocrx_word' id='word_1_431' title='bbox 1459 1360 1580 1397; x_wconf 84' lang='lat' dir='ltr'>socias</span> <span class='ocrx_word' id='word_1_432' title='bbox 1605 1372 1707 1407; x_wconf 88' lang='lat' dir='ltr'>suas,</span> <span class='ocrx_word' id='word_1_433' title='bbox 1736 1374 1785 1400; x_wconf 90' lang='lat' dir='ltr'>ne</span> 
     </span>
     <span class='ocr_line' id='line_1_81' title="bbox 989 1404 1786 1454; baseline 0.009 -14"><span class='ocrx_word' id='word_1_434' title='bbox 989 1404 1115 1450; x_wconf 78' lang='lat' dir='ltr'>aliqua</span> <span class='ocrx_word' id='word_1_435' title='bbox 1135 1416 1177 1441; x_wconf 88' lang='lat' dir='ltr'>ex</span> <span class='ocrx_word' id='word_1_436' title='bbox 1200 1405 1268 1449; x_wconf 90' lang='lat' dir='ltr'>eis,</span> <span class='ocrx_word' id='word_1_437' title='bbox 1290 1405 1328 1441; x_wconf 93' lang='lat' dir='ltr'>in</span> <span class='ocrx_word' id='word_1_438' title='bbox 1353 1406 1427 1442; x_wconf 91' lang='lat' dir='ltr'>ullo</span> <span class='ocrx_word' id='word_1_439' title='bbox 1453 1417 1641 1454; x_wconf 82' lang='lat' dir='ltr'>sermone,</span> <span class='ocrx_word' id='word_1_440' title='bbox 1663 1410 1786 1446; x_wconf 86' lang='lat' dir='ltr'>offen-</span> 
     </span>
     <span class='ocr_line' id='line_1_82' title="bbox 990 1452 1784 1498; baseline 0.01 -12"><span class='ocrx_word' id='word_1_441' title='bbox 990 1452 1112 1496; x_wconf 59' lang='lat' dir='ltr'>deren</span> <span class='ocrx_word' id='word_1_442' title='bbox 1138 1463 1185 1488; x_wconf 91' lang='lat' dir='ltr'>ne</span> <span class='ocrx_word' id='word_1_443' title='bbox 1202 1452 1342 1498; x_wconf 85' lang='lat' dir='ltr'>aliqua,</span> <span class='ocrx_word' id='word_1_444' title='bbox 1362 1453 1399 1488; x_wconf 92' lang='lat' dir='ltr'>in</span> <span class='ocrx_word' id='word_1_445' title='bbox 1417 1453 1508 1497; x_wconf 90' lang='lat' dir='ltr'>risu,</span> <span class='ocrx_word' id='word_1_446' title='bbox 1530 1465 1659 1492; x_wconf 88' lang='lat' dir='ltr'>vocem</span> <span class='ocrx_word' id='word_1_447' title='bbox 1676 1467 1784 1494; x_wconf 89' lang='lat' dir='ltr'>suam</span> 
     </span>
     <span class='ocr_line' id='line_1_83' title="bbox 991 1499 1783 1548; baseline 0.009 -15"><span class='ocrx_word' id='word_1_448' title='bbox 991 1499 1189 1543; x_wconf 79' lang='lat' dir='ltr'>exaltaret3</span> <span class='ocrx_word' id='word_1_449' title='bbox 1236 1511 1283 1535; x_wconf 92' lang='lat' dir='ltr'>ne</span> <span class='ocrx_word' id='word_1_450' title='bbox 1329 1500 1455 1546; x_wconf 83' lang='lat' dir='ltr'>aliqua</span> <span class='ocrx_word' id='word_1_451' title='bbox 1499 1501 1683 1548; x_wconf 85' lang='lat' dir='ltr'>injuriosa</span> <span class='ocrx_word' id='word_1_452' title='bbox 1725 1505 1783 1541; x_wconf 89' lang='lat' dir='ltr'>vel</span> 
     </span>
     <span class='ocr_line' id='line_1_84' title="bbox 990 1546 1782 1595; baseline 0.009 -14"><span class='ocrx_word' id='word_1_453' title='bbox 990 1547 1150 1592; x_wconf 86' lang='lat' dir='ltr'>superba</span> <span class='ocrx_word' id='word_1_454' title='bbox 1171 1546 1269 1582; x_wconf 89' lang='lat' dir='ltr'>circa</span> <span class='ocrx_word' id='word_1_455' title='bbox 1291 1558 1421 1593; x_wconf 87' lang='lat' dir='ltr'>parem</span> <span class='ocrx_word' id='word_1_456' title='bbox 1443 1559 1550 1584; x_wconf 90' lang='lat' dir='ltr'>suam</span> <span class='ocrx_word' id='word_1_457' title='bbox 1580 1549 1782 1595; x_wconf 78' lang='lat' dir='ltr'>existeret3</span> 
     </span>
     <span class='ocr_line' id='line_1_85' title="bbox 990 1593 1785 1640; baseline 0.009 -12"><span class='ocrx_word' id='word_1_458' title='bbox 990 1604 1036 1628; x_wconf 89' lang='lat' dir='ltr'>ne</span> <span class='ocrx_word' id='word_1_459' title='bbox 1065 1593 1104 1628; x_wconf 92' lang='lat' dir='ltr'>in</span> <span class='ocrx_word' id='word_1_460' title='bbox 1133 1593 1258 1639; x_wconf 86' lang='lat' dir='ltr'>aliquo</span> <span class='ocrx_word' id='word_1_461' title='bbox 1294 1598 1507 1640; x_wconf 86' lang='lat' dir='ltr'>peccarent.</span> <span class='ocrx_word' id='word_1_462' title='bbox 1546 1595 1633 1633; x_wconf 92' lang='lat' dir='ltr'>Sine</span> <span class='ocrx_word' id='word_1_463' title='bbox 1671 1597 1785 1635; x_wconf 89' lang='lat' dir='ltr'>inter-</span> 
     </span>
     <span class='ocr_line' id='line_1_86' title="bbox 992 1640 1785 1689; baseline 0.009 -14"><span class='ocrx_word' id='word_1_464' title='bbox 992 1640 1168 1676; x_wconf 84' lang='lat' dir='ltr'>missione</span> <span class='ocrx_word' id='word_1_465' title='bbox 1188 1641 1434 1678; x_wconf 90' lang='lat' dir='ltr'>benedicebat</span> <span class='ocrx_word' id='word_1_466' title='bbox 1446 1642 1659 1689; x_wconf 91' lang='lat' dir='ltr'>Dominum,</span> <span class='ocrx_word' id='word_1_467' title='bbox 1681 1648 1717 1681; x_wconf 91' lang='lat' dir='ltr'>et</span> <span class='ocrx_word' id='word_1_468' title='bbox 1737 1656 1785 1682; x_wconf 91' lang='lat' dir='ltr'>ne</span> 
     </span>
     <span class='ocr_line' id='line_1_87' title="bbox 991 1686 1784 1729; baseline 0.009 -7"><span class='ocrx_word' id='word_1_469' title='bbox 991 1687 1086 1723; x_wconf 87' lang='lat' dir='ltr'>sorte</span> <span class='ocrx_word' id='word_1_470' title='bbox 1106 1686 1145 1723; x_wconf 90' lang='lat' dir='ltr'>in</span> <span class='ocrx_word' id='word_1_471' title='bbox 1165 1688 1369 1725; x_wconf 86' lang='lat' dir='ltr'>salvatione</span> <span class='ocrx_word' id='word_1_472' title='bbox 1391 1700 1458 1726; x_wconf 90' lang='lat' dir='ltr'>sua</span> <span class='ocrx_word' id='word_1_473' title='bbox 1477 1700 1499 1726; x_wconf 88' lang='lat' dir='ltr'>a</span> <span class='ocrx_word' id='word_1_474' title='bbox 1518 1690 1690 1728; x_wconf 88' lang='lat' dir='ltr'>laudibus</span> <span class='ocrx_word' id='word_1_475' title='bbox 1710 1694 1784 1729; x_wconf 91' lang='lat' dir='ltr'>Do-</span> 
     </span>
     <span class='ocr_line' id='line_1_88' title="bbox 991 1734 1783 1785; baseline 0.009 -16"><span class='ocrx_word' id='word_1_476' title='bbox 991 1734 1084 1770; x_wconf 91' lang='lat' dir='ltr'>mini</span> <span class='ocrx_word' id='word_1_477' title='bbox 1102 1735 1310 1779; x_wconf 80' lang='lat' dir='ltr'>tolleretur,</span> <span class='ocrx_word' id='word_1_478' title='bbox 1330 1735 1360 1772; x_wconf 74' lang='lat' dir='ltr'>s&#39;i</span> <span class='ocrx_word' id='word_1_479' title='bbox 1382 1736 1464 1781; x_wconf 84' lang='lat' dir='ltr'>quis</span> <span class='ocrx_word' id='word_1_480' title='bbox 1478 1748 1561 1773; x_wconf 84' lang='lat' dir='ltr'>eam</span> <span class='ocrx_word' id='word_1_481' title='bbox 1581 1738 1783 1785; x_wconf 84' lang='lat' dir='ltr'>salutabat,</span> 
     </span>
     <span class='ocr_line' id='line_1_89' title="bbox 992 1781 1785 1830; baseline 0.009 -14"><span class='ocrx_word' id='word_1_482' title='bbox 992 1781 1072 1827; x_wconf 82' lang='lat' dir='ltr'>ipsa</span> <span class='ocrx_word' id='word_1_483' title='bbox 1108 1793 1175 1828; x_wconf 89' lang='lat' dir='ltr'>pro</span> <span class='ocrx_word' id='word_1_484' title='bbox 1214 1783 1480 1820; x_wconf 86' lang='lat' dir='ltr'>resalutatione</span> <span class='ocrx_word' id='word_1_485' title='bbox 1517 1787 1587 1820; x_wconf 84' lang='lat' dir='ltr'>Deo</span> <span class='ocrx_word' id='word_1_486' title='bbox 1626 1788 1785 1830; x_wconf 68' lang='lat' dir='ltr'>qratias,</span> 
     </span>
     <span class='ocr_line' id='line_1_90' title="bbox 992 1829 1787 1880; baseline 0.008 -16"><span class='ocrx_word' id='word_1_487' title='bbox 992 1829 1263 1875; x_wconf 83' lang='lat' dir='ltr'>respondebat3</span> <span class='ocrx_word' id='word_1_488' title='bbox 1290 1829 1417 1876; x_wconf 86' lang='lat' dir='ltr'>sicque</span> <span class='ocrx_word' id='word_1_489' title='bbox 1448 1831 1610 1877; x_wconf 91' lang='lat' dir='ltr'>primum</span> <span class='ocrx_word' id='word_1_490' title='bbox 1633 1833 1681 1869; x_wconf 87' lang='lat' dir='ltr'>ab</span> <span class='ocrx_word' id='word_1_491' title='bbox 1704 1833 1787 1880; x_wconf 82' lang='lat' dir='ltr'>ipsa</span> 
     </span>
     <span class='ocr_line' id='line_1_91' title="bbox 993 1876 1789 1920; baseline 0.008 -9"><span class='ocrx_word' id='word_1_492' title='bbox 993 1876 1116 1920; x_wconf 81' lang='lat' dir='ltr'>exivit,</span> <span class='ocrx_word' id='word_1_493' title='bbox 1144 1879 1184 1912; x_wconf 86' lang='lat' dir='ltr'>ut</span> <span class='ocrx_word' id='word_1_494' title='bbox 1210 1877 1298 1913; x_wconf 91' lang='lat' dir='ltr'>dum</span> <span class='ocrx_word' id='word_1_495' title='bbox 1330 1877 1504 1914; x_wconf 89' lang='lat' dir='ltr'>homines</span> <span class='ocrx_word' id='word_1_496' title='bbox 1538 1879 1656 1915; x_wconf 87' lang='lat' dir='ltr'>sancti</span> <span class='ocrx_word' id='word_1_497' title='bbox 1690 1881 1789 1917; x_wconf 88' lang='lat' dir='ltr'>salu·</span> 
     </span>
     <span class='ocr_line' id='line_1_92' title="bbox 991 1924 1677 1972; baseline 0.006 -13"><span class='ocrx_word' id='word_1_498' title='bbox 991 1927 1133 1967; x_wconf 86' lang='lat' dir='ltr'>tantur,</span> <span class='ocrx_word' id='word_1_499' title='bbox 1154 1926 1224 1960; x_wconf 86' lang='lat' dir='ltr'>Deo</span> <span class='ocrx_word' id='word_1_500' title='bbox 1245 1926 1387 1969; x_wconf 70' lang='lat' dir='ltr'>qratias</span> <span class='ocrx_word' id='word_1_501' title='bbox 1409 1924 1550 1962; x_wconf 89' lang='lat' dir='ltr'>dicant.</span> <span class='ocrx_word' id='word_1_502' title='bbox 1676 1969 1677 1972; x_wconf 11' lang='grc' dir='ltr'><strong>Ἴ</strong></span> 
     </span>
    </p>

    <p class='ocr_par' dir='ltr' id='par_1_8' title="bbox 992 1972 1792 2869">
     <span class='ocr_line' id='line_1_93' title="bbox 1044 1972 1786 2013; baseline 0.009 -8"><span class='ocrx_word' id='word_1_503' title='bbox 1044 1985 1084 2006; x_wconf 84' lang='grc' dir='ltr'>ιο</span> <span class='ocrx_word' id='word_1_504' title='bbox 1107 1972 1232 2007; x_wconf 72' lang='lat' dir='ltr'>Vormi</span> <span class='ocrx_word' id='word_1_505' title='bbox 1248 1984 1485 2008; x_wconf 71' lang='lat' dir='ltr'>VIRG1N1TATIS</span> <span class='ocrx_word' id='word_1_506' title='bbox 1505 1985 1613 2010; x_wconf 76' lang='lat' dir='ltr'>PRIMA</span> <span class='ocrx_word' id='word_1_507' title='bbox 1632 1987 1786 2013; x_wconf 72' lang='lat' dir='ltr'>EMi‘r‘rir.</span> 
     </span>
     <span class='ocr_line' id='line_1_94' title="bbox 993 2018 1786 2065; baseline 0.01 -13"><span class='ocrx_word' id='word_1_508' title='bbox 993 2039 1038 2043; x_wconf 97' lang='lat'><strong>—</strong></span> <span class='ocrx_word' id='word_1_509' title='bbox 1059 2019 1142 2063; x_wconf 86' lang='lat' dir='ltr'>Ipsa</span> <span class='ocrx_word' id='word_1_510' title='bbox 1173 2018 1286 2054; x_wconf 87' lang='lat' dir='ltr'>etiam</span> <span class='ocrx_word' id='word_1_511' title='bbox 1305 2019 1427 2065; x_wconf 83' lang='lat' dir='ltr'>prIma</span> <span class='ocrx_word' id='word_1_512' title='bbox 1453 2020 1619 2058; x_wconf 88' lang='lat' dir='ltr'>omnium</span> <span class='ocrx_word' id='word_1_513' title='bbox 1640 2022 1686 2058; x_wconf 92' lang='lat' dir='ltr'>de</span> <span class='ocrx_word' id='word_1_514' title='bbox 1706 2033 1786 2060; x_wconf 88' lang='lat' dir='ltr'>ser-</span> 
     </span>
     <span class='ocr_line' id='line_1_95' title="bbox 992 2065 1790 2112; baseline 0.009 -13"><span class='ocrx_word' id='word_1_515' title='bbox 992 2066 1114 2101; x_wconf 68' lang='lat' dir='ltr'>vanda</span> <span class='ocrx_word' id='word_1_516' title='bbox 1159 2065 1387 2112; x_wconf 84' lang='lat' dir='ltr'>virginitate,</span> <span class='ocrx_word' id='word_1_517' title='bbox 1429 2066 1501 2103; x_wconf 90' lang='lat' dir='ltr'>nisi</span> <span class='ocrx_word' id='word_1_518' title='bbox 1539 2069 1637 2105; x_wconf 87' lang='lat' dir='ltr'>Deus</span> <span class='ocrx_word' id='word_1_519' title='bbox 1678 2069 1790 2107; x_wconf 80' lang='lat' dir='ltr'>aliter</span> 
     </span>
     <span class='ocr_line' id='line_1_96' title="bbox 992 2112 1789 2160; baseline 0.009 -13"><span class='ocrx_word' id='word_1_520' title='bbox 992 2112 1198 2157; x_wconf 87' lang='lat' dir='ltr'>ordinaret,</span> <span class='ocrx_word' id='word_1_521' title='bbox 1220 2116 1347 2149; x_wconf 83' lang='lat' dir='ltr'>votum</span> <span class='ocrx_word' id='word_1_522' title='bbox 1366 2114 1479 2159; x_wconf 80' lang='lat' dir='ltr'>vovit,</span> <span class='ocrx_word' id='word_1_523' title='bbox 1500 2116 1600 2160; x_wconf 87' lang='lat' dir='ltr'>quod</span> <span class='ocrx_word' id='word_1_524' title='bbox 1618 2116 1722 2153; x_wconf 87' lang='lat' dir='ltr'>nulla</span> <span class='ocrx_word' id='word_1_525' title='bbox 1740 2118 1789 2154; x_wconf 87' lang='lat' dir='ltr'>ab</span> 
     </span>
     <span class='ocr_line' id='line_1_97' title="bbox 993 2159 1789 2206; baseline 0.009 -12"><span class='ocrx_word' id='word_1_526' title='bbox 993 2159 1098 2195; x_wconf 88' lang='lat' dir='ltr'>initio</span> <span class='ocrx_word' id='word_1_527' title='bbox 1139 2160 1268 2205; x_wconf 90' lang='lat' dir='ltr'>seculi,</span> <span class='ocrx_word' id='word_1_528' title='bbox 1303 2171 1345 2197; x_wconf 86' lang='lat' dir='ltr'>ex</span> <span class='ocrx_word' id='word_1_529' title='bbox 1380 2172 1453 2206; x_wconf 78' lang='lat' dir='ltr'>quo</span> <span class='ocrx_word' id='word_1_530' title='bbox 1485 2161 1546 2197; x_wconf 88' lang='lat' dir='ltr'>hic</span> <span class='ocrx_word' id='word_1_531' title='bbox 1581 2162 1700 2200; x_wconf 84' lang='lat' dir='ltr'>sactus</span> <span class='ocrx_word' id='word_1_532' title='bbox 1730 2167 1789 2201; x_wconf 87' lang='lat' dir='ltr'>est</span> 
     </span>
     <span class='ocr_line' id='line_1_98' title="bbox 994 2206 1786 2256; baseline 0.008 -14"><span class='ocrx_word' id='word_1_533' title='bbox 994 2206 1169 2251; x_wconf 90' lang='lat' dir='ltr'>mundus,</span> <span class='ocrx_word' id='word_1_534' title='bbox 1191 2209 1267 2244; x_wconf 88' lang='lat' dir='ltr'>Deo</span> <span class='ocrx_word' id='word_1_535' title='bbox 1285 2208 1431 2244; x_wconf 88' lang='lat' dir='ltr'>obtulit.</span> <span class='ocrx_word' id='word_1_536' title='bbox 1454 2210 1544 2245; x_wconf 89' lang='lat' dir='ltr'>Tam</span> <span class='ocrx_word' id='word_1_537' title='bbox 1562 2210 1786 2256; x_wconf 85' lang='lat' dir='ltr'>prudenter,</span> 
     </span>
     <span class='ocr_line' id='line_1_99' title="bbox 992 2254 1788 2302; baseline 0.008 -13"><span class='ocrx_word' id='word_1_538' title='bbox 992 2257 1070 2289; x_wconf 88' lang='lat' dir='ltr'>tam</span> <span class='ocrx_word' id='word_1_539' title='bbox 1090 2254 1381 2299; x_wconf 88' lang='lat' dir='ltr'>humiliter,tam</span> <span class='ocrx_word' id='word_1_540' title='bbox 1393 2255 1526 2292; x_wconf 87' lang='lat' dir='ltr'>devote</span> <span class='ocrx_word' id='word_1_541' title='bbox 1547 2267 1586 2293; x_wconf 90' lang='lat' dir='ltr'>se</span> <span class='ocrx_word' id='word_1_542' title='bbox 1606 2257 1788 2302; x_wconf 87' lang='lat' dir='ltr'>habebat,</span> 
     </span>
     <span class='ocr_line' id='line_1_100' title="bbox 994 2301 1788 2349; baseline 0.008 -13"><span class='ocrx_word' id='word_1_543' title='bbox 994 2301 1094 2346; x_wconf 84' lang='lat' dir='ltr'>quod</span> <span class='ocrx_word' id='word_1_544' title='bbox 1132 2301 1207 2338; x_wconf 84' lang='lat' dir='ltr'>vita</span> <span class='ocrx_word' id='word_1_545' title='bbox 1244 2301 1360 2348; x_wconf 90' lang='lat' dir='ltr'>ipsius</span> <span class='ocrx_word' id='word_1_546' title='bbox 1395 2303 1604 2349; x_wconf 87' lang='lat' dir='ltr'>exemplum</span> <span class='ocrx_word' id='word_1_547' title='bbox 1637 2304 1788 2342; x_wconf 88' lang='lat' dir='ltr'>vivendi</span> 
     </span>
     <span class='ocr_line' id='line_1_101' title="bbox 994 2348 1788 2399; baseline 0.008 -16"><span class='ocrx_word' id='word_1_548' title='bbox 994 2348 1136 2384; x_wconf 90' lang='lat' dir='ltr'>cunctis</span> <span class='ocrx_word' id='word_1_549' title='bbox 1158 2349 1362 2395; x_wconf 84' lang='lat' dir='ltr'>praebebat.</span> <span class='ocrx_word' id='word_1_550' title='bbox 1390 2350 1496 2387; x_wconf 90' lang='lat' dir='ltr'>Unde</span> <span class='ocrx_word' id='word_1_551' title='bbox 1519 2350 1566 2388; x_wconf 87' lang='lat' dir='ltr'>de</span> <span class='ocrx_word' id='word_1_552' title='bbox 1596 2351 1674 2388; x_wconf 85' lang='lat' dir='ltr'>vita</span> <span class='ocrx_word' id='word_1_553' title='bbox 1705 2353 1788 2399; x_wconf 77' lang='lat' dir='ltr'>eJus</span> 
     </span>
     <span class='ocr_line' id='line_1_102' title="bbox 995 2394 1789 2436; baseline 0.006 -5"><span class='ocrx_word' id='word_1_554' title='bbox 995 2394 1047 2431; x_wconf 90' lang='lat' dir='ltr'>sic</span> <span class='ocrx_word' id='word_1_555' title='bbox 1089 2396 1218 2433; x_wconf 89' lang='lat' dir='ltr'>scribit</span> <span class='ocrx_word' id='word_1_556' title='bbox 1254 2397 1470 2433; x_wconf 80' lang='lat' dir='ltr'>Ambrosius</span> <span class='ocrx_word' id='word_1_557' title='bbox 1496 2411 1507 2434; x_wconf 90' lang='lat'>.·</span> <span class='ocrx_word' id='word_1_558' title='bbox 1534 2413 1553 2431; x_wconf 92' lang='lat'>«</span> <span class='ocrx_word' id='word_1_559' title='bbox 1588 2397 1642 2435; x_wconf 89' lang='lat' dir='ltr'>Sit</span> <span class='ocrx_word' id='word_1_560' title='bbox 1677 2399 1789 2436; x_wconf 89' lang='lat' dir='ltr'>nobis</span> 
     </span>
     <span class='ocr_line' id='line_1_103' title="bbox 994 2443 1789 2492; baseline 0.006 -14"><span class='ocrx_word' id='word_1_561' title='bbox 994 2446 1186 2488; x_wconf 78' lang='lat' dir='ltr'>tamquam</span> <span class='ocrx_word' id='word_1_562' title='bbox 1221 2443 1260 2479; x_wconf 94' lang='lat' dir='ltr'>in</span> <span class='ocrx_word' id='word_1_563' title='bbox 1295 2443 1458 2490; x_wconf 82' lang='lat' dir='ltr'>imagine</span> <span class='ocrx_word' id='word_1_564' title='bbox 1491 2444 1678 2492; x_wconf 85' lang='lat' dir='ltr'>descripta</span> <span class='ocrx_word' id='word_1_565' title='bbox 1711 2445 1789 2484; x_wconf 76' lang='lat' dir='ltr'>vita</span> 
     </span>
     <span class='ocr_line' id='line_1_104' title="bbox 996 2490 1790 2539; baseline 0.006 -14"><span class='ocrx_word' id='word_1_566' title='bbox 996 2490 1136 2535; x_wconf 76' lang='lat' dir='ltr'>Mariae,</span> <span class='ocrx_word' id='word_1_567' title='bbox 1164 2501 1207 2527; x_wconf 86' lang='lat' dir='ltr'>ex</span> <span class='ocrx_word' id='word_1_568' title='bbox 1239 2501 1327 2537; x_wconf 87' lang='lat' dir='ltr'>qua,</span> <span class='ocrx_word' id='word_1_569' title='bbox 1355 2492 1455 2527; x_wconf 89' lang='lat' dir='ltr'>velut</span> <span class='ocrx_word' id='word_1_570' title='bbox 1488 2502 1509 2528; x_wconf 91' lang='lat' dir='ltr'>e</span> <span class='ocrx_word' id='word_1_571' title='bbox 1535 2493 1700 2539; x_wconf 90' lang='lat' dir='ltr'>speculo,</span> <span class='ocrx_word' id='word_1_572' title='bbox 1727 2504 1790 2530; x_wconf 87' lang='lat' dir='ltr'>re-</span> 
     </span>
     <span class='ocr_line' id='line_1_105' title="bbox 996 2537 1792 2583; baseline 0.005 -11"><span class='ocrx_word' id='word_1_573' title='bbox 996 2537 1111 2582; x_wconf 85' lang='lat' dir='ltr'>fulget</span> <span class='ocrx_word' id='word_1_574' title='bbox 1131 2537 1273 2583; x_wconf 89' lang='lat' dir='ltr'>species</span> <span class='ocrx_word' id='word_1_575' title='bbox 1295 2538 1500 2583; x_wconf 87' lang='lat' dir='ltr'>charitatis,</span> <span class='ocrx_word' id='word_1_576' title='bbox 1521 2543 1558 2575; x_wconf 90' lang='lat' dir='ltr'>et</span> <span class='ocrx_word' id='word_1_577' title='bbox 1577 2539 1699 2576; x_wconf 80' lang='lat' dir='ltr'>forma</span> <span class='ocrx_word' id='word_1_578' title='bbox 1717 2540 1792 2577; x_wconf 87' lang='lat' dir='ltr'>vir-</span> 
     </span>
     <span class='ocr_line' id='line_1_106' title="bbox 995 2584 1788 2633; baseline 0.006 -14"><span class='ocrx_word' id='word_1_579' title='bbox 995 2584 1096 2620; x_wconf 82' lang='lat' dir='ltr'>tutis.</span> <span class='ocrx_word' id='word_1_580' title='bbox 1132 2584 1245 2631; x_wconf 73' lang='lat' dir='ltr'>Virgo</span> <span class='ocrx_word' id='word_1_581' title='bbox 1283 2590 1364 2621; x_wconf 88' lang='lat' dir='ltr'>erat</span> <span class='ocrx_word' id='word_1_582' title='bbox 1395 2595 1551 2632; x_wconf 88' lang='lat' dir='ltr'>corpore</span> <span class='ocrx_word' id='word_1_583' title='bbox 1585 2589 1621 2622; x_wconf 90' lang='lat' dir='ltr'>et</span> <span class='ocrx_word' id='word_1_584' title='bbox 1647 2590 1788 2633; x_wconf 89' lang='lat' dir='ltr'>mente,</span> 
     </span>
     <span class='ocr_line' id='line_1_107' title="bbox 995 2631 1790 2678; baseline 0.006 -12"><span class='ocrx_word' id='word_1_585' title='bbox 995 2631 1107 2667; x_wconf 90' lang='lat' dir='ltr'>corde</span> <span class='ocrx_word' id='word_1_586' title='bbox 1133 2632 1298 2677; x_wconf 88' lang='lat' dir='ltr'>humilis,</span> <span class='ocrx_word' id='word_1_587' title='bbox 1328 2632 1454 2669; x_wconf 88' lang='lat' dir='ltr'>verbis</span> <span class='ocrx_word' id='word_1_588' title='bbox 1486 2632 1624 2678; x_wconf 79' lang='lat' dir='ltr'>gravis,</span> <span class='ocrx_word' id='word_1_589' title='bbox 1661 2634 1790 2671; x_wconf 80' lang='lat' dir='ltr'>animo</span> 
     </span>
     <span class='ocr_line' id='line_1_108' title="bbox 994 2678 1788 2727; baseline 0.006 -14"><span class='ocrx_word' id='word_1_590' title='bbox 994 2678 1173 2724; x_wconf 92' lang='lat' dir='ltr'>prudens,</span> <span class='ocrx_word' id='word_1_591' title='bbox 1217 2679 1391 2726; x_wconf 90' lang='lat' dir='ltr'>loquendi</span> <span class='ocrx_word' id='word_1_592' title='bbox 1428 2679 1598 2726; x_wconf 84' lang='lat' dir='ltr'>peritior,</span> <span class='ocrx_word' id='word_1_593' title='bbox 1638 2680 1788 2727; x_wconf 87' lang='lat' dir='ltr'>legendi</span> 
     </span>
     <span class='ocr_line' id='line_1_109' title="bbox 995 2724 1787 2774; baseline 0.005 -14"><span class='ocrx_word' id='word_1_594' title='bbox 995 2724 1210 2771; x_wconf 90' lang='lat' dir='ltr'>studiosior,</span> <span class='ocrx_word' id='word_1_595' title='bbox 1231 2737 1307 2762; x_wconf 90' lang='lat' dir='ltr'>non</span> <span class='ocrx_word' id='word_1_596' title='bbox 1327 2727 1366 2762; x_wconf 90' lang='lat' dir='ltr'>in</span> <span class='ocrx_word' id='word_1_597' title='bbox 1389 2726 1531 2763; x_wconf 88' lang='lat' dir='ltr'>incerto</span> <span class='ocrx_word' id='word_1_598' title='bbox 1555 2726 1787 2774; x_wconf 86' lang='lat' dir='ltr'>divitiarum,</span> 
     </span>
     <span class='ocr_line' id='line_1_110' title="bbox 994 2772 1786 2821; baseline 0.006 -15"><span class='ocrx_word' id='word_1_599' title='bbox 994 2772 1059 2807; x_wconf 89' lang='lat' dir='ltr'>sed</span> <span class='ocrx_word' id='word_1_600' title='bbox 1078 2772 1115 2808; x_wconf 92' lang='lat' dir='ltr'>in</span> <span class='ocrx_word' id='word_1_601' title='bbox 1137 2783 1246 2819; x_wconf 88' lang='lat' dir='ltr'>prece</span> <span class='ocrx_word' id='word_1_602' title='bbox 1264 2773 1439 2820; x_wconf 86' lang='lat' dir='ltr'>pauperis</span> <span class='ocrx_word' id='word_1_603' title='bbox 1458 2784 1563 2820; x_wconf 90' lang='lat' dir='ltr'>spem</span> <span class='ocrx_word' id='word_1_604' title='bbox 1580 2784 1786 2821; x_wconf 88' lang='lat' dir='ltr'>reponens,</span> 
     </span>
     <span class='ocr_line' id='line_1_111' title="bbox 993 2817 1785 2869; baseline 0.008 -16"><span class='ocrx_word' id='word_1_605' title='bbox 993 2817 1135 2855; x_wconf 83' lang='lat' dir='ltr'>intenta</span> <span class='ocrx_word' id='word_1_606' title='bbox 1176 2821 1294 2867; x_wconf 89' lang='lat' dir='ltr'>operi,</span> <span class='ocrx_word' id='word_1_607' title='bbox 1337 2821 1548 2858; x_wconf 88' lang='lat' dir='ltr'>verecunda</span> <span class='ocrx_word' id='word_1_608' title='bbox 1588 2831 1785 2869; x_wconf 89' lang='lat' dir='ltr'>sermone;</span> 
     </span>
    </p>
   </div>
  </div>
 </body>
</html>
