1876 3126
103 149 166 182 358
573 147 718 181 PRtMAE
756 149 911 183 PARTIS
949 149 1084 183 CAPUT
1121 149 1242 183 XLIII

104 215 346 262 cupiscentiae
380 215 539 259 laborat,
575 216 680 261 quasi
718 216 885 253 febribus

106 267 253 306 aestuat,
286 263 386 308 quod
413 266 536 309 potest
562 274 644 299 esse
672 263 883 309 tripliciter,

100 311 207 357 juxta
225 309 316 345 illud
337 310 517 346 Joannis:
538 310 647 346 Omne
664 312 760 356 quod
779 314 885 347 estin

104 357 239 393 mundo
260 372 268 391 :
288 362 351 392 aut
368 360 419 392 est
436 359 726 403 concupiscentia
748 361 883 400 carnis,

106 407 172 440 aut
198 406 488 449 concupiscentia
515 406 710 445 oculorum.
734 409 799 441 aut
823 416 886 440 su·

102 451 235 498 perbia
250 453 353 489 υίιεες
373 455 410 486 et
428 451 480 487 sic
495 451 681 496 triplicem
702 453 886 488 habemus

106 498 265 534 febrem.
295 498 472 540 Quaedam
494 498 593 534 enim
619 503 674 534 est
695 510 738 535 ex
759 510 886 535 corru-

105 545 234 592 ptione
266 545 304 580 in
339 545 551 591 spiritibu53
580 546 654 582 alia
682 557 725 582 ex
759 557 888 582 corru-

105 591 234 639 ptione
262 591 300 627 in
326 593 568 637 humoribus;
598 593 708 629 tertia
735 604 777 629 ex
804 604 885 629 cor-

106 638 280 684 ruptione
302 638 340 675 in
363 639 542 675 memhris
565 651 572 675 :
596 644 633 675 et
654 640 692 675 in
713 640 888 676 omnibus

107 691 165 723 est
200 686 303 722 calor
335 686 572 723 inordinatus
599 687 887 732 supergrediens

107 737 255 769 naturae
279 744 423 769 cursus.
451 734 615 770 Primam
643 734 730 770 facit
758 744 887 779 super-

106 780 190 824 bia3
207 781 424 824 secundam,
438 781 585 816 luxuria
600 793 607 824 ;
624 781 788 824 tertiam,
805 791 890 815 ava-

107 827 209 863 ritia.
241 828 297 863 Ad
330 828 426 863 hanc
463 829 617 863 veniens
649 829 757 864 Jesus
789 827 888 862 videt

108 885 177 921 per
209 876 369 920 gratiam
406 874 696 917 illuminantem,
729 874 889 919 imperat

109 932 176 968 per
196 924 354 967 gratiam
370 921 651 967 justificantem,
673 921 795 966 tangit
813 931 889 955 ma-

109 979 200 1004 num
221 979 287 1014 per
307 968 467 1013 gratiam
490 969 752 1014 adjuvantem;
779 971 815 1003 et
836 968 889 1002 sic

108 1015 310 1051 dimittitur
327 1015 440 1050 febris
458 1015 496 1050 in
515 1015 755 1058 contritione,
771 1016 890 1060 surgit

109 1072 202 1098 sana
223 1062 261 1097 in
283 1061 533 1105 confessione,
557 1062 746 1098 ministrat
769 1062 807 1097 in
828 1072 894 1097 sa-

108 1109 336 1144 tisfactione.
375 1109 567 1144 Moraliter
601 1114 727 1145 autem
754 1108 892 1144 dicitur

110 1159 215 1192 stans
236 1166 349 1202 super
369 1156 485 1199 illam,
509 1155 598 1202 quia
619 1156 761 1192 nullum
781 1155 890 1201 spiri-

110 1203 267 1238 tualiter
296 1207 417 1247 sanat,
445 1203 517 1239 nisi
549 1214 633 1239 eum
661 1203 723 1249 qui
750 1204 820 1239 sub
846 1213 890 1238 eo

111 1253 182 1294 est,
206 1250 348 1285 scilicet
376 1261 441 1296 per
469 1250 643 1286 timorem
668 1261 707 1286 se
732 1248 891 1286 salubri-

112 1300 171 1333 ter
208 1297 484 1333 humiliantem.
528 1298 594 1334 Ubi
629 1297 727 1333 idem
752 1298 851 1333 Beda
880 1309 890 1331 :

113 1359 133 1377 «
150 1344 186 1380 Si
205 1344 322 1380 virum
341 1355 361 1380 a
379 1344 564 1380 daemonio
580 1344 795 1387 liberatum,
816 1354 892 1379 mo-

110 1391 244 1427 raliter
270 1391 438 1427 animum
465 1393 511 1428 ab
532 1392 728 1427 immunda
751 1390 891 1437 cogita-

111 1438 214 1474 tione
250 1444 452 1484 purgatum
491 1438 715 1481 dixerimus;
760 1448 891 1474 conse-

113 1488 274 1531 quenter
296 1486 435 1522 femina
456 1486 622 1522 febribus
645 1489 800 1529 tentata,
827 1485 893 1521 sed

114 1534 161 1569 ad
183 1533 381 1578 imperium
403 1533 552 1569 Domini
574 1537 718 1576 curata,
741 1543 892 1569 carnem

113 1580 277 1616 ostendit
292 1591 314 1615 a
329 1580 641 1626 concupiscentiae
656 1592 732 1616 suae
749 1580 894 1616 fervore

113 1637 181 1673 per
203 1627 444 1663 continentiae
465 1632 653 1673 praecepta
676 1628 860 1663 frenatam
885 1638 892 1661 :

114 1673 238 1709 omniS
259 1685 359 1709 enim
381 1675 606 1718 amaritudo,
629 1679 666 1710 et
684 1675 754 1718 ira,
781 1678 817 1710 et
837 1674 892 1709 in-

115 1721 298 1766 dignatio,
334 1725 371 1757 et
402 1722 555 1763 clamor,
578 1725 615 1757 et
645 1720 893 1768 blasphemia,

113 1768 269 1814 spiritus
290 1768 394 1804 furor
408 1773 464 1804 est
480 1768 663 1804 immundi
677 1781 684 1812 ;
701 1767 894 1804 fornicati-

115 1825 228 1851 onem
249 1825 352 1860 vero,
371 1815 662 1854 immunditiam,
685 1815 894 1858 libidinem,

116 1861 453 1908 concupiscentiam
468 1863 620 1907 malam,
634 1867 670 1898 et
684 1862 894 1904 avaritiam,

114 1920 196 1955 quae
209 1914 261 1944 est
278 1909 456 1944 idolorum
473 1913 642 1951 servium,
662 1909 804 1946 febrem
820 1909 896 1944 ille-

114 1957 281 1992 cebrosae
297 1956 420 1992 carnis
437 1957 625 2003 intellige:
646 1972 664 1990 »
684 1958 763 1992 haec
783 1957 894 1992 Beda.

115 2004 244 2039 Potest
269 2003 369 2040 enim
395 2014 463 2050 per
488 2015 637 2040 socrum
670 2003 784 2048 Petri,
814 2014 896 2049 quae

113 2050 250 2087 mulier
270 2055 363 2089 erat.
387 2051 625 2096 sensualitas,
649 2062 744 2097 quae,
762 2051 809 2087 ab
823 2052 899 2086 Au-

113 2100 260 2142 9ustz'no
275 2102 312 2133 et
327 2097 422 2141 aliis,
443 2099 577 2134 mulier
595 2103 761 2143 vocatur,
785 2098 898 2145 signi-

113 2145 244 2189 ficari3
266 2155 334 2190 per
357 2145 560 2189 Christum,
591 2149 732 2189 autem,
758 2146 821 2192 qui
842 2149 898 2181 est

114 2192 239 2237 imago
258 2191 380 2227 Patris
399 2194 544 2237 aeterni,
563 2193 675 2237 ratio,
693 2195 897 2229 secundum

114 2248 228 2284 quam
254 2239 367 2274 homo
394 2239 514 2275 factus
539 2243 596 2275 est
622 2240 669 2275 ad
693 2240 896 2286 imaginem

114 2285 196 2322 Dei.
218 2285 338 2331 Igitur
358 2286 551 2322 moraliter
571 2297 699 2323 socrus
720 2288 818 2323 Petri
842 2299 899 2325 sa-

113 2336 243 2375 natur,
276 2343 360 2368 cum
393 2333 631 2369 sensualitas.
658 2345 740 2380 quae
771 2336 896 2371 calore

113 2379 427 2425 concupiscentiae
458 2380 674 2416 febricitans
691 2382 805 2427 Jacet,
830 2393 897 2428 per

112 2426 300 2462 rationem
321 2427 368 2462 ad
389 2426 558 2463 debitum
581 2427 752 2463 ordinem
777 2440 897 2465 mora-

112 2473 160 2509 lis
184 2473 332 2509 virtutis
354 2478 562 2510 revocatur.
587 2474 672 2510 Ideo
695 2476 866 2511 subditur
886 2488 894 2512 ι

114 2521 159 2556 Et
192 2521 431 2557 ministrabat
460 2520 528 2565 eis,
559 2521 646 2567 quia
670 2523 896 2559 sensualitas

111 2568 320 2604 reformata
337 2568 465 2604 virtuti
487 2569 620 2604 morali
640 2569 839 2613 ministrat,
860 2574 896 2606 et

113 2615 231 2651 servit
263 2615 415 2651 rationi.
443 2617 488 2651 Et
509 2619 599 2652 tunc
624 2616 737 2652 homo
764 2627 894 2662 pecca-

112 2664 210 2705 tum,
225 2663 323 2707 quod
342 2670 443 2707 ante,
462 2673 546 2699 cum
564 2663 602 2699 in
621 2673 664 2699 eo
686 2668 798 2708 esset,
820 2674 895 2699 non

112 2713 285 2752 noverat,
309 2709 440 2755 incipit
462 2720 668 2756 agnoscere
693 2716 895 2757 postquam

113 2755 162 2792 ab
187 2766 230 2792 eo
259 2755 426 2793 exiverit.
458 2757 564 2794 Unde
587 2758 862 2804 chrysostomus
883 2771 894 2794 .·

960 232 978 251 «
997 219 1032 254 Si
1058 217 1113 254 vis
1133 218 1278 254 discere
1300 216 1439 263 peccati
1462 217 1650 262 foetorem,
1671 228 1733 254 ex-

957 265 1079 311 cogita
1107 266 1142 301 id
1168 269 1367 311 postquam
1395 265 1532 301 factum
1557 267 1626 308 est,
1649 274 1735 300 cum

956 323 979 348 a
999 312 1186 348 desiderio
1214 316 1363 358 eruptus
1389 311 1517 354 fueris,
1548 322 1631 347 cum
1657 321 1736 348 non

957 359 1080 395 adhuc
1100 360 1273 395 molestat
1292 359 1408 406 iguis3
1429 362 1463 394 et
1483 362 1570 394 tune
1591 357 1736 395 videbis

957 405 1046 452 quid
1076 410 1132 442 est
1152 410 1359 452 peccatum.
1384 421 1402 438 »
1431 407 1524 442 Nota
1551 405 1664 442 etiam
1690 405 1736 441 de

957 457 1117 499 quatuor
1129 453 1411 489 infirmitatibus
1424 452 1641 499 praemissis,
1652 454 1738 499 post

958 510 1172 536 sermonem
1190 501 1225 534 in
1239 504 1366 535 monte
1379 500 1531 539 curatis,
1549 500 1650 546 quod
1666 497 1738 545 spi-

958 547 1144 582 ritualiter
1173 557 1239 591 per
1260 548 1401 592 lepram
1422 551 1545 593 potest
1575 546 1734 592 intelligi

959 594 1067 639 culpa
1084 593 1297 639 originalis3
1317 604 1382 639 per
1395 593 1611 639 paralysim,
1625 593 1734 639 culpa

959 640 1162 676 actualisin
1175 640 1399 683 omitt‹·ndo;
1416 639 1736 687 perfebrem,cul-

959 697 1006 732 pa
1026 686 1182 722 actualis
1197 686 1234 722 in
1249 687 1514 723 committendo
1526 699 1534 730 ;
1546 698 1612 733 per
1629 696 1736 722 vexa-

961 734 1100 769 tionem
1135 733 1419 778 daemoniacam,
1446 734 1556 780 culpa
1582 732 1733 769 erroris.

1007 783 1027 815 8
1049 781 1223 816 Cfflusrus
1247 792 1363 816 MULTA
1386 792 1576 825 minaeum,
1603 792 1648 816 An
1669 792 1736 816 MA-

958 838 1239 863 NIFESTATIONEM
1266 840 1477 863 nivmiTA‘ris
1506 840 1580 863 suffi
1606 839 1648 863 ET
1672 838 1737 863 no-

959 886 1093 910 CTRINAE
1121 886 1443 919 coxrmmrmxnu,
1468 886 1666 910 orannim.
1694 894 1738 900 —

961 921 1104 957 Deinde
1126 926 1316 967 ponuntur
1343 922 1391 957 ad
1412 921 1738 957 confirmationem

961 968 1070 1014 Legis
1102 969 1333 1014 Evangelicae
1358 969 1475 1005 multa
1499 967 1681 1004 miracula
1699 966 1741 1003 in

961 1015 1129 1061 generali
1152 1027 1159 1051 :
1183 1017 1285 1061 quia,
1307 1016 1432 1052 audito
1455 1017 1525 1051 hoc
1542 1013 1739 1057 miraculo,

961 1066 999 1099 et
1017 1074 1161 1108 vespere
1176 1066 1290 1107 facto,
1309 1074 1388 1098 cum
1408 1065 1462 1098 sol
1479 1063 1681 1103 occidisset,
1702 1060 1741 1097 id

963 1114 1020 1146 est
1046 1111 1092 1146 ad
1117 1121 1290 1146 occasum
1318 1111 1494 1154 venisset,
1519 1119 1638 1145 omnes
1661 1109 1739 1154 qui,

963 1157 1001 1193 in
1022 1157 1086 1193 illa
1109 1157 1271 1202 civitate,
1297 1158 1475 1192 habebant
1498 1159 1660 1201 infirmos
1679 1166 1742 1191 υα-

961 1207 1031 1240 riis
1053 1205 1291 1248 lanquoribus
1311 1204 1498 1247 detentos,
1520 1208 1553 1239 et
1573 1214 1596 1238 a
1615 1203 1743 1238 daemo-

962 1254 1036 1287 niis
1065 1257 1227 1293 vem-atos,
1251 1252 1429 1287 ducebant
1458 1252 1542 1286 illos
1571 1250 1621 1285 ad
1646 1259 1741 1290 eum,

962 1301 1090 1335 Jesum
1106 1299 1265 1342 scilicet3
1285 1303 1321 1334 et
1341 1298 1551 1334 offerebant
1567 1296 1601 1333 ei
1621 1299 1663 1332 ut.
1681 1305 1743 1331 cu-

963 1350 1065 1382 raret
1085 1357 1163 1387 eos,
1189 1346 1276 1392 quia
1297 1350 1383 1381 tunc
1406 1346 1453 1381 ad
1480 1346 1550 1380 hoc
1569 1345 1744 1390 poterant

963 1404 1109 1429 vacare.
1139 1394 1243 1429 Unde
1270 1393 1359 1428 dicit
1385 1393 1616 1438 Theophilus,
1642 1389 1743 1436 quod

964 1441 1016 1476 ita
1031 1441 1137 1477 tarde
1149 1441 1459 1477 adduxerunteos
1473 1439 1520 1475 ad
1536 1437 1742 1480 Christum,

965 1487 1055 1534 quia
1069 1488 1133 1524 illa
1148 1488 1227 1524 dies
1243 1491 1324 1523 erat
1339 1487 1418 1523 dies
1436 1484 1597 1529 sabbati,
1613 1487 1745 1537 etpre-

966 1536 1107 1571 debant
1139 1535 1350 1571 curationes
1386 1544 1461 1569 non
1491 1543 1573 1569 esse
1606 1531 1742 1575 lieitas,

966 1583 1128 1618 durante
1157 1582 1217 1618 die
1244 1581 1404 1623 sabbati,
1433 1591 1516 1626 quae
1542 1579 1745 1615 finiebatur

966 1629 1005 1664 in
1030 1640 1184 1675 vespere
1208 1629 1309 1664 illius
1330 1628 1423 1672 diei;
1451 1631 1488 1663 et
1508 1627 1592 1662 ideo
1614 1635 1743 1671 exspe-

967 1676 1118 1712 ctabant
1134 1677 1224 1712 solis
1236 1686 1422 1712 occasum,
1439 1678 1478 1710 ut
1499 1673 1684 1710 curandos
1698 1671 1745 1707 ad

965 1725 1095 1760 Jesum
1113 1723 1353 1759 adducerent.
1364 1724 1415 1757 At
1426 1723 1488 1756 ille
1499 1721 1657 1765 sinqulz's
1671 1729 1747 1754 ma-

966 1781 1034 1806 nus
1046 1773 1244 1815 imponens.
1261 1770 1413 1805 curabat
1428 1779 1484 1803 eos
1496 1777 1646 1810 omnes;
1665 1765 1746 1801 nul-

967 1818 1038 1853 lius
1056 1817 1153 1852 enim
1174 1818 1342 1853 morbum
1362 1815 1551 1852 horrebat,
1569 1812 1671 1859 quod
1688 1815 1746 1848 est

968 1869 1097 1900 contra
1111 1864 1275 1900 medicos
1293 1863 1475 1909 superbos
1494 1865 1530 1897 et
1546 1861 1744 1905 indignan-

967 1911 1014 1947 tis
1040 1915 1200 1955 naturae,
1226 1910 1287 1956 qui
1316 1919 1498 1955 pauperes
1525 1911 1561 1943 et
1588 1907 1746 1943 miseros

968 1959 1220 2004 dedignantur
1249 1957 1401 1993 visitare
1432 1959 1468 1992 et
1499 1959 1668 2000 tangere.
1699 1955 1748 2006 Et

968 2006 1137 2050 ejiciebat
1156 2007 1310 2051 spiritus
1331 2003 1544 2039 immundos
1565 2002 1684 2045 verbo,
1706 2010 1747 2035 1n

969 2054 1119 2099 signum
1140 2053 1239 2098 quod
1260 2052 1415 2088 verbum
1443 2048 1592 2093 Christi,
1613 2049 1749 2084 devote

969 2101 1154 2144 auditum,
1182 2100 1285 2145 fugat
1311 2099 1520 2134 daemonem
1553 2096 1599 2132 de
1634 2094 1748 2147 corde

969 2153 1221 2194 peccatorum.
1241 2147 1339 2182 Licet
1353 2149 1476 2182 autern
1490 2145 1618 2190 posset
1633 2144 1748 2178 etiam

969 2205 1101 2231 omnes
1115 2205 1247 2230 curare
1260 2193 1338 2230 solo
1351 2193 1478 2236 verbo,
1491 2195 1617 2227 tamen
1632 2199 1749 2236 quan-

969 2242 1093 2288 doque
1124 2241 1298 2287 apposuit
1325 2250 1480 2281 manus;
1504 2238 1590 2285 quia
1613 2238 1762 2273 huma-v

970 2289 1067 2324 nitas
1087 2289 1221 2325 Christi
1240 2292 1320 2324 erat
1340 2286 1443 2333 quasi
1463 2295 1662 2333 organum,
1680 2293 1748 2336 seu

969 2336 1259 2372 instrumentum
1298 2333 1505 2371 divinitatis
1542 2332 1674 2379 ipsius,
1709 2340 1750 2366 1n

970 2383 1160 2419 miraculis
1180 2382 1371 2418 faciendis.
1393 2383 1436 2416 Et
1456 2381 1554 2424 ideo,
1578 2379 1673 2415 sicut
1692 2387 1751 2414 ar-

969 2430 1071 2475 tifex,
1104 2430 1292 2465 mediante
1321 2429 1584 2469 instrumento,
1614 2435 1749 2472 opera-

968 2481 1050 2521 tur;
1073 2477 1126 2513 sic
1146 2477 1264 2512 virtus
1288 2475 1414 2512 divina
1432 2475 1471 2510 in
1491 2474 1652 2517 Christo,
1680 2482 1750 2519 per

969 2524 1258 2570 applicationem
1279 2522 1536 2566 humanitatis,
1551 2521 1679 2566 aliqua
1698 2520 1750 2556 fa-

969 2572 1103 2614 ciebat,
1123 2574 1163 2607 ut
1177 2581 1260 2607 eam
1281 2570 1520 2616 conjunctam
1538 2567 1668 2604 deitati
1687 2567 1749 2603 de-

969 2618 1141 2654 clararet.
1170 2618 1348 2653 Miracula
1369 2616 1521 2663 quidem
1542 2614 1682 2652 Christi
1701 2613 1750 2650 ad

968 2665 1040 2700 duo
1062 2665 1346 2704 ordinabantur.
1370 2664 1511 2700 scilicet
1532 2674 1541 2698 :
1563 2663 1611 2698 ad
1628 2661 1747 2698 mani-

969 2712 1211 2748 festationem
1246 2710 1452 2747 divinitatis
1491 2721 1589 2754 suae;
1629 2712 1665 2745 et
1701 2707 1748 2744 ad

969 2759 1295 2795 confirmationem
1331 2769 1408 2795 suae
1446 2756 1641 2802 doctrinae,
1679 2764 1748 2802 per
