1876 3126
148 149 207 185 374
788 154 931 187 INDEX
969 154 1165 189 CAPITUM

176 226 197 267 4
233 221 327 266 Quid
361 222 408 259 sit
444 223 623 269 angaria,
662 226 699 259 et
740 233 812 269 quo

199 280 313 306 sensu
334 271 528 307 subeunda
541 270 559 306 ?
864 274 929 320 287

174 320 194 354 5
216 317 366 364 Injuriae
387 318 648 354 condonandae
669 318 814 355 nullum

196 375 316 411 genus
353 366 392 401 in
425 365 630 412 Evangelio
663 368 815 412 prseter-

196 412 371 449 missum.
866 418 933 452 288

173 464 194 496 6
212 460 381 507 Largitas
399 459 541 508 petenti
561 460 786 499 exhibenda.
865 467 931 500 288

171 523 191 555 7
214 509 460 555 Mutuumque
481 519 559 544 non
580 510 809 555 negandum.
865 514 932 559 289

173 558 193 591 8
234 556 390 593 Dilectio
432 556 672 593 inimicorum
710 568 812 594 com-

196 604 412 640 mendatur.
865 619 932 654 290

175 666 195 698 9
217 652 299 687 Non
330 651 469 688 sufficit
495 651 646 688 dilectio
673 652 813 697 cordis,

198 699 413 737 necessaria
438 702 496 736 est
514 699 669 747 insuper
688 699 813 747 operis

1057 224 1251 262 exhibitio.

1012 287 1053 310 10
1073 273 1291 320 Exemplum
1322 273 1546 310 sumendum
1571 276 1629 311 est
1653 283 1676 310 a

1057 322 1168 357 Patre
1202 321 1344 357 coelesti
1377 322 1530 368 pluente
1561 331 1675 369 super

1052 369 1174 415 justos
1196 372 1231 404 et
1252 369 1425 415 injustos.

1013 431 1049 453 11
1083 415 1284 453 Christiani
1313 416 1352 452 in
1380 416 1583 453 dilectione
1609 425 1677 462 pu-

1056 463 1214 499 blicanis
1244 467 1280 500 et
1307 464 1468 500 ethnicis
1487 467 1670 512 praestare

1056 511 1209 547 debent.

1013 572 1051 594 12
1072 557 1292 594 Differentia
1308 558 1406 595 inter
1424 570 1593 596 amorem
1608 558 1671 606 qui

1056 605 1227 652 procedit
1245 616 1267 641 a
1286 609 1435 650 natura,
1450 610 1486 643 et
1501 617 1671 644 amorem

1058 652 1120 698 qui
1148 652 1314 688 nascitur
1334 664 1377 689 ex
1398 653 1533 700 gratia.

1015 703 1055 737 15
1070 699 1286 736 Exhortatio
1301 700 1349 736 ad
1364 700 1574 738 caritatem.

344 855 493 892 CAPUT
513 856 654 892 XXXVI
689 876 734 881 —-
754 856 937 892 Sermonis
957 856 996 891 in
1016 859 1134 892 monte
1153 857 1377 893 continuatio
1398 866 1406 891 :
1432 857 1479 891 Dc
1499 856 1608 893 laude

549 904 709 939 humana-
728 904 768 939 in
789 903 891 940 bonis
910 904 1078 951 operibus
1097 915 1168 941 non
1187 904 1394 951 quaerenda.

182 1027 192 1049 1
242 1014 384 1049 Merces
423 1012 611 1050 bonorum
656 1022 813 1060 operum

199 1059 299 1096 unde
316 1060 506 1106 petenda?
865 1065 931 1110 294

176 1121 193 1143 2
216 1107 386 1154 Triplicis
413 1106 563 1155 generis
587 1110 674 1145 sunt
698 1119 813 1156 opera

196 1154 312 1191 bona.
865 1160 930 1205 295

172 1205 193 1239 5
216 1204 268 1239 De
290 1203 530 1252 eleemosyna
556 1206 593 1240 et
623 1205 811 1251 quomodo

198 1249 383 1288 facienda.
865 1256 931 1301 295

1029 1019 1051 1060 4
1085 1018 1138 1053 De
1171 1015 1357 1061 oratione,
1397 1017 1433 1052 et
1473 1014 1518 1052 de
1540 1014 1674 1052 orandi

1055 1065 1181 1100 modo.

1028 1114 1047 1147 5
1072 1114 1124 1148 De
1141 1111 1286 1159 jejunio
1308 1112 1344 1147 et
1366 1110 1556 1157 quomodo
1579 1109 1675 1146 chri-

1056 1160 1178 1196 stiane
1195 1159 1447 1206 jejunandum
1469 1157 1529 1194 sit.

1032 1209 1052 1242 6
1074 1209 1170 1243 Laus
1192 1208 1358 1244 humana
1378 1205 1580 1252 inanisque
1600 1205 1678 1252 glo-

1055 1254 1112 1292 ria
1135 1255 1168 1291 in
1191 1254 1367 1291 omnibus
1387 1253 1566 1290 vitandae.

440 1408 590 1446 CAPUT
609 1409 781 1447 XXXVII,
802 1429 846 1435 —
865 1409 1049 1445 Sermonis
1064 1409 1104 1444 in
1119 1411 1238 1444 monte
1254 1410 1478 1446 continuatio
1499 1419 1510 1443 .-

757 1460 809 1494 De
826 1458 989 1495 oratione
1004 1457 1207 1493 Dominica.

182 1583 193 1605 1
231 1568 421 1606 Orationis
453 1568 659 1607 Dominicae
694 1570 814 1607 excel-

199 1616 328 1653 lentia.
868 1620 937 1654 500

175 1677 193 1700 2
224 1664 311 1710 Ejus
342 1665 529 1711 praefatio,
554 1676 629 1712 qua
657 1665 819 1702 benevo-

196 1711 353 1748 lentiam
390 1713 455 1749 Dei
496 1718 691 1759 captamus
730 1723 815 1749 eum

199 1759 430 1796 nominando
456 1763 623 1797 Patrem.
691 1784 695 1789 ·
867 1763 931 1796 501

170 1809 190 1842 5
232 1807 312 1850 Quo
356 1818 470 1844 sensu
510 1808 699 1844 audienda
735 1808 818 1844 haec

196 1865 265 1890 vox
290 1866 296 1890 :
322 1856 393 1898 Qui
412 1867 447 1891 cs
467 1859 506 1891 in
526 1857 653 1892 coelis?
866 1858 934 1891 502

174 1904 195 1945 4
229 1902 357 1955 Prima
391 1903 576 1940 orationis
609 1902 815 1940 Dominicae

198 1950 346 1996 petitio.
866 1953 933 1986 502

176 2000 195 2031 5
219 1998 392 2035 Secunda
411 1998 557 2044 petitio.
865 2000 934 2033 505

177 2048 197 2079 6
219 2045 344 2082 Tertia
363 2046 509 2094 petitio.
866 2047 935 2082 505

1031 1585 1050 1617 7
1072 1568 1212 1612 Quarta
1229 1570 1375 1616 petitio.

1032 1621 1052 1653 8
1074 1617 1211 1660 Quinta
1231 1617 1378 1664 petitio.

1032 1680 1052 1712 9
1075 1666 1185 1701 Sexta
1203 1665 1350 1711 petitio.

1012 1727 1053 1748 10
1075 1712 1242 1758 Septima
1264 1711 1408 1757 petitio.

1012 1774 1048 1796 11
1092 1759 1288 1796 Conclusio
1324 1757 1508 1795 orationis
1543 1755 1671 1794 Domi-

1055 1806 1149 1842 nicae
1171 1818 1238 1853 per
1257 1808 1413 1843 verbum
1434 1807 1563 1842 Amen.

1011 1867 1050 1890 12
1075 1854 1282 1890 Petitiones
1303 1865 1324 1891 a
1344 1856 1442 1890 Luca
1459 1853 1624 1891 omissae.

1011 1905 1051 1938 15
1074 1902 1356 1938 Advertendum
1387 1901 1487 1947 quod
1518 1901 1556 1937 in
1584 1913 1669 1939 ora-

1054 1948 1158 1985 tione
1181 1960 1248 1986 sua
1268 1948 1488 1995 ignoscendi
1510 1949 1673 1986 necessi-

1053 2000 1171 2032 tatem
1226 1996 1439 2044 praesertim
1497 1998 1674 2034 ostendat

1052 2044 1247 2081 Dominus.

410 2214 561 2251 CAPUT
581 2216 773 2251 XXXVIIL
807 2233 851 2240 -
873 2213 1056 2250 Sermonis
1077 2213 1116 2248 in
1136 2215 1254 2249 monte
1273 2214 1498 2250 continuatio
1521 2226 1532 2249 .-

523 2265 573 2298 De
597 2274 667 2299 non
686 2261 968 2298 thesaurizando
990 2262 1029 2296 in
1050 2263 1160 2306 terra,
1183 2261 1303 2297 sedin
1324 2262 1420 2298 coelo.

177 2391 187 2412 1
210 2374 632 2412 Nonthesaurizandum
647 2375 685 2412 in
697 2375 808 2412 terris

194 2434 276 2459 esse
297 2423 406 2459 docet
428 2423 622 2460 Dominus.
861 2427 930 2460 510

172 2485 189 2507 2
213 2473 291 2515 Quo
313 2481 427 2507 sensu
449 2482 513 2507 cor
533 2470 698 2507 hominis
719 2481 813 2507 sem-

192 2529 261 2565 per
280 2518 379 2555 inest
392 2518 456 2555 ubi
470 2522 507 2555 et
522 2519 638 2566 ipsius
656 2519 812 2555 thesau-

192 2578 271 2603 rus.
863 2569 932 2602 510

169 2617 190 2650 5
206 2616 287 2651 Non
309 2617 366 2651 est
382 2615 428 2652 de
450 2616 526 2651 Deo
549 2614 812 2651 diffidendum.
864 2618 929 2651 511

173 2665 193 2706 4
214 2664 464 2710 Eleemosyna
492 2662 554 2699 via
580 2665 637 2699 est
669 2662 717 2698 ad
743 2672 818 2698 coe-

197 2710 291 2747 lum.
867 2712 933 2745 512

174 2761 193 2792 5
216 2760 268 2794 De
288 2759 389 2795 bona
410 2761 447 2795 et
470 2759 570 2796 mala
591 2758 814 2796 intentione.
867 2760 934 2793 512

171 2809 191 2843 6
210 2806 361 2842 Duobus
401 2806 566 2844 dominis
600 2818 676 2843 non
737 2816 818 2842 ser-

1040 2373 1221 2411 viendum
1243 2378 1326 2412 est.

1033 2439 1052 2470 7
1077 2422 1294 2459 Sollicitudo
1328 2433 1454 2460 rerum
1489 2425 1676 2469 tempora-

1056 2470 1149 2507 lium
1171 2471 1384 2507 damnatur.

1032 2521 1052 2554 8
1070 2520 1113 2554 Et
1152 2518 1274 2565 primo
1314 2517 1525 2555 sollicitudo
1582 2515 1675 2560 cibi,

1058 2566 1120 2603 ubi
1148 2566 1273 2603 avium
1295 2564 1514 2602 similitudo.

1036 2630 1056 2662 9
1077 2613 1222 2650 Deinde
1245 2613 1456 2650 sollicitudo
1472 2611 1674 2648 vestimen-

1058 2661 1101 2705 ti,
1123 2661 1187 2698 ubi
1209 2661 1375 2697 liliorum
1397 2658 1618 2696 similitudo.

1017 2724 1057 2745 lo
1078 2710 1147 2752 Qui
1187 2708 1383 2745 moraliter
1416 2718 1485 2755 per
1517 2716 1606 2743 aves
1642 2709 1678 2742 et

1061 2756 1140 2792 lilia
1159 2757 1371 2801 figurentur
1385 2756 1402 2791 ἱ)

1017 2819 1053 2841 11
1081 2804 1353 2840 Confidendum
1392 2805 1447 2839 est
1479 2800 1678 2849 providen-

1726 239 1793 274 290

1725 382 1787 417 291

1723 524 1790 559 292

1725 657 1793 702 295

1724 705 1792 749 294

1727 1066 1795 1111 29ss

1725 1160 1792 1206 298

1730 1267 1797 1302 ¹99

1723 1572 1794 1614 504

1724 1620 1793 1654 505

1723 1667 1793 1701 506

1722 1715 1790 1759 507

1723 1810 1791 1854 507

1723 1858 1791 1902 507

1723 2377 1793 2410 512

1725 2471 1793 2506 515

1725 2565 1791 2607 514

1726 2660 1794 2694 515

1727 2755 1795 2789 516
