1897 3167
131 248 167 280 3'1
660 237 805 271 PRIMAE
842 238 1000 271 PAnTls
1037 237 1172 271 CAPUT
1210 237 1232 268 V

135 315 260 352 Latine
283 311 473 348 derivatur
495 319 517 344 a
537 306 646 351 mari,
668 306 707 342 in
729 309 910 352 quantum

136 363 170 399 in
189 362 269 407 ipsa
284 363 339 395 est
354 354 581 394 confluentia
593 353 761 390 omnium
776 353 913 399 gratia-

132 420 231 451 rum,
258 407 351 442 sicut
383 403 511 441 omnia
540 401 694 438 flumina
721 402 913 436 confluunt

130 457 176 492 ad
199 464 315 490 mare.

177 518 195 549 7
219 504 351 537 TERT1A
370 508 646 533 mrenrnmnm
667 506 675 530 ι
699 507 846 531 notum.
867 516 912 520 —-

133 552 224 585 Item
254 551 310 584 est
331 547 476 581 domina
497 544 535 579 in
560 542 806 579 tentationum
830 543 914 578 sub-

132 596 322 635 ventione,
340 593 505 628 liberans
521 600 650 626 omnes
666 589 711 624 de
730 588 913 633 angustiis

131 655 198 679 suo
224 648 407 686 tempore.
432 640 559 674 Potest
587 636 737 682 quidem
764 639 800 671 et
834 635 911 671 vult

132 689 346 731 subvenire,
380 686 466 732 quia
501 686 639 727 Regina
664 684 742 734 co’lz'
781 685 848 725 est,
879 686 913 717 et

131 740 249 774 Mater
261 734 528 771 miseriem-(liza.
548 733 621 766 Hoc
634 733 746 765 et1am
760 739 912 771 nomeu,

133 784 273 820 scilicet
309 780 474 823 domina,
499 776 674 813 convenit
713 775 839 811 Mariae
877 775 912 810 in

133 835 314 877 quantum
351 828 432 874 ipsa
471 824 626 861 (lomina
663 822 799 866 existit,
838 833 912 857 non

133 883 279 914 tantum
315 874 507 911 hominum
548 871 587 906 in
625 875 746 913 terra,
785 879 915 905 verum

135 925 246 961 etiam
273 922 499 968 Angelorum
522 919 559 954 in
586 918 694 960 coelo,
717 921 753 952 et
781 917 919 952 daemo-

134 982 224 1008 num
243 971 280 1006 in
299 970 472 1005 interno:
497 970 531 1001 et
552 965 636 1000 ideo
655 964 692 999 in
713 963 812 999 omni
833 967 916 998 ten-

134 1019 289 1060 tatione,
318 1020 352 1052 et
394 1014 551 1050 maxime
579 1015 709 1047 contra
736 1010 919 1046 infestati-

136 1076 226 1102 ones
248 1065 459 1100 damonum
479 1059 684 1096 invocanda
701 1061 755 1093 est
776 1057 892 1093 Maria
910 1068 917 1091 :

135 1113 222 1159 quia
247 1110 449 1147 secundum
475 1107 648 1143 eumdem
679 1105 917 1144 Bmvmrdum,

137 1171 211 1195 non
236 1158 287 1194 sic
308 1158 442 1192 timent
465 1156 593 1190 hostes
613 1152 778 1188 visibiles
791 1162 920 1197 quam-

136 1207 227 1242 libet
257 1209 466 1240 castrorum
496 1199 788 1241 multitudinem,
825 1198 920 1233 sicut

138 1254 209 1290 illae
231 1262 354 1287 aerea}
380 1251 586 1295 potestates
608 1245 734 1281 Maria}
756 1245 919 1297 vocabu-

138 1301 229 1342 lum,
252 1296 501 1344 patrocinium
524 1297 559 1330 et
577 1292 801 1344 exemplum.
819 1293 919 1343 Slcut

139 1347 238 1383 enim
260 1344 382 1392 pulvis
399 1347 485 1379 ante
506 1340 639 1377 faciem
657 1343 758 1374 venti
780 1349 922 1384 spargi-

140 1399 213 1435 tur,
245 1397 279 1428 et
303 1392 398 1427 sicut
430 1400 516 1425 cera
541 1391 626 1424 ante
654 1386 785 1422 faciem
822 1385 921 1431 ignis

141 1439 326 1486 liquescit,
353 1438 404 1473 sic
435 1437 482 1473 ad
506 1433 785 1471 invocationem
810 1433 921 1478 huJus

142 1487 306 1524 nominis
331 1485 470 1526 Maria»,
499 1482 646 1527 fugiunt
685 1484 720 1516 et
746 1483 919 1526 pereunt.

142 1537 187 1571 Et
210 1535 345 1569 iterum
369 1544 376 1567 :
407 1546 424 1563 «
449 1530 514 1566 Ubi
536 1538 673 1564 nomen
704 1527 829 1562 Mariae
853 1537 922 1561 no-

144 1582 324 1624 minatur,
358 1578 408 1615 ibi
443 1575 670 1613 daemonium
711 1574 920 1625 effugatur-3

144 1629 219 1665 reis
257 1627 379 1670 venia,
426 1624 573 1660 medela
613 1621 736 1667 aegris,
779 1620 924 1667 pusillis

146 1676 259 1712 corde
274 1675 403 1717 robur,
419 1671 568 1708 afflictis
584 1667 803 1712 consolatio,
821 1678 925 1714 pere—

147 1721 385 1769 grinantibus
403 1717 629 1765 adJutorium
652 1716 761 1751 datur
779 1727 786 1750 :
811 1728 828 1746 »
845 1715 925 1750 haec

146 1770 367 1807 Bernardus.
390 1787 434 1793 —
464 1765 528 1801 Vel
560 1763 668 1799 aliter
705 1765 826 1808 potest
862 1772 925 1797 ac-

147 1817 217 1863 cipi
246 1828 253 1851 :
283 1819 322 1852 ut
345 1815 383 1850 in
411 1816 593 1860 quantum
623 1821 722 1862 mare
746 1820 924 1849 amarum,

149 1867 256 1910 gerat
279 1867 406 1908 typum
433 1859 657 1900 activorum3
685 1868 721 1891 1n
745 1859 926 1901 quantum

147 1912 266 1951 stella,
284 1910 337 1945 vel
356 1907 617 1945 illuminatrz'oe,
634 1915 699 1940 seu
717 1905 927 1938 illuminato

150 1962 256 2004 gerat
279 1961 407 2002 typum
441 1950 835 1998 contemplativorum;
861 1950 926 1985 sed

149 2007 187 2041 in
228 2008 408 2049 quantum
447 2003 608 2040 domimi,
650 2001 756 2044 gerat
800 2000 928 2044 typum

149 2052 403 2100 praelatorum.

199 2103 218 2134 8
237 2100 395 2135 GAssineL
425 2105 598 2136 QuAmTEn
620 2093 765 2128 MARIAM
786 2103 931 2126 ixvssxc-

151 2147 236 2182 mr?
255 2166 297 2171 ——
322 2147 456 2180 Missus
480 2145 531 2177 est
556 2139 669 2185 igitur
688 2140 838 2183 anqelus
862 2139 931 2174 Ga-

155 2195 243 2229 briel
263 2193 311 2227 ad
331 2193 502 2230 Mariam,
524 2191 561 2224 ut
577 2186 820 2222 annuntiaret
840 2185 873 2221 ei
895 2188 931 2220 et

153 2241 308 2282 diceret,
322 2238 408 2284 quia
429 2236 492 2273 Dei
509 2235 621 2271 Filius
640 2233 802 2279 speciem
824 2243 929 2268 suam

154 2287 496 2333 concupisceret,et
517 2292 600 2318 eam
626 2280 695 2316 sibi
716 2279 755 2315 in
774 2281 930 2315 Matrem

154 2334 343 2380 elegisset,
372 2332 566 2378 ipsamque
598 2330 769 2363 moneret
803 2330 839 2362 et
873 2325 929 2361 in-

155 2383 322 2424 duceret,
351 2384 389 2415 ut
409 2377 582 2414 eumdem
609 2374 741 2410 Filium
762 2373 933 2409 laetanter

155 2429 359 2474 susciperet
378 2438 386 2469 3
415 2424 503 2470 quia
522 2433 589 2469 per
611 2432 693 2457 eam
718 2421 832 2456 totius
863 2421 932 2472 hu'.

156 2475 256 2512 mani
286 2472 434 2519 generis
469 2471 626 2506 salutem
662 2469 759 2503 Deus
786 2478 930 2513 operari

155 2522 394 2559 decrevisset.
417 2518 520 2554 Unde
541 2515 771 2552 Bernardus:
796 2529 813 2547 «
835 2514 933 2550 Felix

157 2569 275 2607 Maria
303 2568 359 2604 cui
392 2577 459 2602 nec
482 2562 676 2600 humilitas
704 2560 832 2604 defuit,
867 2572 933 2596 nec

156 2615 374 2662 virginitas!
413 2615 457 2649 Ut
495 2610 609 2654 enim,
637 2619 719 2655 quae
758 2609 933 2644 Sanctum

159 2667 383 2701 Sanctorum
414 2662 639 2704 conceptura
667 2659 761 2699 erat,
794 2655 936 2701 pariter

159 2717 195 2747 et
217 2710 396 2757 paritura,
418 2710 547 2743 sancta
567 2706 666 2756 esset
688 2712 856 2748 corpore,
879 2712 937 2737 ac-

159 2759 256 2804 cepit
277 2758 415 2793 donum
445 2751 691 2798 virginitatis;
715 2753 754 2785 ut
780 2752 876 2784 esset
900 2753 935 2784 et

160 2809 298 2847 nic-ute,
314 2802 453 2849 accepit
469 2802 607 2837 donum
623 2795 855 2848 humilitatis.
874 2795 936 2831 His

162 2852 338 2889 nimirum
360 2850 471 2896 Virgo
497 2846 601 2894 regia
626 2854 784 2892 gemmis
805 2848 937 2879 ornata

986 306 1177 349 virtutum,
1201 305 1424 351 geminoque
1454 306 1588 342 mentis
1622 308 1773 353 pariter*

987 358 1023 390 et
1044 353 1210 399 corporis
1231 353 1365 388 decore
1385 353 1618 400 praefnlgida,
1641 355 1765 400 specie

988 411 1054 436 sua
1077 405 1111 435 et
1138 399 1416 445 pulchritudine
1437 411 1518 444 sua,
1540 400 1577 436 in
1601 402 1762 438 coelesti-

988 449 1057 484 bus
1075 447 1238 491 cognita,
1258 445 1339 482 coeli
1362 446 1495 483 civium
1518 447 1555 483 in
1576 460 1615 485 se
1634 459 1766 494 provo·

988 494 1082 530 cavit
1115 496 1300 539 aspectus,
1330 496 1369 528 ut
1395 497 1430 528 et
1464 494 1574 540 Regis
1598 495 1765 533 animum

989 541 1025 576 in
1049 539 1104 576 sui
1130 539 1472 585 concupiscentiam
1494 541 1706 588 inclinaret,
1728 547 1766 579 et

989 588 1178 623 coelestem
1201 586 1370 622 nuntium
1392 587 1439 622 ad
1466 598 1505 623 se
1528 588 1574 624 de
1595 589 1766 635 supernis

989 634 1204 670 adduceret.
1233 635 1280 668 Et
1316 635 1499 677 ingressus
1528 637 1692 679 Anqelus
1718 637 1767 672 ad

990 692 1067 717 eam
1091 693 1100 715 .·
1125 679 1222 725 quo?
1243 680 1335 715 Puto
1358 680 1395 715 in
1410 681 1653 718 secretarium
1668 683 1769 720 cubi-

990 727 1078 771 culi,
1091 727 1154 762 ubi
1176 726 1239 762 illa
1256 726 1440 771 fortassis,
1457 727 1583 764 clauso
1602 739 1714 776 super
1728 739 1768 766 se

991 775 1100 817 ostio,
1114 774 1245 809 orabat
1267 774 1416 809 Patrem
1438 775 1594 811 suumin
1615 778 1771 813 abscon-

991 822 1082 858 dito.
1120 822 1194 856 Nec
1231 820 1497 866 suspicandum
1545 826 1602 858 est
1623 851 1632 868 ,
1669 824 1773 869 quod

991 871 1161 915 apertum
1200 868 1362 913 Angelus
1409 867 1593 905 invenerit
1631 870 1768 907 ostium

990 915 1168 961 Virginis,
1191 915 1296 960 cujus
1318 914 1353 949 in
1375 916 1567 961 proposito
1597 921 1678 953 erat
1696 918 1769 953 ho-

992 963 1136 998 minum
1152 961 1382 1007 frequentias
1397 962 1539 1007 sugere,
1557 963 1674 1000 vitare
1692 964 1769 1001 col-

992 1009 1131 1055 loquia,
1161 1019 1207 1044 ne
1235 1008 1289 1044 vel
1319 1009 1461 1044 orantis
1489 1011 1773 1056 perturbaretur

993 1057 1206 1099 silentium,
1247 1056 1303 1091 vel
1339 1055 1577 1093 continentia}
1619 1058 1772 1094 castitas

992 1107 1214 1140 tentaretur.
1229 1103 1420 1139 Clauserat
1433 1103 1558 1149 itaque
1573 1104 1687 1141 etiam
1707 1104 1774 1141 illa

992 1152 1086 1187 hora
1099 1160 1204 1186 suum
1227 1160 1338 1195 super
1356 1161 1393 1186 se
1416 1150 1672 1188 habitaculum
1687 1163 1773 1199 pru-

993 1197 1211 1234 dentissima
1231 1197 1358 1242 Virgo,
1372 1197 1437 1232 sed
1449 1198 1677 1243 hominibus,
1693 1210 1771 1235 non

993 1244 1146 1290 Angelis
1169 1255 1176 1278 ε
1195 1258 1212 1275 >›
1229 1244 1309 1278 haec
1326 1246 1547 1282 Bernardus.
1567 1245 1775 1292 Nonigitur

992 1291 1030 1327 in
1053 1291 1185 1337 plateis
1207 1290 1323 1325 Maria
1343 1295 1436 1335 erat,
1460 1302 1534 1327 non
1560 1292 1597 1328 in
1623 1292 1772 1338 publico

994 1339 1226 1381 morabatur,
1242 1337 1342 1373 intus
1356 1342 1449 1381 erat,
1463 1338 1500 1373 in
1516 1339 1773 1384 penetralibus

994 1386 1074 1421 sola
1101 1385 1268 1428 sedebat,
1300 1395 1368 1420 nec
1400 1388 1527 1421 tamen
1565 1386 1644 1422 sola
1668 1389 1774 1423 tanto

993 1432 1171 1468 virtutum
1194 1431 1358 1467 exercitu
1380 1431 1640 1479 circumsepta.
1669 1433 1773 1470 Unde

996 1481 1267 1523 chrysostomus
1310 1491 1319 1513 :
1373 1493 1391 1511 «
1428 1479 1573 1515 Invenit
1609 1480 1777 1527 Angelus

996 1526 1165 1570 Mariam,
1186 1536 1262 1561 non
1283 1525 1373 1561 soris
1393 1530 1605 1571 vagantem,
1628 1528 1694 1564 sed
1714 1538 1777 1564 so-

995 1573 1157 1609 litariam
1177 1576 1211 1608 et
1233 1573 1537 1618 contemplationi
1555 1577 1775 1618 vacantem;

996 1625 1032 1657 et
1054 1620 1142 1666 quia
1177 1631 1251 1655 non
1288 1619 1457 1665 quaesivit
1488 1620 1648 1666 gratiam
1676 1622 1775 1668 apud

998 1668 1178 1704 mundum
1205 1695 1213 1710 ,
1257 1666 1398 1702 invenit
1464 1668 1624 1712 gratiam
1676 1668 1777 1714 apud

997 1717 1126 1751 Deum.
1151 1729 1167 1745 »
1193 1714 1296 1749 Unde
1318 1717 1354 1749 et
1380 1714 1595 1750 Ambrosius
1616 1728 1627 1751 .·
1651 1730 1669 1748 «
1690 1717 1776 1751 Haec

998 1763 1045 1798 ad
1078 1762 1180 1807 ipsos
1214 1760 1405 1804 ingressus
1440 1762 1587 1807 Angeli,
1622 1762 1774 1799 inventa

998 1813 1055 1845 est
1075 1808 1174 1845 domi
1196 1808 1233 1843 in
1250 1808 1505 1853 penetralibus
1526 1809 1604 1845 sine
1625 1809 1776 1854 comite,

999 1867 1045 1892 ne
1095 1856 1177 1901 quis
1231 1855 1476 1891 intentionem
1520 1857 1773 1902 abrumperet.

999 1905 1125 1949 Neque
1141 1901 1242 1938 enim
1255 1902 1408 1938 comites
1418 1902 1577 1939 feminas
1589 1903 1781 1940 desidera-

1000 1952 1076 1993 bat,
1105 1961 1188 1995 quze
1226 1950 1344 1985 bonas
1386 1949 1630 1995 cogitationes
1661 1951 1776 1987 habe-

1001 1999 1083 2040 bat·,
1104 1997 1192 2042 quin
1213 1995 1325 2032 etiam
1349 2000 1438 2031 tunc
1462 1996 1531 2033 sibi
1553 1997 1677 2034 minus
1698 1998 1779 2034 sola

1001 2045 1210 2086 videbatur,
1221 2055 1302 2079 cum
1316 2044 1395 2080 sola
1405 2048 1503 2080 esset
1516 2056 1524 2079 t
1537 2055 1640 2089 nam,
1654 2055 1778 2091 quem-

1002 2092 1204 2128 admodum
1225 2091 1304 2126 sola
1324 2090 1381 2126 cui
1406 2094 1460 2127 tot
1481 2091 1565 2128 libri
1587 2092 1778 2136 adessent,

1001 2143 1056 2175 tot
1072 2138 1308 2184 Archangeli,
1327 2141 1382 2173 tot
1397 2139 1618 2184 Prophetae?
1631 2151 1650 2171 n
1665 2139 1778 2175 Deni-

1001 2197 1072 2232 que
1093 2185 1242 2222 Gabriel
1258 2185 1318 2221 ubi
1340 2195 1423 2221 eam
1441 2185 1604 2222 revisere
1621 2185 1780 2230 solebat,

1000 2233 1155 2269 invenit.
1210 2233 1312 2268 Unde
1351 2232 1439 2269 alibi
1482 2235 1723 2278 Hieronymus
1767 2245 1778 2268 :

1003 2294 1020 2314 «
1044 2279 1206 2316 Habebis
1242 2280 1415 2315 cellulam
1456 2290 1538 2326 quae
1584 2283 1621 2316 te
1660 2279 1781 2316 solum

1002 2327 1138 2373 capiat,
1165 2326 1239 2363 imo
1261 2337 1338 2362 non
1364 2326 1439 2362 eris
1467 2327 1547 2363 sola
1569 2337 1577 2362 ι
1609 2325 1783 2373 angelica

1002 2378 1124 2410 tecum
1142 2375 1252 2410 turba
1267 2373 1497 2417 versabitur;
1514 2377 1569 2410 tot
1589 2373 1679 2410 socii
1691 2377 1783 2420 quot

1005 2421 1121 2457 sancti
1159 2433 1166 2456 :
1198 2421 1280 2467 lege
1314 2421 1569 2467 Evangelium,
1596 2420 1785 2458 fabulatur

1003 2472 1127 2504 tecum
1145 2470 1163 2504 J
1169 2479 1276 2512 esus3
1299 2468 1498 2514 replicabis
1511 2468 1710 2514 Apostolos
1725 2467 1782 2503 vel

1006 2517 1235 2562 Prophetas3
1273 2515 1453 2561 numquid
1490 2514 1632 2562 poteris
1669 2514 1784 2550 talem

1005 2562 1119 2598 alium
1141 2562 1214 2598 tuis
1228 2563 1463 2599 sermonibus
1476 2563 1615 2598 habere
1635 2571 1785 2597 consor-

1005 2613 1081 2645 tem
1099 2610 1116 2644 ?
1138 2623 1154 2642 »
1178 2611 1282 2646 Unde
1304 2614 1340 2645 et
1364 2610 1571 2646 Bernardus
1592 2621 1603 2644 :
1626 2622 1645 2641 «
1666 2609 1784 2644 Num-

1007 2667 1119 2702 quam
1135 2657 1258 2692 minus
1276 2657 1376 2692 solus
1396 2665 1616 2702 sum,quam
1631 2654 1783 2701 quando

1007 2704 1107 2739 solus
1128 2715 1222 2739 sum.
1246 2719 1263 2736 »
1286 2703 1518 2740 Credendum
1539 2706 1666 2739 autem
1684 2701 1784 2747 quod

1007 2754 1093 2786 tunc
1125 2755 1204 2787 erat
1240 2755 1317 2787 tota
1341 2752 1531 2787 abstracta
1556 2750 1593 2785 in
1626 2748 1786 2785 devotis-

1007 2798 1102 2833 sima
1124 2797 1308 2840 oratione,
1332 2798 1390 2834 vel
1410 2799 1446 2833 in
1466 2797 1598 2833 intima
1618 2799 1784 2832 contem-

1006 2844 1186 2891 platione,
1211 2850 1459 2892 consurgente
1479 2845 1575 2881 forte
1593 2848 1680 2880 tunc
1700 2852 1786 2889 spe-
