1876 3126
391 160 444 195 DE
481 161 726 195 CURATIONE
767 161 1038 202 DAEMONIACI,
1077 163 1128 197 ET
1165 162 1303 197 SOCRU
1341 162 1484 197 PETRI.
1705 160 1765 198 359

128 239 242 276 quam
266 230 438 267 homines
462 232 509 268 ad
534 231 647 266 fidem
675 230 908 267 induceban-

129 280 201 314 tur.
231 279 335 314 Unde
367 283 403 315 et
429 279 475 314 ad
504 282 642 314 tactum
670 289 803 314 manus
830 280 910 324 ejus

127 326 360 361 sanabantur
375 326 527 369 intirmi,
545 326 777 361 curabantur
790 325 909 371 lepro-

127 371 173 415 si,
195 372 506 409 illuminabantur
526 373 634 416 caeci;
653 376 689 408 et
709 372 756 408 ad
779 383 908 408 vocem

127 419 208 465 ejus
232 420 511 456 suscitabantur
537 420 689 463 mortui,
717 423 753 456 et
782 419 907 465 ejicie-

126 466 262 502 bantur
278 467 430 513 spiritus
450 467 645 503 immundi.
667 468 738 503 Per
758 467 829 502 hoc
846 477 910 503 au-

125 517 200 565 tem
228 514 342 559 quod,
364 525 519 561 vespere
549 516 660 557 facto,
690 514 909 551 obtulerunt

124 559 195 596 Sibi
222 560 394 597 infirmos
420 566 457 598 et
487 562 755 607 daemoniaco&
790 561 906 607 signi-

124 606 262 644 ficatur
286 609 385 654 quod
414 610 506 645 hura
534 610 662 646 muiidi
691 609 909 656 vespertina

125 654 297 691 Christus
313 656 411 692 venit
427 657 620 693 dirinones
635 657 785 704 ejicere,
802 660 839 693 et
855 657 910 692 in-

125 702 325 739 firmitates
359 705 552 740 bominum
580 716 712 741 curare
741 716 749 740 :
778 707 816 741 et
841 715 908 750 per

122 758 297 802 occasum
316 751 405 787 solis
427 751 675 798 significatur,
699 751 800 798 quod
824 753 908 787 Pas-

121 806 178 832 sio
205 807 285 840 sua,
319 798 355 833 iii
383 810 457 844 qua
485 800 544 836 Sol
568 799 725 846 jiistitiae
756 798 905 843 occidit,

120 843 249 896 sutura
269 849 350 881 erat
372 847 561 882 medicina
585 847 707 882 omnis
728 846 906 892 spiritua-

122 890 167 927 lis
192 892 434 930 infirmitatis.
462 895 579 938 Unde,
607 895 811 930 secundum
837 896 905 930 Be-

121 938 222 984 dam,
245 939 283 975 in
306 951 418 977 sensu
454 942 623 988 mystico,
647 941 736 977 solis
757 941 906 978 occubi—

122 988 198 1030 tus,
230 989 447 1024 Passionem
477 993 711 1035 mortemque
736 988 836 1025 illius
857 989 906 1024 si-

121 1033 280 1079 gnificat
311 1035 373 1081 qui
407 1036 497 1071 dicit
521 1048 528 1071 :
553 1037 736 1080 Quamdiu
762 1047 842 1072 sum
870 1039 908 1072 in

121 1081 270 1126 mundo,
289 1083 356 1118 luae
375 1094 454 1118 sum
476 1085 622 1124 mundi:
646 1087 695 1128 et,
718 1084 796 1120 sole
814 1083 908 1119 occi-

120 1127 247 1172 dente,
270 1129 441 1176 plerique
465 1131 688 1167 daemoniaci
717 1135 753 1167 et
773 1132 905 1177 aegroti

118 1180 334 1213 sanantur:
365 1178 466 1223 quia,
495 1179 558 1224 qui
587 1178 847 1225 temporaliter
866 1178 906 1214 in

119 1232 232 1275 carne
260 1224 403 1269 vivens,
432 1237 572 1272 paucos
596 1227 812 1262 Judaeorum
836 1226 904 1262 do-

118 1273 210 1315 cuit,
249 1272 424 1308 omnibus
460 1284 527 1319 per
559 1275 689 1310 orbem
724 1273 905 1310 Gentibus

119 1317 209 1354 fidei
231 1319 439 1366 salutisque
457 1322 557 1357 dona
579 1321 811 1357 transmittit.
833 1322 904 1357 Mo-

119 1364 252 1402 raliter
277 1377 366 1403 vero
393 1379 549 1404 occasus
573 1369 662 1404 solis
686 1371 808 1415 potest
832 1368 905 1404 dici

119 1422 230 1449 casus
267 1416 470 1451 mundante
507 1415 783 1462 prosperitatis,
823 1419 904 1462 post

119 1470 234 1506 quam
268 1462 373 1498 multi
414 1468 608 1507 sanantur,
643 1463 722 1509 qui,
756 1463 904 1500 lucente

119 1507 198 1544 sole
229 1510 506 1555 prosperitatis,
537 1512 702 1556 graviter
733 1510 904 1547 infirma-

120 1555 271 1591 bantur.
285 1558 502 1596 Consideia.
521 1559 621 1604 quod
640 1558 766 1605 paucis
780 1558 903 1595 verbis

119 1602 237 1639 multa
251 1603 310 1639 hic
324 1605 504 1641 miracula
516 1606 901 1652 comprehenduntur,

118 1661 202 1695 quae
217 1662 392 1697 expresse
409 1653 578 1689 fortassis
597 1652 831 1689 incredibilia
847 1652 902 1688 vi-

117 1698 311 1734 derentur.
343 1701 446 1736 Unde
473 1702 747 1745 Chrysostomus
769 1713 779 1735 .·
805 1714 822 1734 «
849 1702 902 1737 Tu

116 1749 243 1782 autem
255 1745 408 1783 intende
424 1751 604 1793 quantam
621 1747 902 1784 multitudinem

116 1796 287 1830 curatam
328 1797 592 1831 transcurrant
638 1795 898 1841 Emugebstae,

115 1851 194 1876 non
214 1851 522 1888 unumquemque
541 1846 712 1878 curatum
734 1843 903 1879 dicentes

117 1887 227 1924 nobis
253 1892 289 1924 et
320 1894 562 1933 enarraiites3
592 1891 658 1926 sed
685 1901 759 1926 uno
786 1891 901 1927 verbo

120 1936 276 1982 pelagus
312 1937 506 1973 ineffabile
536 1937 805 1974 miraculorum
838 1949 902 1974 su-

121 1984 395 2030 pervenientes,
417 1989 454 2020 ut
474 1995 549 2019 non
569 1996 699 2020 rursus
717 1985 904 2031 magnitu-

120 2032 170 2068 do
192 2031 362 2068 miraculi
386 2032 689 2068 incredulitatem
710 2032 902 2076 immittat,

121 2078 153 2116 si
174 2082 319 2116 tantam
346 2080 492 2126 plebem
514 2083 551 2115 et
572 2079 692 2115 varias
710 2079 903 2127 aegritudi-

121 2137 188 2163 nes
208 2127 247 2163 in
270 2139 343 2163 uno
367 2126 545 2173 temporis
568 2131 758 2163 momento
777 2127 901 2172 solvit,

117 2178 155 2212 et
179 2175 393 2211 emendavit
421 2187 429 2210 :
463 2190 474 2205 ι»
505 2175 584 2210 liaec
613 2176 899 2219 Chrysostomus.

116 2223 282 2259 Emibant
302 2228 422 2258 autem
442 2222 621 2257 claemonia
637 2233 658 2257 α
679 2223 806 2257 multis
825 2223 900 2258 cla-

116 2273 273 2314 mantia,
294 2274 327 2306 et
347 2271 507 2305 dicentia
528 2283 538 2304 .·
561 2270 653 2312 Quia
673 2273 712 2304 tu
732 2280 767 2304 es
784 2271 902 2305 Filius

118 2320 196 2355 Dei.
215 2321 263 2354 Et
279 2320 471 2363 increpans
487 2328 557 2352 non
571 2317 713 2352 sinebat
728 2327 769 2351 ea
785 2318 900 2362 loqui,

119 2368 209 2411 quia
235 2366 397 2401 sciebant
425 2375 492 2411 per
521 2365 782 2400 vehementem
811 2375 902 2400 con-

111 2414 300 2459 J'ecturam
315 2415 435 2459 ipsum
454 2423 527 2447 esse
545 2413 741 2453 Christum,
761 2423 834 2448 non
851 2415 903 2448 ta-

116 2471 203 2496 men
222 2471 290 2507 per
311 2459 476 2495 scientiae
498 2459 777 2495 certitudinem.
796 2459 900 2496 Unde

115 2508 214 2544 Beda
229 2521 240 2543 .·
261 2522 279 2541 «
296 2509 489 2543 Daemonia
511 2507 644 2543 Filium
660 2506 725 2543 Dei
743 2507 900 2543 confite-

118 2555 268 2599 bantur,
299 2558 335 2590 et
361 2556 523 2590 sciebant
551 2557 670 2600 ipsum
697 2565 771 2590 esse
797 2555 901 2592 Chri-

113 2606 224 2644 stum,
237 2602 340 2648 quia,
352 2613 436 2638 cuin
449 2601 593 2648 jejunio
608 2601 803 2647 fatigatum
815 2612 901 2638 eum

115 2649 290 2686 diabolus
309 2650 466 2693 videret,
484 2660 613 2685 verum
636 2649 827 2686 bominem
848 2649 902 2686 in-

114 2697 276 2742 tellexit;
300 2698 366 2733 sed
390 2697 477 2743 quia
501 2697 679 2733 tentando
703 2708 777 2734 non
803 2708 901 2744 prae-

116 2745 246 2791 valuit,
272 2748 396 2781 utrum
420 2744 533 2780 Filius
564 2744 628 2781 Dei
652 2748 765 2790 esset,
791 2745 900 2782 dubi-

114 2793 233 2835 tabat.
275 2794 380 2830 Nunc
418 2796 558 2835 autem,
599 2802 667 2840 per
707 2792 901 2840 signorum

981 232 1204 278 potentiam,
1232 233 1288 268 vel
1319 232 1515 276 intellexit,
1546 231 1604 268 vel
1635 231 1763 285 potius

982 280 1191 325 suspicatus
1221 284 1277 316 est
1306 291 1388 316 esse
1418 280 1550 316 Filium
1581 281 1666 323 De13
1695 279 1765 316 sed

982 336 1021 361 se
1040 331 1157 363 morte
1174 327 1273 363 illius
1287 338 1359 363 non
1376 327 1546 373 praevidit
1561 338 1645 363 esse
1662 327 1766 363 dam-

982 374 1160 409 nandum.
1184 376 1278 410 Vere
1300 374 1400 410 enim
1425 375 1470 410 de
1494 375 1562 410 boc
1587 373 1765 420 mysterio

981 430 1002 455 a
1022 421 1157 457 seculis
1179 421 1415 463 abscondito,
1438 421 1528 457 dicit
1547 421 1764 468 Apostolus,

981 467 1079 512 quod
1117 479 1225 504 nemo
1263 469 1474 515 principum
1507 470 1617 514 hujus
1648 467 1765 504 seculi

981 515 1155 559 cognovit
1176 527 1183 550 :
1206 517 1247 552 Si
1264 519 1357 551 enim
1376 519 1637 559 cossnovissent‚
1658 527 1764 551 num-

981 571 1091 605 quam
1104 564 1291 598 Dominum
1306 565 1432 606 gloriae
1448 566 1712 608 crucifiaeissent
1723 575 1732 598 :
1745 576 1764 595 >³

980 608 1060 644 haec
1079 610 1189 644 Beda.
1214 610 1300 645 Ideo
1323 614 1446 645 aulem
1470 622 1538 645 non
1560 611 1703 646 sinebat
1723 620 1767 645 ea

980 657 1094 700 loqui,
1109 667 1152 691 ne
1165 656 1337 692 homiues
1346 657 1542 693 audientes
1551 658 1765 693 daemonein

979 703 1186 749 praedicare
1229 704 1369 739 mundo
1405 704 1616 748 veritatem,
1658 704 1765 740 dein-

980 761 1067 796 ceps
1083 750 1365 797 acquiescerent
1379 750 1447 787 sibi
1467 751 1686 797 praedicanti
1700 751 1766 787 sal-

980 797 1142 834 sitatem.
1162 798 1265 834 Unde
1286 798 1414 834 Glossu
1435 811 1445 833 .·
1464 814 1481 831 «
1496 799 1581 834 Ideo
1595 799 1765 834 Christus

980 845 1152 891 prohibet
1178 845 1296 891 loqui,
1321 856 1367 880 ne
1389 845 1478 881 dum
1500 845 1637 890 aliquis
1657 845 1765 881 audit

980 893 1191 928 daemonem
1212 903 1299 928 vera
1321 892 1604 938 praedicantem,
1634 895 1766 939 postea

980 944 1161 986 sequatur
1195 944 1399 976 errantem.
1434 941 1631 985 Improbus
1663 938 1766 977 enim

981 987 1160 1033 magister
1174 998 1263 1023 vera
1281 987 1384 1023 salsis
1403 987 1618 1033 permiscet,
1639 991 1676 1023 ut
1694 987 1763 1024 sub

980 1037 1103 1080 specie
1118 1034 1299 1076 veritatis,
1314 1034 1488 1070 salsitatis
1503 1034 1764 1071 testimonium

980 1084 1145 1128 obtegat.
1166 1096 1183 1114 »
1208 1084 1260 1118 De
1283 1083 1352 1117 hoc
1371 1083 1488 1118 babes
1507 1084 1543 1117 et
1563 1081 1656 1117 alias
1678 1092 1764 1118 cau-

979 1140 1039 1165 sas
1057 1129 1225 1175 proxime
1246 1140 1359 1176 supra
1379 1129 1425 1165 de
1444 1129 1578 1176 spiritu
1598 1129 1763 1166 immun-

979 1176 1027 1213 do
1048 1177 1180 1213 dictas.

1026 1239 1046 1271 9
1067 1225 1243 1261 CunisTus
1272 1236 1402 1261 imiimi
1426 1236 1462 1259 ΙΝ
1486 1235 1670 1259 messarim
1696 1234 1761 1259 Lo-

977 1283 1046 1307 cuii
1081 1284 1238 1316 srecnir,
1267 1284 1312 1308 An
1342 1284 1516 1308 vimxnos
1540 1282 1760 1316 APPLAusus,

977 1331 1019 1354 ET
1038 1331 1084 1355 An
1102 1331 1284 1356 oimxnuii.
1309 1339 1349 1346 —
1366 1322 1475 1355 Facta
1494 1324 1613 1354 autem
1631 1319 1704 1363 die,
1724 1321 1762 1355 et

977 1367 1085 1403 valde
1105 1367 1284 1410 diluculo,
1304 1378 1467 1412 cqressus
1487 1368 1610 1410 Jesus,
1628 1366 1675 1402 de
1695 1366 1762 1403 Ca-

977 1415 1204 1460 pharnaum,
1225 1416 1304 1450 ibat
1323 1417 1361 1450 in
1378 1415 1557 1450 desertum
1576 1415 1705 1458 locum,
1721 1415 1763 1449 ut

977 1462 1201 1508 applausum
1228 1462 1353 1508 populi
1384 1462 1544 1508 sugeret,
1570 1465 1606 1496 et
1627 1460 1677 1496 ibi
1700 1471 1764 1497 se-

978 1509 1114 1545 cretius
1134 1513 1282 1545 oraret:
1298 1509 1335 1545 in
1354 1510 1422 1545 hoc
1441 1510 1534 1545 dans
1548 1508 1763 1554 exemplum

977 1557 1079 1603 quod
1100 1556 1325 1603 praedicator
1352 1561 1386 1592 et
1410 1556 1640 1592 mirabilium
1665 1555 1760 1591 divi-

977 1615 1111 1640 norum
1125 1608 1302 1650 operator
1320 1604 1431 1640 debet
1448 1614 1583 1639 vanam
1599 1603 1761 1650 gloriam

976 1655 1013 1688 et
1033 1652 1327 1688 ostentationem
1347 1652 1489 1698 sugere,
1510 1655 1548 1687 et
1564 1652 1612 1686 ad
1633 1650 1761 1687 solitu-

976 1699 1101 1735 dinem
1138 1698 1467 1744 contemplationis
1497 1709 1540 1734 ac
1574 1701 1762 1735 secretum

976 1746 1173 1790 orationis,
1187 1750 1271 1793 post
1283 1747 1452 1782 laborem
1462 1744 1759 1792 praedicationis,

975 1793 1116 1838 redire,
1147 1798 1189 1830 ut
1215 1795 1291 1829 Deo
1318 1793 1460 1839 gratias
1486 1797 1573 1840 agat
1599 1793 1646 1829 de
1674 1803 1760 1838 pro·

976 1842 1076 1878 fectu
1109 1841 1316 1887 praeterito,
1344 1844 1381 1877 et
1415 1851 1455 1877 se
1488 1841 1664 1887 disponat
1691 1850 1760 1887 pro

976 1889 1161 1933 futuro,et
1178 1888 1248 1925 sibi
1268 1888 1416 1924 hauriat
1433 1888 1533 1935 quod
1550 1891 1682 1934 postea
1699 1897 1763 1934 po-

976 1936 1073 1982 pulis
1089 1936 1269 1972 efi'undat.
1288 1938 1345 1979 Et,
1362 1935 1569 1971 secundum
1586 1936 1764 1980 Theophi-

976 1985 1065 2027 lum,
1090 1983 1256 2019 ostendit
1281 1982 1391 2019 nobis
1417 1982 1518 2029 quod
1542 1983 1619 2018 Deo
1645 1982 1761 2019 debet

976 2030 1142 2071 attribui,
1163 2029 1194 2066 si
1211 2029 1353 2076 aliquid
1371 2029 1461 2067 boni
1480 2029 1650 2074 facimuS,
1672 2033 1710 2066 et
1725 2027 1762 2066 ei

976 2078 1157 2115 debemus
1167 2077 1763 2124 dicere,quoniamomnedonum

976 2125 1158 2172 optimum
1192 2125 1354 2172 desuper
1379 2128 1449 2167 est,
1478 2124 1712 2161 descendens
1737 2134 1762 2162 a

976 2177 1025 2210 te.
1049 2175 1089 2209 ln
1115 2173 1265 2209 deserto
1280 2183 1369 2218 ergo
1385 2171 1555 2209 Christus
1571 2175 1667 2217 orat,
1682 2182 1760 2209 non

975 2221 1074 2267 quod
1099 2220 1180 2267 ipse
1213 2220 1385 2257 oratione
1416 2219 1603 2266 indigeat;
1629 2219 1694 2256 sed
1719 2221 1761 2256 ut

975 2268 1083 2305 nobis
1105 2269 1213 2305 bonae
1235 2267 1599 2314 exemplificationis,
1622 2277 1758 2313 opera-

975 2316 1102 2359 tionis,
1128 2315 1340 2362 exemplum
1367 2318 1404 2352 et
1430 2316 1552 2351 forma
1578 2314 1700 2359 fieret,
1722 2317 1762 2351 et

974 2367 1016 2400 ut
1048 2374 1117 2400 nos
1149 2364 1352 2399 tumultum
1381 2364 1524 2408 fugere,
1559 2365 1594 2398 et
1627 2371 1759 2398 curam

976 2411 1106 2447 mundi
1142 2411 1274 2455 vitare,
1314 2421 1358 2447 ac
1396 2413 1582 2446 secretum
1618 2408 1758 2445 mentis

974 2469 1144 2505 quaerere
1165 2458 1328 2500 doceret,
1353 2468 1438 2493 cum
1460 2467 1545 2492 eum
1567 2466 1677 2492 orare
1698 2455 1758 2492 vel

974 2506 1008 2543 ei
1029 2506 1185 2543 silenter
1202 2505 1302 2552 loqui
1321 2507 1553 2541 affectamus.
1575 2506 1623 2539 ,Et
1643 2503 1759 2541 turba

972 2554 1209 2600 requirebant
1235 2564 1328 2593 cum,
1357 2552 1499 2588 scilicet
1532 2561 1599 2597 per
1626 2550 1756 2596 tidem,

974 2606 1007 2638 et
1019 2605 1192 2637 venerunt
1209 2611 1323 2645 usque
1337 2601 1385 2635 ad
1404 2602 1537 2645 ipsum,
1554 2609 1620 2644 per
1636 2607 1757 2644 spem,

974 2654 1008 2686 et
1026 2649 1237 2685 detinebant
1256 2649 1374 2690 illum,
1398 2658 1465 2693 per
1485 2646 1694 2685 caritatem,
1713 2655 1758 2682 ne

974 2697 1173 2733 discederet
1192 2696 1238 2730 ab
1256 2697 1320 2739 eis,
1342 2699 1381 2731 ut
1399 2694 1609 2741 protectum
1629 2702 1760 2729 conse-

975 2747 1180 2791 querentur
1213 2743 1409 2788 majorem.
1443 2742 1510 2778 Ubi
1545 2743 1758 2793 chrysosto-

973 2803 1053 2828 mus
1075 2805 1085 2827 :
1108 2804 1126 2825 «
1149 2790 1326 2828 Gaudens
1345 2793 1472 2827 autem
1491 2798 1555 2826 eos
1575 2797 1757 2836 suseipie-
