1876 3126
103 129 165 163 ⁴166

116 207 200 234 rum
238 194 482 239 remissione3
511 197 643 231 contra
667 194 887 240 secundum,

116 245 162 281 de
196 243 447 289 proximorum
479 243 664 278 bonorum
700 241 818 278 salute
852 244 890 278 et

112 291 298 328 malorum
318 289 653 332 condemnatione;
675 292 805 325 contra
818 291 891 325 ter-

116 338 224 381 tium,
262 338 308 373 de
340 337 451 382 hujus
490 335 606 372 exsilii
641 335 886 380 liberatione;

118 390 248 421 contra
271 390 461 429 quartum,
488 383 534 419 de
564 384 737 420 evasione
768 393 889 430 poenae

113 432 267 475 futurae;
301 434 433 467 contra
467 430 650 477 quintum,
687 430 727 466 in
759 430 889 476 gloriae

114 479 338 525 adeptione:
373 481 411 514 et
443 480 532 514 tunc
562 481 737 524 poterunt
765 477 889 513 dicere

116 537 198 562 cum
226 525 425 561 psalmista
456 538 466 560 ε
492 526 695 562 Secundum
722 526 888 560 multitu-

113 574 233 609 dinem
251 574 414 608 dolorum
434 582 590 608 meorum
611 574 650 608 in
676 572 780 608 corde
798 582 888 612 meo,

116 622 375 656 consolationes
409 623 478 655 tuae
507 621 778 665 laetificaverunt
807 620 888 653 cmi-

114 678 211 703 mam
231 678 359 703 meam.
380 666 472 703 Huic
504 666 701 702 sententiae
736 675 889 701 concor-

113 714 176 750 dat
202 715 394 758 Greyorius
427 713 490 759 qui
520 713 610 749 dicit
636 725 643 749 :
674 726 691 746 «
723 714 892 755 Quatuor

112 765 198 797 sunt
225 761 424 807 qualitates
445 760 579 806 quihus
599 761 687 805 justi
714 759 782 794 viri
810 757 890 794 ani-

115 818 178 844 ma
198 808 234 843 in
261 808 545 852 compunctione
571 808 813 842 veliementer
836 804 891 840 af-

113 855 238 891 ficitur
264 867 272 890 t
298 859 375 898 aut,
413 865 496 890 cum
516 854 703 889 malorum
737 861 891 888 suornm

116 902 384 945 reminiscitur,
414 901 657 936 considerans
698 899 760 935 ubi
796 898 888 942 suit3

116 953 192 989 aut,
217 959 299 985 cum
316 947 544 993 ,judiciorum
571 946 637 982 Dei
665 945 890 982 sententiam

116 1001 300 1038 metuens,
331 998 367 1030 et
391 1004 517 1029 secum
542 1004 730 1039 quaerens,
752 992 891 1038 cogitat

111 1043 172 1079 uhi
202 1041 293 1084 erit3
332 1045 409 1084 aut,
449 1051 532 1077 cum
553 1041 652 1076 mala
675 1040 785 1086 hujus
805 1039 890 1075 vitae

115 1089 312 1135 praescntis
325 1088 483 1124 solerter
497 1088 709 1131 attendens,
726 1097 890 1123 moerens

113 1135 325 1172 considerat
363 1135 427 1171 ubi
463 1139 539 1180 est3
572 1138 649 1177 aut,
678 1145 763 1170 cum
791 1136 892 1170 bona

113 1194 284 1229 supernae
307 1182 438 1228 patria}
472 1183 762 1228 contemplatur,
791 1192 890 1227 quae,

115 1230 204 1277 quia
225 1230 391 1265 nondum
407 1229 638 1275 adipiscitur,
658 1229 789 1275 lugens
806 1240 892 1264 con-

116 1277 221 1323 spicit
245 1277 304 1312 ubi
328 1288 404 1312 non
426 1281 482 1312 est
507 1288 514 1311 :
537 1290 556 1309 »
578 1277 659 1312 haec
683 1277 889 1320 Greqorz‘us.

115 1325 311 1361 Gaudeant
344 1335 432 1370 ergo
459 1323 545 1360 vani
566 1323 604 1359 iu
624 1325 696 1359 hoe
716 1324 857 1359 mundo
881 1334 889 1367 ;

116 1371 215 1409 beati
255 1375 382 1406 autem
423 1371 486 1416 qui
524 1371 668 1417 lugent,
715 1370 891 1416 quoniam

117 1418 187 1466 ipsi
212 1419 506 1454 consolabuntur
531 1418 569 1453 in
590 1418 698 1453 coelo.
723 1419 892 1463 Congrue

118 1471 241 1502 autem
259 1465 474 1511 lugentibus
493 1465 739 1512 promittitur,
753 1468 790 1500 et
800 1475 894 1510 prae-

115 1517 270 1560 paratur
308 1517 450 1548 {eterna
487 1513 707 1556 consolatio,
751 1514 792 1547 ut
831 1511 893 1557 qui

117 1560 253 1595 tristati
277 1564 361 1595 sunt
382 1559 419 1594 in
437 1560 628 1605 praesenti,
648 1559 836 1605 gaudeant
855 1558 894 1594 in

117 1607 255 1649 futuro,
279 1610 314 1642 et
334 1606 581 1652 temporalem
602 1606 819 1642 amittentes
834 1606 894 1641 lae-

118 1653 254 1696 titiani,
276 1653 514 1699 perfruantur
540 1655 694 1689 aeterna.

163 1701 351 1747 7QcAnTA
385 1712 581 1736 nmrimno
620 1712 629 1735 ε
671 1711 814 1735 ESL‘RIES
851 1711 893 1734 ET

119 1759 205 1783 sms
243 1759 417 1783 JusTITIAE.
453 1768 498 1774 —
533 1747 676 1783 Deinde
724 1746 894 1789 sequitur

116 1798 253 1841 quarta
274 1806 282 1829 ε
304 1797 407 1830 Beati
428 1797 492 1839 qui
514 1797 678 1829 esuriunt
704 1797 737 1829 et
761 1796 893 1829 sitimzt

119 1844 305 1887 Justitz'am
319 1855 328 1883 ;
343 1844 516 1886 quonium
531 1843 604 1886 ipsi
613 1841 891 1876 saturabuntur.

119 1891 205 1925 Haec
226 1893 358 1934 quarta
384 1888 576 1924 beatitudo
603 1892 704 1923 recte
725 1888 894 1933 sequitur

122 1939 196 1971 tres
228 1936 446 1981 praedictas3
485 1935 547 1980 qui
575 1935 674 1970 enim
704 1935 895 1970 mundana

121 1983 357 2028 contempsit,
379 1992 422 2018 ac
449 1992 573 2017 mores
607 1981 895 2017 mansuetudine

121 2029 226 2072 rexit,
255 2033 292 2065 et
318 2030 482 2065 desectus
518 2028 628 2074 luxit,
666 2030 746 2075 jam
772 2031 896 2074 potest

121 2076 262 2112 esurire
284 2080 320 2112 et
341 2076 445 2111 sitire
467 2075 666 2122 justitiam,
695 2076 795 2121 quod
822 2086 897 2111 non

118 2123 220 2170 prius
262 2124 394 2169 potuit,
439 2123 541 2168 quia,
569 2123 774 2159 secundum
805 2123 896 2158 Am-

128 2171 298 2211 brosium,
322 2180 422 2215 aeger
451 2181 535 2205 cum
571 2170 611 2205 in
638 2169 743 2216 gravi
766 2170 898 2206 morbo

127 2219 196 2261 est,
228 2227 303 2252 non
330 2216 457 2252 esurit.
489 2217 624 2253 Primae
658 2228 747 2253 vero
774 2220 851 2252 tres
877 2227 900 2252 a

122 2264 246 2300 seculo
278 2273 441 2307 nequam
481 2262 643 2309 eripiunt
666 2275 674 2299 :
699 2267 900 2310 paupertas

128 2310 229 2347 enim
251 2309 398 2345 divitias
419 2309 557 2354 abjicit,
575 2312 820 2346 mansuetudo
841 2311 899 2347 in-

126 2357 247 2404 J'urias
278 2367 354 2392 non
391 2356 516 2400 sentit,
550 2357 669 2393 luctus
701 2358 901 2394 commissa

129 2404 258 2448 diluit;
287 2414 369 2449 quae
393 2414 481 2439 vero
514 2407 732 2448 sequuntur,
757 2405 804 2440 ad
830 2416 901 2441 coe-

129 2451 203 2487 lum
226 2450 388 2497 erigunt.
412 2451 576 2493 Quarum
599 2450 722 2496 prima
748 2455 803 2487 est
824 2463 901 2488 non

127 2502 203 2534 tam
227 2497 386 2544 Justitia,
413 2507 524 2543 quam
544 2497 687 2533 esuries
711 2498 786 2534 sive
807 2499 901 2535 desi-

125 2544 451 2591 deriumJustitiae‚
469 2544 556 2590 quia
566 2544 606 2580 in
625 2545 800 2590 praesenti
814 2556 899 2591 per-

129 2593 265 2628 fectam
287 2591 473 2638 Justitiam
505 2602 582 2627 non
610 2602 810 2637 possumus
833 2593 899 2628 ha-

128 2639 234 2683 here,
272 2640 336 2675 sed
373 2649 573 2685 possumus
611 2638 766 2674 esurire.
797 2640 900 2675 Unde

128 2685 249 2722 dicit:
279 2687 383 2723 Beati
407 2687 468 2732 qui
500 2685 669 2722 esuriunt
700 2688 737 2722 et
771 2684 902 2721 sitiunt

124 2733 322 2780 justitiam,
347 2734 386 2770 id
407 2737 477 2779 est,
500 2743 584 2770 cum
615 2732 720 2769 omni
752 2732 898 2769 deside-

599 122 741 157 PRIMAE
776 123 933 158 PARTIS
969 123 1107 158 CAPUT
1145 123 1329 156 XXXIII.

962 194 1020 230 rio
1048 197 1086 230 et
1109 194 1363 238 vehementer,
1388 193 1436 230 ad
1467 193 1620 230 modum
1645 205 1732 232 esu-

963 241 1094 278 rientis
1132 244 1168 278 et
1206 240 1378 285 sitientis,
1412 244 1594 287 appetunt
1629 252 1732 288 eam3

963 299 1055 334 nos,
1095 289 1299 325 secundum
1336 288 1471 324 Bedam
1491 317 1502 330 ,
1543 287 1735 326 instruens

962 346 1166 382 numquam
1192 346 1268 372 non
1290 334 1380 371 satis
1402 335 1524 381 justos
1547 335 1735 372 aestimare

964 383 1116 427 debere,
1138 383 1203 419 sed
1223 381 1440 428 quotidiano
1460 382 1614 428 justitiae
1636 391 1733 419 sem-

963 440 1031 476 per
1056 430 1188 466 ardere
1222 429 1403 476 profectu.
1427 429 1533 465 Unde
1558 432 1734 474 Hierony-

961 487 1041 511 mus
1063 489 1071 513 :
1096 491 1114 510 «
1144 478 1222 512 Non
1260 476 1396 512 sufficit
1423 476 1532 512 nobis
1563 476 1658 512 velle
1679 476 1736 523 J'u-

964 522 1119 566 stitiam,
1130 523 1201 558 nisi
1211 523 1367 569 justitiae
1379 525 1566 569 patiamur
1582 523 1735 567 famem,

929 569 933 622 ξ
963 574 1004 606 ut
1037 580 1242 615 numquam
1279 581 1349 606 nos
1383 570 1472 606 satis
1506 571 1641 616 justos,
1669 569 1735 607 sed

930 624 931 661 ξ
965 627 1114 662 semper
1136 615 1278 652 esurire
1311 627 1423 662 opera
1445 617 1601 662 justitiae
1625 616 1735 653 intel-

930 673 931 679 *
964 663 1138 708 ligamus.
1168 676 1186 697 »
1211 664 1255 698 Et
1279 663 1460 708 accipitur
1490 664 1549 698 hic
1575 663 1736 709 Justitia,

966 710 1171 746 secundum
1197 710 1297 755 quod
1323 712 1380 745 est
1407 710 1524 746 virtus
1552 709 1738 755 generalis

930 763 932 797 ξ
965 757 1013 793 ad
1033 767 1178 801 omnes,
1200 767 1273 802 qua
1301 756 1510 792 declinatur
1529 768 1552 793 a
1581 757 1680 793 malo
1701 759 1739 793 et

930 803 933 847 ζ
966 804 1009 839 fit
1027 804 1182 847 bonum,
1205 804 1409 839 secundum
1431 804 1530 849 quod
1556 804 1669 840 homo
1690 803 1737 840 ab

931 850 933 898 ξ
966 861 1010 886 ea
1032 850 1258 896 generaliter
1288 851 1410 896 Justus
1442 851 1577 886 dicitur
1596 861 1664 897 per
1679 861 1739 887 ex-

932 904 933 911 *
967 898 1167 933 ercitium:
1212 896 1312 942 quia,
1349 897 1553 933 secundum
1591 899 1740 942 Chryso-

965 949 1133 989 smmum,
1161 943 1275 980 esurit
1295 943 1492 990 fflstitiam,
1521 943 1584 990 qui
1607 955 1738 980 secun-

932 996 933 1002 *
967 992 1057 1028 dum
1077 991 1143 1027 Dei
1167 990 1350 1037 justitiam
1381 991 1571 1027 desiderat
1590 1001 1742 1027 conver-

967 1039 1065 1084 sari;
1090 1039 1188 1074 hanc
1209 1038 1393 1084 justitiam
1418 1041 1453 1074 et
1476 1038 1561 1074 vitae
1588 1038 1740 1074 rectitu-

968 1086 1109 1129 dinem,
1132 1096 1208 1121 non
1231 1085 1349 1121 solum
1365 1085 1403 1120 in
1421 1085 1543 1129 nobis,
1564 1085 1630 1121 sed
1646 1088 1684 1121 et
1703 1084 1743 1121 in

967 1133 1140 1169 omnibus
1174 1132 1257 1169 aliis
1282 1136 1458 1179 appetere
1482 1133 1675 1168 debemus.
1697 1133 1742 1167 Et

932 1181 935 1221 ζ
966 1181 1047 1216 haec
1079 1184 1135 1216 est
1163 1179 1322 1226 justitia,
1345 1190 1425 1225 quae
1446 1179 1576 1215 tribuit
1595 1178 1740 1215 unicui-

933 1263 935 1269 ,
968 1238 1040 1274 que
1066 1227 1166 1273 quod
1192 1237 1299 1262 suum
1335 1230 1391 1262 est
1413 1238 1420 1262 :
1444 1228 1534 1270 Deo,
1556 1225 1741 1272 proximo,

932 1274 936 1307 l
969 1278 1005 1310 et
1030 1274 1111 1310 sihi.
1136 1276 1212 1310 Deo
1247 1273 1333 1318 tria,
1368 1273 1507 1309 scilicet
1529 1285 1537 1308 ε
1559 1274 1742 1309 honorem

933 1343 935 1349 ,
968 1321 1150 1365 Creatori,
1169 1331 1335 1357 amorem
1357 1320 1613 1366 Redemptori,
1630 1319 1742 1356 timo·
1793 1331 1797 1335 ·

968 1380 1048 1405 rem
1080 1368 1215 1405 Judici.
1239 1367 1412 1404 Proximo
1440 1367 1513 1403 tria
1535 1379 1542 1402 :
1564 1366 1743 1404 obedien-

969 1416 1060 1452 tiam
1101 1415 1311 1462 superiori,
1355 1414 1597 1451 concordiam
1634 1413 1743 1461 pari,

968 1462 1258 1499 beneficentiam
1296 1462 1478 1498 inferiori.
1521 1461 1598 1498 Sibi
1634 1461 1741 1498 tria:

969 1510 1193 1546 munditiam
1220 1509 1337 1554 cordi,
1362 1508 1572 1545 custodiam
1598 1507 1742 1553 ori‚di—

969 1557 1165 1604 sciplinam
1192 1557 1309 1593 carni.
1338 1558 1382 1592 Et
1406 1567 1494 1592 vere
1517 1568 1524 1591 :
1548 1554 1652 1592 Beati
1679 1554 1744 1601 qui

968 1604 1138 1640 esuriunt
1158 1606 1194 1639 et
1208 1604 1337 1639 sitiunt
1349 1603 1547 1650 justitiam,
1566 1601 1744 1649 quoniam

968 1651 1038 1697 ipsi
1079 1652 1362 1694 saturabuntur,
1391 1654 1431 1686 ut
1469 1650 1531 1695 qui
1571 1660 1639 1696 per
1665 1660 1746 1686 esu·

968 1698 1060 1733 rien]
1081 1702 1118 1733 et
1148 1697 1247 1733 sitim
1266 1697 1424 1743 justitiae
1451 1700 1659 1742 merentur,
1676 1706 1744 1742 per

968 1745 1204 1782 saturitatem
1234 1744 1363 1789 gloriae
1400 1743 1666 1789 preemientur,
1707 1745 1744 1779 et

967 1795 1158 1835 conatum,
1178 1802 1287 1837 quem
1309 1791 1408 1837 passi
1429 1793 1513 1827 sunt
1539 1790 1578 1826 in
1598 1799 1745 1826 meren-

968 1840 1030 1883 do,
1051 1839 1194 1874 reficiat
1219 1838 1415 1884 praemium
1442 1838 1479 1872 in
1498 1837 1741 1884 perficiendo.

969 1888 1060 1930 Quae
1081 1887 1258 1922 saturitas
1275 1885 1454 1920 reddetur
1470 1883 1509 1919 in
1525 1884 1600 1919 vita
1617 1885 1742 1929 beata,

934 1943 937 1961 ··
970 1934 1016 1969 de
1057 1943 1130 1978 qua
1168 1932 1257 1968 dicit
1292 1930 1523 1967 Psalmista:
1559 1931 1744 1976 satiabor,

970 1992 1049 2016 cum
1075 1981 1293 2026 apparuerit
1324 1980 1443 2023 gloria
1479 1982 1556 2014 tua.
1581 1979 1622 2013 In
1647 1988 1746 2024 prae-

972 2026 1067 2064 senti
1108 2037 1256 2073 quoque
1293 2025 1475 2070 redditur,
1519 2024 1608 2071 quia
1651 2024 1746 2061 sicut

973 2074 1131 2111 avaritia
1155 2073 1231 2109 sitit
1250 2073 1374 2109 aliena
1391 2075 1429 2108 et
1450 2071 1580 2115 esurit,
1599 2070 1652 2108 sic
1676 2081 1745 2118 per

969 2121 1153 2169 justitiam
1192 2123 1405 2164 saturatus,
1445 2121 1641 2155 contentus
1687 2121 1745 2154 est

975 2169 1066 2213 suis,
1087 2172 1124 2204 et
1141 2168 1265 2204 aliena
1286 2178 1361 2203 non
1382 2165 1493 2212 cupit.
1517 2167 1597 2201 Non
1623 2164 1746 2202 solum

973 2216 1099 2261 itaque
1127 2215 1181 2250 illi
1207 2214 1269 2260 qui
1290 2213 1433 2250 faciunt
1457 2212 1655 2259 justitiam,
1678 2222 1746 2249 seu

970 2262 1123 2310 justitiae
1145 2273 1253 2308 opus,
1271 2262 1334 2297 sed
1352 2260 1465 2297 etiam
1483 2259 1544 2305 qui
1564 2269 1646 2295 eam
1665 2270 1746 2296 esu-

975 2311 1075 2347 riunt
1095 2312 1132 2346 et
1147 2309 1291 2353 sitiunt,
1306 2308 1344 2344 id
1363 2307 1505 2353 est,qui
1524 2317 1607 2343 eam
1623 2306 1746 2342 faeere

974 2358 1256 2403 concupiscunt,
1271 2355 1341 2392 etsi
1356 2366 1430 2391 non
1446 2356 1602 2400 possunt
1621 2353 1745 2390 faeere

974 2405 1074 2451 quod
1104 2403 1334 2447 desiderant,
1357 2406 1483 2438 tamen
1516 2400 1615 2437 beati
1641 2402 1742 2445 sunt,

974 2451 1063 2497 quia
1097 2453 1276 2496 quantum
1314 2449 1355 2485 in
1389 2449 1480 2495 ipsis
1519 2452 1574 2485 est
1605 2446 1746 2483 faciunt

974 2498 1075 2544 quod
1099 2497 1334 2542 desiderant;
1360 2500 1397 2533 et
1419 2495 1479 2532 isti
1506 2495 1657 2542 quidem
1683 2504 1744 2531 sa-

972 2546 1209 2589 turabuntur,
1249 2544 1397 2590 quando
1442 2544 1568 2579 omnia
1611 2551 1744 2577 eorum

973 2592 1160 2628 desideria
1178 2592 1474 2638 complebuntur.
1493 2589 1598 2626 Unde
1617 2588 1744 2631 Anqu-

971 2642 1090 2675 stinus
1116 2652 1127 2675 :
1151 2639 1254 2682 «Qui
1280 2638 1445 2685 perfecte
1474 2636 1576 2673 novit
1594 2638 1632 2671 et
1655 2644 1741 2680 per-

974 2687 1068 2722 fecte
1089 2690 1190 2723 amat
1208 2685 1407 2732 justitiam,
1427 2685 1505 2730 ⁸jam
1528 2684 1651 2730 justus
1671 2683 1742 2727 est,

973 2733 1118 2770 etiamsi
1145 2733 1249 2770 nulla
1274 2732 1407 2769 existat
1428 2730 1634 2768 secundum
1659 2738 1743 2766 eam
