1902 3126
170 127 223 159 152
638 122 786 157 PRIMAE
821 123 980 158 PARTIS
1017 122 1153 156 CAPUT
1191 121 1305 154 XVII.

168 206 379 239 munerum,
398 194 456 231 vel
483 193 718 230 servitiorum
739 193 934 241 exigendo.

165 244 221 281 Ad
241 242 419 289 praedicta
442 245 567 277 autem
588 241 788 278 inducebat
806 243 937 278 beatus

164 292 330 328 Joannes
366 288 516 333 milites,
551 287 639 334 quia
671 289 718 324 ad
751 288 938 325 contraria

165 336 275 384 proni
309 346 389 372 esse
423 335 562 379 solent,
589 335 822 381 requirentes
847 335 937 371 insi-

166 383 304 420 diando
334 382 501 429 praedam
523 383 570 418 ab
598 381 652 418 eis
682 382 816 428 quibus
846 381 939 417 mili-

166 430 282 467 tando
309 430 487 476 prodesse
511 429 660 465 debent.
684 429 788 465 Unde
814 431 939 464 Petrus

165 478 344 513 Blesensz's
359 489 369 512 .·
384 490 401 509 «
421 475 538 512 Hodie
555 475 727 512 militaris
745 475 941 521 disciplina

166 534 322 571 prorsus
341 523 504 559 evanuit.
521 523 616 559 Olim
634 534 673 558 se
692 522 828 558 milites
841 523 941 569 Jura—

168 570 283 607 menti
310 570 457 606 vinculo
486 570 702 615 obligabant
729 569 842 615 quod,
865 571 940 603 sta-

167 621 250 655 rent
261 627 327 664 pro
340 617 552 663 reipublicae
566 620 677 660 statu,
693 617 792 662 quod
810 616 849 651 in
862 615 941 651 acie

166 675 244 701 non
269 664 455 710 fugerent,
478 667 514 699 et
541 663 635 709 quod
667 663 750 698 vitae
780 661 940 708 propriae

165 711 361 748 utilitatem
391 721 628 746 communem
654 709 938 755 praehaberent;

164 758 233 794 sed
253 761 289 794 et
315 758 426 793 hodie
448 768 557 793 enses
580 767 667 792 suos
692 756 876 802 recipiunt
896 754 941 790 de

167 805 290 849 altari,
311 809 351 840 ut
371 804 619 850 profiteantur
641 814 681 838 se
701 802 799 838 filios
816 801 941 837 Eccle-

168 852 247 895 siae,
266 855 377 897 atque
398 851 444 886 ad
463 852 644 885 honorem
663 847 876 892 sacerdotii,
895 847 943 883 ad

167 898 362 935 tuitionem
401 906 621 943 pauperum,
655 896 702 931 ad
740 895 942 930 vindictam

167 945 465 986 malefactorum,
488 946 524 978 et
547 943 594 978 ad
617 941 748 988 patriae
775 941 941 978 liberati-

168 1002 279 1029 onem
298 1003 337 1027 se
355 990 521 1036 gladium
542 989 743 1035 accepisse.
768 989 885 1024 Porro
902 987 942 1023 in

167 1038 397 1076 contrarium
412 1047 472 1072 res
490 1046 594 1071 versa
609 1039 677 1071 est.
696 1036 789 1071 Nam
806 1046 848 1071 ex
870 1045 942 1081 quo

167 1085 280 1122 hodie
317 1083 470 1120 militari
513 1083 661 1128 cingulo
703 1083 942 1126 decorantur,

169 1132 294 1169 statim
317 1131 519 1177 insurgunt
536 1130 574 1165 in
592 1129 759 1166 Christos
778 1129 942 1174 Domini,

167 1178 373 1216 desaeviunt
401 1179 438 1213 in
464 1177 731 1224 patrimonium
755 1176 942 1221 Crucifixi,

167 1229 206 1263 et
216 1226 377 1272 spoliant
392 1229 428 1261 et
442 1225 660 1271 praedantur
673 1225 859 1271 subjectos
873 1224 942 1260 sibi

125 1297 127 1299 -
167 1283 366 1320 pauperes,
377 1276 413 1308 et
426 1271 689 1308 miserabiliter
701 1276 813 1317 atque
824 1271 946 1307 immi-

168 1319 409 1357 sericorditer
436 1319 610 1364 affligunt
638 1318 810 1363 miseros,
834 1322 875 1354 ut
906 1318 945 1353 in

167 1366 361 1403 doloribus
381 1366 514 1402 alienis
535 1365 684 1402 illicitos
704 1365 890 1412 appetitus
909 1368 945 1401 et

169 1413 487 1450 extraordinarias
541 1412 723 1458 impleant
773 1413 943 1449 volunta-

166 1464 258 1497 tes:
291 1474 309 1493 »
337 1462 417 1496 haec
453 1462 579 1495 Petrus
614 1461 807 1496 Blesensis.
848 1459 944 1496 Olim

169 1507 306 1553 quippe
330 1512 495 1543 rectores
516 1509 552 1542 et
574 1508 845 1552 gubernatores
868 1509 943 1542 ter-

167 1564 296 1590 rarum
319 1565 341 1589 a
369 1553 486 1589 milite
521 1564 639 1599 usque
666 1553 714 1589 ad
739 1555 878 1599 Regem
909 1555 945 1588 et

168 1602 437 1647 Imperatorem
456 1599 607 1636 utilitati
628 1599 843 1645 reipublicae
864 1609 943 1634 ma-

167 1647 225 1694 gis
249 1658 361 1693 quam
382 1647 535 1693 privatae
561 1647 827 1689 intendebant;
852 1657 944 1692 pau—

168 1705 279 1741 peres
298 1705 337 1729 se
356 1693 451 1729 tueri
470 1704 545 1729 non
565 1694 745 1737 valentes,
767 1693 943 1728 defende-

168 1742 272 1778 bant.
299 1741 384 1784 Sed,
409 1741 503 1786 proh
528 1740 652 1776 dolor!
682 1739 792 1775 hodie
816 1740 862 1775 de
885 1750 944 1775 re-

169 1788 332 1834 publica,
345 1793 381 1823 et
397 1787 624 1833 pauperibus
643 1797 777 1833 parum
797 1789 942 1830 curant,

168 1839 288 1870 terras
303 1838 339 1870 et
356 1845 415 1869 res
434 1834 575 1869 alienas
591 1834 769 1869 invadunt
787 1837 823 1869 et
841 1844 944 1868 occu-

169 1885 273 1928 pant,
297 1884 349 1924 ut,
372 1881 455 1916 aliis
475 1880 645 1924 exclusis,
665 1881 817 1916 domum
838 1889 944 1915 suam

170 1929 292 1964 ditent
318 1932 353 1963 et
376 1932 550 1972 augeant.
577 1929 763 1972 Pauperes
786 1927 945 1962 misera-

170 1974 296 2012 biliter
312 1974 423 2020 affligi
440 1973 733 2020 permittunt,et,
745 1974 843 2019 quod
863 1973 944 2018 plus

170 2025 240 2066 est,
269 2022 381 2058 etiam
416 2020 566 2067 ipsimet
598 2020 946 2056 immisericorditer

172 2079 236 2105 eos
265 2069 450 2113 affligunt.
475 2069 515 2103 Et
546 2067 630 2103 ideo
656 2067 866 2103 timendum
890 2071 945 2102 est

171 2115 227 2151 eis
248 2125 294 2150 ne
312 2114 349 2149 in
369 2118 559 2160 posterum
580 2125 600 2150 a
620 2118 723 2150 terra
742 2113 945 2149 viventium

173 2161 396 2205 alienentur,
412 2165 447 2196 et
467 2172 488 2196 a
504 2172 619 2206 regno
637 2162 830 2206 coelorum,
846 2160 945 2206 quod

171 2218 378 2254 pauperum
400 2211 467 2251 est,
490 2208 748 2252 excludantur,
770 2211 810 2244 ut
833 2207 945 2244 etiam

172 2254 262 2291 dicit
286 2255 516 2298 Augustinus
537 2267 547 2288 :
575 2268 593 2286 «
615 2254 776 2297 Quilibet
798 2264 946 2300 quoque

171 2305 350 2345 rectores,
377 2300 532 2346 quilibet
565 2301 705 2345 clerici,
728 2301 757 2336 si
784 2301 946 2347 amplius

175 2358 289 2395 quarn
300 2348 491 2383 decretum
504 2350 559 2382 est
570 2347 637 2391 eis,
652 2351 842 2393 quaerunt3
856 2353 947 2384 tam-

201 2405 288 2431 uam
320 2393 608 2430 calumniatores
640 2398 676 2429 et
705 2405 947 2430 concussores

196 2441 327 2478 oannis
341 2440 528 2476 sententia
543 2441 863 2477 condemnantur:
882 2441 948 2476 mi-

176 2489 261 2525 lites
273 2487 371 2524 enim
384 2487 519 2524 Christi
533 2497 673 2522 sumus.
695 2501 711 2520 n
729 2489 800 2523 Per
813 2487 948 2523 milites

177 2535 291 2572 etiam
312 2537 468 2580 possunt
486 2533 751 2580 praedicatores
776 2534 946 2581 intelligi,

179 2593 274 2629 quos
294 2585 415 2617 armat
430 2580 643 2627 Apostolus,
665 2581 792 2616 dicens
815 2593 822 2616 :
845 2583 948 2616 Acci-

177 2631 255 2676 pite
262 2632 486 2664 armaturam
495 2630 571 2669 Dei,
583 2631 615 2663 et
622 2628 788 2672 ,qladz'um
795 2630 949 2673 spiritus

180 2676 278 2722 quod
302 2679 354 2711 est
384 2676 529 2710 verbum
554 2676 632 2710 Dei.
661 2674 743 2710 Istis
775 2674 910 2710 dicitur
938 2686 946 2710 :

178 2722 374 2759 Neminem
409 2721 641 2766 concutiatis,
672 2721 783 2757 nimis
817 2731 949 2768 aspere

1006 193 1266 240 praedicand03
1287 195 1323 228 et
1340 190 1391 227 sic
1409 190 1457 226 ad
1476 191 1779 237 desperationem

1008 240 1231 277 inducendo.
1243 240 1368 284 Neque
1381 237 1605 274 calumniam
1619 236 1778 281 faciatis,

1008 286 1314 334 praedicationem
1330 285 1785 330 subtrahendo,reputan·

1009 338 1065 370 tes
1086 345 1149 370 eos
1168 332 1344 378 indignos
1362 330 1630 368 exhortationis
1646 331 1782 374 verbm

1010 385 1046 417 et
1067 380 1233 417 contenti
1262 382 1377 415 estote
1408 377 1605 424 stipendiis
1635 375 1785 421 vestris,

1011 438 1093 473 quae
1113 430 1200 463 sunt
1222 426 1389 462 redditus
1409 424 1588 471 assignati
1609 423 1789 471 praedica-

1011 474 1167 517 toribus,
1190 473 1227 509 id
1248 476 1316 516 est,
1334 472 1593 518 possessiones
1613 469 1786 508 habenti-

1012 522 1094 564 bus,
1112 523 1147 555 et
1172 520 1445 564 eleemosynam
1466 519 1553 555 date
1573 517 1789 554 mendican-

1011 567 1123 603 tibus.
1689 597 1694 602 .

1064 616 1104 649 18
1125 614 1352 648 Exnonmno
1370 624 1416 648 An
1434 624 1620 653 SEQUENDA
1637 613 1791 648 Jomms

1014 662 1196 696 BApnsm
1222 671 1367 694 nomm.
1399 679 1440 686 —
1467 660 1494 695 O
1526 669 1638 704 quam
1664 657 1793 694 felices

1014 708 1147 751 turbae,
1174 709 1403 742 mercatores
1437 716 1504 741 seu
1534 703 1725 751 publicani
1756 705 1795 740 et

1015 753 1151 789 milites
1190 756 1333 796 essent,
1375 752 1405 788 si
1444 753 1543 788 hanc
1580 749 1794 787 doctrinam

1013 799 1169 836 Jonnnis
1181 799 1443 835 observarent!
1459 799 1531 835 Sed
1547 797 1630 844 quis
1644 800 1714 842 est,
1729 795 1795 843 qui

1014 847 1060 883 de
1073 847 1217 883 duabus
1225 846 1373 889 tunicis,
1384 846 1459 881 imo
1470 846 1515 882 de
1528 844 1796 889 multis,unam

1014 894 1077 929 det
1103 904 1178 929 non
1206 893 1388 929 habenti?
1415 892 1504 936 Quis
1531 895 1600 936 est,
1631 891 1695 937 qui
1715 889 1797 926 sine

1014 941 1147 976 fraude
1168 940 1414 976 mercationes
1436 938 1561 984 faciat,
1584 941 1621 974 et
1641 937 1707 984 qui
1726 935 1795 973 ali-

1016 998 1086 1023 ena
1100 988 1199 1023 bona
1217 986 1286 1023 sibi
1305 986 1506 1023 commissa
1522 996 1598 1021 non
1615 982 1797 1020 invadat?

1016 1034 1103 1078 Quis
1124 1038 1179 1070 est
1200 1045 1243 1070 ex
1264 1033 1484 1080 majoribus,
1504 1032 1566 1079 qui
1586 1030 1796 1068 minoribus

1016 1081 1243 1117 calumniam
1261 1092 1336 1116 non
1357 1080 1481 1124 faciat,
1495 1079 1559 1125 qui
1577 1088 1706 1115 servos
1719 1086 1797 1114 non

1017 1127 1218 1173 concutiat,
1242 1131 1277 1163 et
1300 1127 1362 1176 qui
1389 1126 1585 1174 stipendiis
1608 1125 1685 1163 suis
1706 1135 1797 1161 con-

1016 1180 1141 1213 tentus
1174 1176 1339 1213 existat?
1366 1176 1455 1220 Quis
1487 1177 1543 1212 est
1575 1171 1798 1211 officialium

1017 1223 1079 1270 qui
1103 1224 1202 1260 ultra
1232 1234 1340 1259 suum
1369 1234 1445 1259 non
1474 1221 1665 1269 accipiat?
1687 1221 1799 1258 Certe

1016 1270 1101 1306 talis
1127 1281 1235 1307 rarus
1267 1270 1469 1306 invenitur.
1504 1271 1550 1305 Et
1577 1271 1666 1304 nota
1697 1267 1798 1314 quod

1015 1320 1181 1354 Joannes
1201 1318 1406 1354 secundum
1427 1315 1660 1353 audientium
1675 1314 1799 1362 dispo-

1018 1365 1193 1400 sitionem
1230 1364 1448 1400 effundebat
1484 1372 1723 1406 sermonem;
1756 1364 1799 1398 ut

1017 1412 1107 1447 dum
1134 1411 1280 1447 minora
1306 1411 1546 1457 perlicerent,
1567 1409 1723 1445 tandem
1748 1408 1799 1445 ad

1018 1460 1162 1505 maj0ra
1180 1460 1447 1504 pertingerent.
1468 1457 1573 1493 Unde
1591 1457 1799 1500 chrysosto-

1017 1516 1116 1540 mus:
1130 1519 1148 1537 ‹<
1159 1506 1312 1541 Volebat
1321 1508 1447 1541 autem
1459 1506 1478 1540 J
1483 1501 1798 1549 oanneS,quando

1017 1552 1229 1598 publicanis
1248 1555 1282 1588 et
1299 1551 1478 1588 militibus
1498 1551 1736 1596 loquebatur,
1748 1548 1798 1586 ad

1018 1598 1129 1634 aliam
1152 1599 1332 1645 maj0rem
1350 1597 1619 1644 perfectionem
1639 1606 1703 1632 eos
1724 1598 1800 1632 tra-

1018 1645 1174 1689 ducere,
1197 1646 1263 1681 sed
1287 1644 1468 1691 quoniam
1494 1644 1662 1679 nondum
1689 1644 1798 1678 erant

1018 1693 1065 1728 ad
1090 1692 1193 1728 illam
1226 1692 1364 1736 idonei,
1393 1691 1542 1727 minora
1567 1692 1727 1735 reserat,
1749 1699 1796 1725 ne

1019 1739 1048 1774 si
1068 1739 1215 1785 potiora
1235 1739 1433 1785 proferret,
1462 1747 1699 1783 nequaquam
1721 1735 1797 1771 illis

1018 1786 1267 1830 intenderent,
1295 1789 1332 1821 et
1367 1785 1424 1820 his
1457 1784 1570 1820 etiam
1599 1783 1796 1829 privaren-

1017 1836 1078 1868 tur
1099 1844 1106 1868 :
1130 1847 1148 1865 »
1171 1834 1250 1868 haec
1268 1834 1553 1876 Chrysostomus.
1574 1830 1717 1878 Majora
1734 1840 1798 1866 au-

1018 1883 1107 1924 tem,
1145 1890 1226 1925 quae
1259 1879 1378 1915 turbis
1404 1880 1648 1924 praeceperat,
1682 1875 1797 1912 etiam

1017 1927 1064 1962 ad
1085 1926 1307 1972 publicanos
1334 1929 1371 1961 et
1390 1924 1542 1969 milites,
1560 1934 1604 1960 ac
1627 1933 1795 1960 commu-

1018 1973 1115 2008 niter
1138 1973 1185 2008 ad
1206 1983 1336 2008 omnes
1356 1971 1558 2018 pertinent.
1583 1970 1686 2006 Unde
1705 1970 1796 2006 Am-

1019 2021 1159 2055 brosius
1179 2033 1189 2054 :
1211 2034 1229 2052 «
1251 2018 1412 2065 Singulis
1431 2028 1578 2064 quoque
1595 2016 1796 2063 generibus

1017 2066 1212 2102 hominum
1239 2066 1469 2102 conveniens
1492 2064 1622 2100 tribuit
1643 2066 1796 2099 sanctus

1022 2113 1185 2159 Baptista
1206 2123 1429 2158 responsum
1450 2121 1565 2147 unum
1587 2110 1763 2146 omnibus
1783 2120 1793 2145 :

1017 2161 1070 2196 ita
1091 2160 1313 2206 publicanis,
1334 2171 1380 2195 ne
1407 2159 1504 2194 ultra
1533 2156 1797 2204 praescriptum

1018 2207 1188 2252 exigant;
1234 2206 1413 2242 militibus
1427 2233 1436 2250 ,
1477 2216 1525 2241 ne
1568 2203 1797 2240 calumniam

1018 2255 1169 2298 faciant,
1198 2265 1246 2290 ne
1281 2253 1447 2299 praedam
1483 2250 1690 2297 requirant.
1723 2249 1798 2287 Sed

1018 2302 1099 2337 haec
1125 2305 1161 2336 et
1187 2300 1259 2337 alia
1279 2300 1489 2336 officiorum
1512 2301 1700 2345 praecepta
1719 2296 1795 2333 sin-

1019 2348 1191 2395 gulorum
1211 2359 1218 2383 :
1237 2346 1494 2383 misericordia
1511 2343 1720 2381 communis
1737 2345 1794 2380 est

1020 2406 1108 2431 usus
1123 2423 1131 2438 ,
1177 2394 1261 2430 ideo
1304 2404 1501 2430 commune
1539 2394 1790 2438 praeceptum;

1020 2442 1195 2477 omnibus
1230 2441 1376 2485 ofliciis,
1406 2439 1580 2476 omnibus
1619 2437 1794 2474 aetatibus

1021 2489 1235 2524 necessaria
1267 2492 1304 2524 et
1335 2489 1381 2524 ab
1415 2487 1590 2523 omnibus
1622 2485 1794 2520 deferen-

1020 2535 1068 2571 da
1079 2539 1147 2571 est.
1162 2537 1241 2571 Non
1252 2535 1488 2582 publicanUS,
1498 2544 1573 2569 non
1585 2531 1691 2567 miles
1703 2529 1797 2566 exci-

1019 2583 1140 2628 pitur;
1161 2593 1235 2618 non
1253 2581 1430 2627 agricola,
1444 2580 1499 2616 vel
1516 2580 1699 2621 urbanus;
1719 2587 1796 2613 non

1021 2629 1205 2673 dives,vel
1223 2639 1386 2675 pauper:
1402 2636 1532 2663 omnes
1549 2625 1587 2660 in
1605 2622 1794 2660 communi

1021 2676 1284 2720 admonentur,
1295 2678 1336 2711 ut
1344 2675 1536 2711 conferant
1544 2682 1618 2707 non
1626 2670 1793 2707 habenti.

1021 2722 1277 2758 Misericordia
1290 2722 1391 2758 enim
1407 2718 1598 2767 plenitudo
1615 2717 1796 2754 virtutum
