1897 3167
119 200 157 232 30
636 189 781 223 PRIMAE
818 189 976 222 PARTIS
1016 189 1154 222 CAPUT
1192 189 1234 221 lv

118 272 261 303 ctorum
292 267 360 306 est,
388 262 523 298 timore
544 269 665 306 poence
695 257 836 295 retrahi
869 269 891 294 a

119 313 247 356 malis3
270 313 340 347 Lex
361 312 485 345 autem
507 306 726 352 Evangelica
755 305 892 341 dicitur

118 362 174 396 lex
197 357 336 395 amoris
358 368 365 392 :
389 354 476 402 quia
506 353 758 400 perfectorum
791 355 847 388 est
870 363 892 387 a

119 406 226 442 malis
243 403 383 440 retrahi
397 412 525 438 amore
539 400 639 437 boni.
654 400 757 436 Sicut
768 403 892 435 autem

118 454 164 490 de
193 452 411 498 parentibus
432 447 583 484 senibus
608 447 693 483 talis
713 450 751 482 et
769 450 894 498 tantus

117 504 227 536 natus
253 501 322 541 est,
345 497 397 534 sic
432 506 531 542 saepe
560 496 895 545 provectaesaetatis

118 546 290 583 homines
307 543 466 581 ethonis
482 541 657 588 operibus
675 540 833 583 steriles,
853 550 895 574 ex

118 595 219 630 dono
236 591 394 638 Spiritus
415 589 540 626 Sancti
560 588 701 624 faciunt
719 596 897 631 magnum

119 641 282 676 fructum
301 638 339 674 111
354 636 518 674 Ecclesia
530 635 610 679 Dei,
627 634 721 686 sicut
735 636 838 679 patet
852 633 898 667 de

118 686 326 732 Augustino
354 688 389 721 et
414 682 605 728 Dionysio,
631 691 693 726 qui
713 682 897 732 provecti-e

119 733 241 770 {etatis
256 731 375 768 vocati
392 731 541 767 suerunt
554 729 600 764 ad
612 727 726 763 fidem
747 727 896 763 Christl.

167 796 186 827 7
222 782 419 815 ZACHARms
457 789 523 812 ccn
561 785 781 811 oenum-ERIT
795 774 812 808 ⁶?
854 793 900 825 .—

120 827 319 863 Zacharias
343 828 467 861 autem
499 822 733 858 sterilitatem
760 830 898 863 uxoris,

122 878 159 910 et
181 873 374 918 utriusque
391 873 620 907 senectutem
642 867 899 909 considerans,

120 921 245 957 verbis
271 918 402 965 Angeli
420 928 494 953 non
516 915 687 959 credidit,
707 918 741 967 et
763 915 813 967 ob
832 915 901 966 hoc

120 978 240 1014 usque
259 967 297 1002 in
311 967 408 1002 diem
427 967 556 1010 partus
571 963 768 1005 obmutuit,
786 971 900 1014 signi-

121 1016 254 1058 ficans,
277 1013 376 1059 quod
396 1012 474 1058 J'am
495 1009 716 1046 adveniente
739 1009 900 1051 Christo,

121 1064 193 1098 Lex
213 1064 249 1097 et
264 1058 474 1105 Prophetiae
492 1056 703 1102 adimpletae
719 1058 899 1091 tacerent.

123 1109 227 1144 Unde
249 1109 520 1151 Chrysostomus
537 1117 546 1139 :
562 1118 580 1136 «
599 1105 643 1139 Et
659 1103 743 1138 ideo
764 1102 901 1137 Zacha-

120 1156 197 1191 rIas
234 1154 409 1190 sacerdos
443 1151 659 1187 Judaeorum
697 1148 901 1192 obmutuit,

123 1202 210 1248 quia
249 1202 327 1246 jam
380 1208 527 1234 cessare
567 1200 603 1232 et
643 1195 903 1232 obmutescere

121 1249 319 1294 oportebat
343 1244 527 1281 sacrificia
559 1253 703 1286 eorum,
732 1253 814 1294 quae
834 1252 902 1287 pro

123 1294 286 1342 peccatis
301 1292 426 1339 populi
438 1291 708 1327 offerebantur.
720 1290 904 1325 Yemebat

125 1342 226 1378 enim
254 1341 355 1376 solus
382 1337 563 1375 Sacerdos
598 1336 660 1382 qui
685 1337 790 1380 Agno
815 1346 902 1381 pro-

122 1389 204 1435 prio
234 1387 442 1429 immolato,
471 1383 695 1420 sacrificium
731 1384 806 1418 Deo
834 1393 902 1428 pro

122 1436 286 1482 peccatis
307 1433 474 1469 omnium
497 1432 661 1467 offerret.
686 1444 702 1461 >³
735 1431 808 1465 Per
833 1430 904 1465 hoc

124 1493 273 1528 quoque
293 1480 393 1526 quod
414 1478 590 1515 dubitans
610 1477 728 1512 sactus
749 1480 806 1512 est
826 1487 904 1512 mu-

127 1535 198 1573 tus,
212 1528 460 1574 significatur,
475 1525 573 1570 quod
585 1524 713 1570 lingua
729 1523 902 1575 dubitan-

123 1576 172 1612 tis
206 1576 243 1611 in
278 1575 350 1610 fide
387 1574 484 1608 sacta
509 1575 565 1607 est
588 1574 705 1614 muta,
725 1580 903 1616 quoniam

125 1624 205 1669 ejus
226 1621 346 1658 oratio
368 1631 444 1655 non
466 1622 522 1655 est
543 1619 618 1654 Deo
645 1620 809 1663 accepta.
834 1618 905 1652 Per

124 1671 195 1706 1100
224 1669 337 1704 etiam
376 1666 474 1713 quod
512 1668 597 1711 post.
636 1664 903 1699 revelationem

124 1717 195 1753 sibi
223 1717 359 1751 factam
387 1712 586 1756 obmutuit,
611 1710 780 1747 innuitur
806 1710 905 1756 quod

124 1767 209 1810 post
229 1760 512 1804 revelationem,
532 1759 609 1796 sive
623 1758 821 1801 visionem,
840 1758 904 1793 de-

124 1812 188 1847 bet
214 1810 327 1845 homo
358 1807 517 1843 reticere
544 1805 649 1852 quasi
675 1808 812 1849 mutus,
838 1815 905 1840 nec

125 1868 164 1894 se
181 1858 324 1902 Jactare
346 1858 537 1899 tamquam
557 1853 688 1888 elatus.

174 1908 194 1940 8
214 1904 389 1946 Qrouono
416 1903 662 1936 Exztmfflcos
687 1910 906 1934 5.-101111110105

125 1962 311 1987 1551110111.
334 1969 379 1974 -—
399 1951 446 1984 Et
463 1949 602 1991 factum
621 1949 685 1987 est,
708 1949 748 1981 ut
768 1947 909 1991 impleti

126 2002 211 2034 sunt
234 1998 310 2032 dies
331 1997 444 2040 officii
466 1995 557 2039 ejus,
585 1995 677 2028 abiit
702 1995 740 2028 z'n
763 1993 906 2028 domum

128 2056 245 2085 suam,
278 2043 324 2079 ad
352 2052 462 2088 quam
490 2052 565 2076 non
592 2040 727 2075 licebat
753 2039 905 2083 reverti,

127 2093 287 2128 durante
308 2089 445 2126 officio.
469 2087 566 2123 Vicis
585 2087 683 2122 enim
713 2097 789 2122 sua}
812 2090 907 2122 tem-

129 2149 232 2184 pore,
264 2137 476 2173 sacerdotes
515 2133 745 2170 castimoniae
781 2134 907 2169 stude-

126 2187 283 2229 bant‚ac
294 2183 497 2219 secundum
508 2180 906 2227 praeceptumDomini‚

127 2233 256 2268 vinum
273 2235 309 2266 et
323 2240 432 2266 omne
452 2228 550 2275 quod
565 2227 754 2263 inebriare
771 2231 907 2273 potest,

127 2291 204 2316 non
219 2278 409 2314 bibebant.
434 2276 505 2312 Sed
526 2275 555 2310 si
576 2274 707 2320 legalis
735 2274 908 2310 sacerdos

128 2326 330 2362 tenebatur
366 2324 412 2359 ad
440 2326 585 2358 tantam
618 2320 905 2365 continentiam,

129 2376 166 2409 et
186 2370 465 2414 abstinentiam,
484 2380 527 2405 ac
549 2368 799 2404 reverentiam
821 2379 905 2403 san-

129 2421 437 2464 ctorum,quanto
452 2415 571 2461 magis
592 2415 766 2451 sacerdos
787 2416 905 2450 Evan-

129 2467 282 2513 gelicus,
311 2464 372 2509 qui
405 2467 551 2499 tantum
591 2462 741 2497 conficit.
782 2472 905 2497 sacra-

128 2512 324 2550 mentum?
345 2513 389 2547 Et
423 2510 508 2556 quia
536 2512 616 2545 tota
647 2509 903 2553 hebdomada,

128 2571 202 2607 qua
235 2560 273 2595 in
301 2558 439 2604 templo
469 2556 704 2592 ministrabat
730 2556 905 2591 sacerdos

128 2609 175 2644 ad
202 2608 272 2643 hoc
301 2606 514 2651 deputatus,
547 2603 585 2638 in
614 2603 752 2647 templo
773 2613 902 2638 mane-

127 2657 252 2697 bat,et
270 2663 344 2688 non
365 2652 487 2688 exibat
505 2651 552 2687 ad
565 2650 717 2696 propria
738 2649 902 2701 negotia,

127 2701 294 2737 intentus
332 2700 379 2735 ad
409 2698 555 2741 divina3
581 2708 624 2732 ex
652 2698 723 2732 1100
749 2696 901 2731 inolevit

129 2747 358 2784 consuetudo
397 2746 495 2792 apud
526 2744 670 2789 aliquos
708 2742 902 2788 religiosos

129 2799 258 2831 sancta
289 2797 324 2830 et
349 2794 522 2837 honesta,
548 2791 687 2827 scilicet
710 2790 809 2836 quod
840 2789 903 2825 illc

967 257 1028 303 qui
1060 259 1116 293 est
1154 257 1483 301 hebdomadariuS,
1520 268 1586 304 per
1629 261 1746 294 totam

966 304 1241 340 hebdomadam
1263 307 1389 340 manet
1413 304 1513 340 intra
1544 305 1747 341 claustrum

968 362 1042 387 non
1071 350 1197 386 exiens
1218 351 1265 386 ad
1291 351 1488 393 exteriora,
1513 351 1678 388 intentus
1699 351 1748 387 ad

969 397 1094 433 divina
1112 409 1119 432 :
1146 397 1233 442 quia
1253 397 1316 433 illo
1337 401 1505 444 tempore
1524 398 1668 434 medius
1692 409 1747 441 es,

970 447 1006 480 et
1015 448 1207 489 sequester
1218 444 1317 479 inter
1331 449 1551 481 conventum
1565 449 1599 481 et
1615 447 1747 482 Deum.

971 491 1077 537 Apud
1123 491 1304 536 quosdam
1370 491 1482 526 etiam
1542 491 1752 538 Religiosos

972 536 1134 573 abstinet
1158 537 1222 572 illa
1246 537 1483 573 hebdomada
1515 549 1536 574 a
1560 538 1750 574 communi

973 583 1180 629 colloqui03
1212 587 1248 619 et
1283 584 1382 629 apud
1416 585 1597 630 quosdam
1637 585 1749 621 etiam

974 631 1160 666 seculares
1175 630 1391 674 canonicos,
1403 630 1441 666 in
1455 631 1644 668 communi
1661 635 1749 667 tunc

974 676 1112 713 dormit
1138 676 1372 712 dormitorio.

1022 739 1041 771 9
1057 725 1308 759 Pnffieunsoms
1324 735 1527 760 concerno.
1539 727 1675 761 —Post
1689 726 1753 760 hos

974 775 1092 806 autem
1131 772 1207 806 dies
1241 774 1401 816 concepit
1435 772 1623 808 Elisabeth
1658 783 1752 808 (λαῖον

975 819 1066 863 eJus,
1099 817 1239 854 scilicet
1278 821 1408 854 octavo
1441 819 1622 855 kalendas
1648 824 1750 855 octo-

976 864 1066 909 bris,
1095 868 1131 900 et
1166 868 1269 901 sexta
1302 865 1420 909 feria3
1460 870 1492 901 et
1521 866 1608 912 quia
1640 876 1752 902 senex

975 915 1068 956 erat,
1101 922 1177 957 prae
1216 912 1442 948 verecundia
1477 914 1680 948 occultabat
1717 923 1754 948 se

975 960 1156 994 mensibus
1170 960 1342 1004 quinque,
1363 959 1480 995 donec
1499 959 1616 996 Maria
1633 959 1755 995 conci-

976 1009 1094 1052 peret,
1128 1009 1165 1042 et
1198 1006 1309 1041 foetus
1340 1006 1420 1052 ejus
1449 1006 1637 1043 exsultans
1669 1016 1753 1042 cum

977 1053 1113 1099 gaudio
1148 1053 1401 1098 prophetaret.
1439 1053 1540 1089 Licet
1568 1053 1670 1090 enim
1705 1053 1753 1089 de

977 1101 1158 1146 conceptu
1175 1102 1212 1135 et
1227 1099 1272 1135 de
1287 1100 1411 1136 ablato
1426 1100 1627 1146 opprobrio
1648 1099 1755 1137 steri-

977 1146 1092 1182 litatis
1102 1146 1296 1192 gauderet,
1308 1150 1462 1193 propter
1472 1147 1611 1184 anilem
1623 1150 1751 1184 tamen

977 1196 1126 1229 aetatem
1144 1193 1415 1238 aliquantulum
1430 1195 1689 1239 erubescebat,
1705 1205 1753 1230 110

978 1240 1014 1275 111
1054 1243 1244 1275 senectute
1281 1240 1473 1276 videretur
1511 1241 1655 1277 libidini
1694 1251 1754 1277 va-

977 1297 1094 1322 casse.
1106 1286 1256 1332 Antiqui
1274 1286 1389 1331 enim,
1405 1287 1467 1323 ubi
1484 1299 1557 1323 11011
1573 1291 1654 1324 erat
1668 1298 1755 1334 spes

978 1334 1022 1369 de
1044 1333 1162 1379 prole,
1190 1344 1266 1369 non
1291 1333 1563 1370 conveniebant
1581 1335 1679 1371 inter
1698 1345 1751 1370 se.

977 1380 1045 1417 Ubi
1068 1381 1165 1416 Beda
1183 1393 1193 1415 .-
1219 1395 1236 1412 «
1257 1381 1403 1423 Quanta
1428 1381 1566 1417 sanctis
1583 1393 1674 1418 cura
1691 1381 1754 1425 sit,

976 1439 1023 1464 ne
1041 1427 1130 1474 quid
1150 1431 1270 1472 turpe,
1286 1428 1332 1464 de
1353 1438 1425 1474 quo
1447 1429 1668 1465 erubescere
1689 1429 1756 1465 de-

977 1475 1103 1518 beant,
1124 1475 1340 1519 admittant,
1363 1475 1525 1511 ostendit
1549 1476 1754 1519 Elisabeth,

978 1532 1060 1567 quae
1071 1525 1108 1557 et
1119 1521 1164 1557 de
1175 1521 1277 1567 ipsis,
1289 1532 1371 1568 quae
1383 1521 1552 1567 accipere
1567 1523 1753 1569 cupiebat,

978 1568 1087 1604 donis
1108 1568 1340 1604 erubescit.»
1361 1570 1564 1606 Considera
1585 1581 1674 1616 ergo
1694 1569 1754 1605 hic

979 1615 1166 1661 quomodo
1200 1615 1389 1652 Elisabeth
1422 1616 1535 1652 etiam
1569 1617 1615 1653 de
1644 1616 1756 1652 licitis

979 1663 1357 1699 erubescebatcoram
1367 1663 1638 1708 hominibus,et
1649 1663 1756 1700 stude

979 1710 1025 1746 de
1039 1708 1177 1745 illicitis
1193 1709 1368 1745 omnibus
1385 1712 1605 1747 erubescere
1624 1714 1661 1747 et
1674 1711 1757 1747 abs-

978 1756 1114 1800 tinere,
1136 1767 1213 1791 non
1235 1756 1353 1792 solum
1379 1767 1505 1794 coram
1526 1757 1755 1801 hominibus,

981 1804 1046 1839 sed
1067 1803 1180 1839 etiarn
1202 1814 1329 1839 coram
1351 1805 1426 1840 Deo
1445 1808 1480 1840 et
1490 1804 1642 1850 Angelis
1660 1805 1753 1851 ejus.

981 1852 1073 1886 Nam
1097 1879 1105 1895 ,
1140 1853 1301 1886 testante
1339 1853 1474 1892 Boetio,
1523 1862 1662 1898 magna
1701 1855 1755 1888 051

981 1897 1090 1933 nobis
1110 1897 1252 1933 indicta
1268 1897 1472 1934 necessitas
1493 1902 1593 1935 recte
1607 1898 1755 1935 vivendi

981 1948 1017 1980 et
1037 1944 1247 1990 probitatis,
1261 1944 1323 1990 qui
1344 1945 1470 1982 omnia
1493 1946 1649 1982 facimus
1669 1944 1758 1982 ante

981 1991 1111 2027 oculos
1130 1991 1273 2027 Judicis
1293 1996 1426 2028 cuncta
1437 1993 1636 2029 cernentis.
1651 1992 1757 2029 Unde

981 2039 1211 2082 Auqustinus
1229 2051 1240 2073 .·
1262 2054 1279 2071 «
1299 2039 1486 2085 Quidquid
1507 2041 1644 2084 fecero,
1659 2041 1758 2076 Deus

982 2085 1136 2129 assistit,
1173 2089 1299 2131 utpote
1333 2090 1536 2133 perpetuus
1565 2086 1757 2133 inspector

982 2133 1150 2169 omnium
1183 2132 1465 2178 cogitationum,
1490 2134 1755 2177 intentionum,

981 2183 1018 2215 et
1037 2179 1241 2215 actionum.
1267 2180 1433 2226 Cumque
1459 2182 1538 2216 haec
1559 2181 1758 2227 diligenter

982 2226 1193 2271 considero,
1218 2226 1353 2262 timore
1376 2227 1517 2274 pariter
1548 2231 1584 2263 01
1612 2227 1757 2273 ingenti

982 2275 1119 2310 rubore
1140 2274 1369 2318 confundor;
1393 2274 1480 2320 quia
1494 2274 1598 2310 illum
1618 2275 1756 2321 ubique

981 2324 1221 2366 praesentem,
1238 2324 1275 2356 01
1295 2321 1421 2357 omnia
1441 2321 1585 2357 occulta
1605 2332 1689 2357 mea
1709 2321 1758 2356 vi-

982 2368 1133 2403 dentem
1152 2367 1303 2403 intueor
1325 2379 1333 2403 :
1356 2369 1473 2404 multa
1490 2368 1592 2405 enim
1612 2372 1700 2404 sunt
1718 2368 1756 2404 in

982 2425 1055 2459 me,
1077 2415 1123 2450 de
1145 2414 1278 2461 quibus
1299 2425 1425 2451 coram
1440 2418 1515 2452 Deo
1529 2416 1721 2452 erubesco.
1735 2429 1753 2447 »

981 2463 1023 2497 Et
1058 2461 1143 2497 ideo
1173 2462 1225 2497 ait
1250 2462 1444 2499 Anselmus
1469 2476 1479 2498 .·
1511 2478 1528 2496 «
1549 2462 1603 2499 Ibi
1627 2472 1754 2509 pecca,

979 2508 1041 2590 ulbi
1058 2510 1175 2544 Deum
1195 2519 1277 2545 esse
1297 2509 1432 2546 nescis.
1447 2524 1464 2543 >³
1480 2510 1583 2546 Unde
1604 2508 1755 2555 quidam

977 2566 999 2591 a
1017 2567 1073 2592 1115
1093 2567 1101 2591 z

1027 2650 1126 2690 Cum,
1156 2650 1247 2694 qzcz'd
1279 2653 1382 2696 turpe
1417 2651 1526 2694 facis,
1567 2649 1664 2695 quod
1703 2660 1756 2684 me

1378 2698 1573 2742 [spectante
1597 2696 1754 2737 mlieres,

1061 2743 1144 2786 Cur,
1159 2747 1344 2790 spectante
1360 2746 1443 2786 Deo,
1459 2755 1529 2780 non
1545 2745 1756 2835 mapisgpsg

1622 2801 1663 2825 ru
1691 2800 1745 2824 es.
