1902 3126
178 174 221 206 δι’)
698 169 841 203 PRIMAE
878 169 1029 204 PARTIS
1069 169 1204 202 CAPUT
1242 169 1287 202 lx

179 244 359 286 animam,
382 242 557 277 deitatem
587 241 767 285 habebat3
789 241 846 277 vel
875 245 953 277 tres

181 289 407 336 propagines
424 291 507 324 suut
525 292 601 324 tres
621 298 792 334 personae
814 291 952 324 sanctae

181 336 385 372 Trinitatis.
402 336 526 371 Tertia
547 346 633 371 vero
656 335 729 379 die,
752 339 952 381 postquam

182 384 307 419 vinum
329 382 523 427 sanguinis
548 382 606 418 sui
632 383 668 418 in
689 393 798 418 cruce
817 387 870 418 est
890 393 951 418 ex-

181 441 365 477 pressum,
394 433 430 466 et
465 429 555 476 Regi
587 429 728 466 coelesti
768 430 950 473 oblatum,

180 481 269 513 tunc
291 488 411 523 genus
434 478 641 513 humanum
667 477 712 512 de
737 476 951 522 captivitate

180 528 237 560 est
275 534 481 570 egressum.
525 526 600 559 Hoc
643 523 772 559 vinum
811 525 950 568 Regem

180 572 373 607 coelestem
390 573 438 607 ita
455 570 665 614 inebriavit,
679 571 781 616 quod
799 580 951 606 omnem

178 619 360 654 offensam
397 619 562 654 humano
593 617 718 661 generi
757 616 948 653 relaxavit.

181 666 254 701 Hoc
278 666 403 701 vinum
427 665 534 701 nobis
551 666 618 700 sub
635 667 870 699 sacramento
892 674 949 698 re-

179 711 298 758 liquit,
321 715 362 748 ut
386 711 552 757 quotidie
586 711 674 756 Regi
706 710 847 746 coelesti
882 720 949 755 pro

178 759 305 794 mundi
334 759 478 794 offensa
498 759 692 801 offeratur,
716 758 803 802 quia
829 756 949 802 quoti-

177 805 236 841 die
264 816 285 841 a
308 806 447 841 mundo
483 805 700 841 offenditur.
723 804 827 840 Unde
866 814 950 838 eum

174 852 343 888 Christus
377 856 606 895 nasceretur,
630 851 745 886 viuere
783 849 950 896 Engaddi

177 900 399 943 floruerunt,
422 903 457 935 et
479 899 667 935 Christum
689 908 815 933 veram
836 897 950 932 vitem

174 946 324 982 venisse
343 946 596 982 ostenderunt.
613 966 657 970 —-
675 945 807 980 Modus
824 947 949 979 autem

177 993 382 1028 nativitatis
414 992 563 1036 Christi,
596 992 781 1037 figuratus
819 993 875 1026 est
911 990 950 1026 in

174 1039 280 1085 virga
299 1040 438 1082 Aaron,
461 1049 542 1085 quae
568 1038 696 1074 ssoruit
725 1041 761 1074 et
788 1038 950 1074 fructum

175 1086 457 1132 amygdalinum
494 1085 659 1131 protulit.
706 1085 806 1121 Sicut
849 1084 950 1120 enim

178 1134 282 1178 virga
300 1133 363 1168 illa
380 1132 604 1168 mirabiliter
623 1135 754 1167 contra
774 1135 949 1167 naturam

175 1179 414 1225 germinavit,
435 1179 486 1214 sic
506 1178 623 1214 Maria
647 1189 761 1224 supra
778 1178 950 1214 ordinem

177 1229 321 1262 naturae
343 1226 564 1261 mirabiliter
588 1225 720 1261 Filium
741 1226 947 1270 generavit.

177 1273 290 1318 Virga
321 1274 445 1308 Aaron
480 1272 634 1318 protulit
672 1272 832 1308 fructum
869 1271 950 1307 sine

176 1320 408 1366 plantatione
429 1331 436 1359 ;
463 1319 580 1355 Maria
598 1318 710 1364 Virgo
741 1318 871 1365 genuit
894 1320 948 1353 Fi-

177 1368 267 1403 lium
284 1367 363 1402 sine
384 1366 478 1402 virili
500 1366 775 1402 commixtione.
798 1367 836 1401 In
854 1368 951 1401 testa

176 1413 416 1460 amygdalina
432 1413 549 1449 dulcis
566 1413 721 1448 nucleus
737 1413 895 1456 latebat;
912 1411 950 1448 in

176 1464 273 1497 testa
293 1461 416 1496 carnis
436 1460 572 1496 Christi
595 1459 813 1495 dulcissima
830 1459 950 1495 deitas

175 1508 398 1544 abscondita
420 1507 501 1543 fuit..
532 1509 572 1542 In
602 1507 707 1552 virga
737 1508 863 1542 Aaron
893 1506 948 1541 in-

177 1555 350 1590 venimus
362 1554 550 1590 frondium
559 1553 801 1597 viriditatem,
812 1554 950 1588 tlorum

177 1601 415 1645 suavitatem,
437 1604 472 1636 et
493 1601 684 1636 fructuum
711 1601 947 1643 ubertatem3

179 1649 231 1684 sic
260 1648 375 1684 Maria
394 1647 525 1683 habuit
546 1647 771 1682 viriditatem
792 1646 948 1692 virgini-

179 1696 281 1740 tatis,
302 1696 483 1731 suavitem
505 1693 667 1740 pietatis,
685 1697 722 1729 et
741 1694 950 1729 ubertatem

180 1746 370 1788 perpetuae
393 1741 588 1777 satietatis.

227 1793 269 1825 25
298 1791 386 1825 Ipsis
415 1790 572 1823 PAoAxis
602 1799 828 1823 maumam
855 1799 946 1823 rum.

178 1857 223 1861 —
239 1837 320 1872 Non
332 1836 451 1871 solum
467 1840 590 1871 autem
608 1835 777 1871 Christus
790 1834 946 1878 Judaets,

175 1883 243 1919 sed
263 1887 299 1919 et
320 1882 478 1928 Paganis
499 1886 622 1918 ortum
642 1892 748 1917 suum
764 1892 949 1927 przemon-

174 1930 320 1973 stravit,
346 1930 434 1975 quia
463 1940 594 1965 omnes
629 1928 802 1964 homines
826 1929 948 1964 salvos

176 1977 257 2012 fieri
295 1977 423 2013 voluit.
468 1977 570 2012 Unde
607 1975 847 2019 Octavianus,
885 1975 947 2021 qui

173 2028 260 2060 tunc
299 2023 366 2059 toti
405 2024 542 2059 mundo
585 2023 872 2066 dominabatur,
911 2027 948 2058 et

172 2070 256 2106 ideo
270 2081 292 2106 a
312 2071 491 2107 Romanis
512 2073 703 2115 tamquam
725 2071 823 2105 Deus
840 2080 947 2115 repu-

172 2118 336 2162 tabatur,
360 2118 538 2164 Sibyllam
560 2117 837 2163 prophetissam
858 2126 946 2152 con-

171 2164 331 2208 sulebat,
353 2164 383 2199 si
398 2164 433 2199 in
448 2164 587 2199 mundo
609 2163 743 2209 aliquis
760 2174 803 2199 eo
826 2164 946 2209 maj0r

171 2211 316 2247 futurus
325 2214 418 2247 erat.
428 2211 566 2246 Eodem
576 2211 783 2254 autemdie,
796 2210 944 2256 quando

169 2257 335 2294 Christus
373 2257 412 2293 in
446 2258 576 2293 Judaea
603 2258 846 2300 nascebatur,
887 2257 943 2293 Si-

170 2305 283 2350 bylla,
306 2306 446 2348 Romae,
469 2304 647 2340 circulum
668 2314 824 2339 aureum
840 2304 945 2350 juxta

169 2352 294 2388 Solem
320 2351 665 2396 contemplabatur3
690 2351 728 2386 in
761 2361 834 2396 quo
870 2350 942 2386 cir-

169 2399 252 2436 culo
297 2398 402 2445 virgo
437 2397 692 2445 pulcherrima
727 2397 941 2442 residebat,

1029 251 1110 287 quae
1132 251 1290 287 puerum
1311 240 1629 286 speciosissimum
1655 242 1694 278 in
1719 253 1805 288 gre-

1030 288 1103 324 mio
1124 288 1290 334 gerebat.
1314 288 1418 330 Quod
1446 287 1509 324 illa
1536 289 1673 326 Caesari
1695 289 1805 326 Octa-

1028 334 1137 370 viano
1166 334 1401 379 monstravit,
1435 338 1471 370 et
1504 337 1643 382 Regem
1672 339 1804 382 poten-

1028 383 1162 417 tiorem
1186 382 1265 427 ipso
1294 385 1422 417 natum
1440 393 1522 418 esse
1544 383 1743 420 intimavit.

1078 432 1119 464 26
1165 429 1421 464 SOLEMNJTATis
1464 441 1612 466 NATALis
1659 431 1803 467 Cams'n

1027 487 1245 510 memrrno.
1277 496 1322 500 —-
1354 475 1529 512 Meditari
1564 488 1654 522 ergo
1688 477 1804 514 debes

1028 532 1110 557 cum
1135 522 1285 566 gaudio,
1308 526 1448 566 quanta
1468 523 1516 558 sit
1536 524 1723 560 hodierna
1742 534 1802 560 so-

1027 568 1215 603 lemnitas.
1252 569 1368 604 Hodie
1406 579 1568 615 namque
1607 575 1718 607 natus
1747 573 1806 607 est

1027 615 1208 658 Christus,
1230 618 1266 650 et
1287 615 1339 650 sic
1366 625 1454 650 vere
1478 619 1537 651 est
1563 617 1643 654 dies
1667 618 1803 654 natalis

1027 661 1139 707 Regis
1157 661 1302 705 aeterni,
1322 664 1358 697 et
1382 661 1462 696 Filii
1485 663 1551 698 Dei
1576 663 1661 700 vivi.
1684 664 1804 701 Hodie

1026 710 1123 743 Puer
1155 711 1264 743 natus
1291 711 1343 743 est
1362 709 1480 750 nobis,
1502 714 1536 745 et
1556 711 1675 755 Filius
1692 712 1802 747 datus

1027 758 1080 790 est
1099 756 1216 791 nobis.
1244 755 1361 790 Hodie
1391 756 1455 791 Sol
1477 756 1649 800 justitiae,
1672 758 1735 804 qui
1763 757 1804 794 in

1026 802 1188 838 nubibus
1200 805 1293 847 erat,
1309 805 1408 837 ortus
1428 806 1493 844 est,
1511 806 1547 839 et
1566 804 1665 841 clare
1684 804 1799 841 fulsit.

1005 846 1144 884 'Hodie
1179 859 1337 895 sponsus
1367 849 1562 894 Ecclesiae,
1599 851 1804 888 electorum

1026 899 1136 941 caput
1157 925 1165 940 ‚
1206 895 1457 942 dextr-thalamo
1498 907 1564 933 suo
1603 899 1802 944 processit.

1027 942 1145 978 Hodie
1193 944 1374 988 speciosus
1415 944 1536 986 for-ma
1582 956 1661 990 pree
1713 946 1804 991 filiis

1027 991 1212 1025 hominum
1257 989 1507 1025 desideratam
1541 990 1676 1027 faciem
1720 992 1803 1038 ejus

1027 1036 1202 1072 ostendit.
1226 1036 1342 1072 Hodie
1362 1036 1481 1072 illuxit
1497 1038 1604 1074 nobis
1623 1038 1703 1075 dies
1720 1039 1804 1075 red-

1026 1083 1224 1129 emptionis
1266 1087 1404 1119 nostrse
1422 1112 1430 1127 ,
1458 1085 1709 1130 reparationis
1735 1096 1802 1122 an-

1025 1130 1152 1175 tiquce,
1176 1130 1364 1166 felicitatis
1388 1134 1554 1167 aeternae.
1585 1132 1702 1169 Hodie
1732 1143 1803 1179 pax

1025 1180 1083 1213 est
1121 1177 1292 1213 nuntiata
1340 1177 1448 1213 nobis
1486 1178 1727 1224 hominibus,
1762 1182 1802 1216 ut

1026 1224 1173 1259 canitur
1195 1225 1231 1259 in
1252 1225 1390 1269 hymno
1404 1224 1599 1270 Angelico,
1612 1226 1674 1271 qui
1688 1226 1802 1263 hodie

1027 1274 1081 1306 est
1103 1271 1234 1306 factus.
1262 1272 1393 1310 Hodie.
1417 1274 1455 1307 ut
1472 1275 1599 1308 cantat
1618 1273 1799 1318 Ecclesia,

1025 1328 1089 1363 per
1126 1321 1238 1353 totum
1280 1318 1454 1353 mundum
1502 1320 1669 1363 melliflui
1706 1321 1801 1363 facti

1025 1368 1111 1400 sunt
1129 1366 1221 1400 coeli.
1243 1364 1361 1400 Hodie
1388 1367 1566 1411 apparuit
1593 1367 1800 1410 beniqnz'tas

1026 1415 1060 1447 et
1081 1413 1290 1447 humanitas
1328 1413 1533 1448 Salvatoris
1571 1415 1689 1448 nostri
1707 1415 1773 1449 Dei
1788 1427 1800 1458 ς

1025 1458 1126 1504 quia,
1146 1462 1185 1494 ut
1211 1458 1301 1494 dicit
1334 1459 1557 1501 Bernartius,
1581 1474 1599 1492 «
1629 1461 1802 1497 Potentia

1025 1506 1231 1551 apparebat
1244 1506 1280 1541 in
1293 1516 1418 1541 rerum
1433 1506 1636 1551 creatione,
1656 1507 1802 1553 sapien-

1024 1552 1076 1588 tia
1112 1563 1199 1587 vero
1245 1552 1285 1587 in
1328 1563 1456 1588 earum
1498 1554 1772 1598 gubernatione
1789 1582 1798 1599 ,

1024 1599 1089 1634 sed
1110 1599 1321 1644 benignitas
1344 1599 1614 1636 misericordiae
1638 1600 1800 1637 maxime

1024 1657 1121 1681 nunc
1147 1646 1320 1691 apparuit
1342 1646 1380 1680 in
1408 1647 1658 1682 humanitate.
1681 1661 1699 1679 »
1723 1649 1798 1684 Ho-

1024 1692 1083 1728 die
1100 1692 1278 1728 adoratus
1298 1696 1354 1728 est
1374 1694 1471 1729 Deus
1492 1694 1530 1729 in
1549 1693 1799 1730 similitudine

1024 1739 1145 1775 earnis
1179 1739 1332 1785 peccati.
1373 1739 1491 1775 Hodie
1528 1743 1565 1776 et
1604 1751 1674 1776 nos
1714 1752 1799 1777 cum

995 1820 997 1825 .
1023 1787 1168 1823 Christo
1197 1797 1325 1822 sumus
1350 1786 1551 1833 congeniti,
1572 1788 1662 1833 quia
1684 1798 1798 1833 gene-

1022 1834 1117 1869 ratio
1142 1833 1277 1869 Christi
1310 1833 1415 1879 origo
1449 1837 1506 1869 est
1535 1834 1664 1880 populi
1697 1833 1800 1872 Chri-

1023 1880 1148 1916 stiani.
1171 1881 1287 1916 Hodie
1316 1880 1379 1916 illa
1397 1881 1471 1916 duo
1498 1881 1681 1918 miracula
1710 1892 1799 1918 con-

1023 1927 1202 1973 tigerunt,
1226 1938 1308 1973 quae
1344 1938 1494 1963 omnem
1532 1929 1800 1973 superantiu-

1022 1975 1227 2018 tellectum,
1246 1977 1282 2010 et
1300 1974 1379 2010 sola
1399 1974 1493 2010 fides
1513 1975 1799 2021 apprehendere

1022 2025 1157 2067 potest,
1182 2020 1322 2057 scilicet
1341 2033 1349 2056 :
1371 2022 1470 2066 quod
1491 2023 1589 2058 Deus
1615 2021 1798 2067 nascitur,

1022 2072 1059 2104 et
1080 2068 1192 2114 Virgo
1219 2068 1329 2114 parit.
1359 2068 1477 2104 Hodie
1501 2068 1662 2105 ali0rum
1683 2068 1798 2106 mira-

1021 2115 1192 2151 culorum
1217 2114 1352 2151 claruit
1387 2115 1600 2151 multitudo.
1627 2115 1798 2162 Denique

1022 2162 1149 2198 omnia
1182 2172 1265 2208 quae
1311 2162 1357 2198 de
1391 2163 1657 2198 Incarnatione
1698 2163 1799 2199 dicta

1022 2213 1122 2253 sunt,
1151 2209 1258 2255 quasi
1293 2208 1353 2244 hic
1391 2209 1527 2245 clarius
1555 2210 1796 2254 elucescunt;

1021 2256 1071 2293 ibi
1093 2256 1281 2300 inchoata,
1297 2255 1358 2292 hic
1382 2255 1635 2292 manifestata.
1660 2256 1798 2293 Videas

1021 2314 1119 2339 nunc
1132 2303 1209 2348 illa,
1228 2314 1271 2339 ac
1283 2303 1366 2339 istis
1380 2303 1566 2349 conjunge
1581 2306 1619 2339 et
1636 2303 1797 2350 applica.

1022 2350 1153 2386 Merito
1175 2360 1265 2396 ergo
1303 2354 1360 2386 est
1395 2350 1467 2386 ista
1494 2350 1575 2386 dies
1605 2349 1734 2396 gaudii
1762 2353 1801 2386 et

1022 2397 1295 2442 exsultationis,
1308 2408 1352 2433 ac
1362 2397 1500 2433 laetitiae
1514 2408 1662 2444 magnae
1670 2396 1796 2434 nimis.

902 2526 1073 2563 ORATIO

211 2636 320 2671 Jesus
337 2633 469 2676 dulcis,
489 2631 612 2678 quide
633 2631 768 2668 ancilla
782 2632 1087 2668 humili.humilis
1106 2636 1229 2676 natus,
1245 2636 1280 2668 te
1294 2632 1487 2668 humiliter
1500 2634 1631 2668 natum
1647 2631 1798 2668 humili-

164 2681 253 2718 tatis
265 2679 399 2727 pannis
417 2679 570 2723 involvi,
597 2678 690 2715 etin
709 2679 888 2725 praesepio
915 2679 1088 2715 reclinari
1113 2679 1274 2724 voluisti,
1298 2680 1346 2715 da
1370 2679 1476 2723 mihi,
1502 2678 1797 2715 clementissime

164 2728 334 2772 Domine,
349 2738 415 2773 per
435 2731 538 2763 tuam
555 2726 849 2763 inenarrabilem
866 2726 1098 2762 nativitatem
1117 2726 1262 2763 renasci
1282 2725 1320 2761 in
1343 2736 1403 2761 me
1423 2736 1530 2761 novre
1546 2727 1633 2762 vitae
1653 2726 1795 2762 sancti-

163 2778 292 2820 tatem,
315 2778 351 2812 et
374 2774 427 2811 sic
453 2775 520 2811 sub
546 2773 678 2810 habitu
707 2777 743 2810 et
774 2772 910 2819 pannis
940 2783 1000 2809 me
1034 2773 1229 2820 religionis
1262 2772 1466 2817 humiliari,
1488 2775 1530 2809 ut
1565 2772 1666 2809 inter
1691 2776 1798 2810 arcta
