1876 3126
735 141 787 176 ΕΤ
824 143 1113 179 NUMERORUM.

150 217 602 272 7Tertiainterpretatio:
620 215 788 269 domina.

149 271 170 304 8
190 266 341 304 Gabriel
369 266 531 313 qualiter
552 264 709 301 Mariam
730 263 788 299 in-

172 314 350 350 venerit?

147 377 169 410 9
185 361 303 398 Maria
315 360 502 407 quomodo
518 358 640 405 gratia
651 357 790 405 plena?

129 423 171 446 ιο
192 408 374 445 Dominus
395 417 477 443 (um
502 406 633 442 Maria.

130 471 141 493 1
154 471 166 493 1
195 455 390 500 Quomodo
404 453 521 489 Μανία
532 454 685 490 turbata
700 451 791 488 suit?

128 517 167 540 12
189 503 268 546 Quo
310 512 421 537 sensu
481 500 643 546 gratiam
689 500 790 546 apud

171 551 289 586 Deum
314 548 486 584 invenit?

127 600 167 634 15
188 599 330 633 Nomen
349 597 439 632 Jesu
460 595 748 641 interpretatur.

126 647 167 688 14
188 643 383 687 Quomodo
411 642 548 679 dicitur
569 653 730 687 magnus
750 642 768 678 ¹?

125 695 165 728 15
187 690 284 735 Quid
309 690 522 736 significent
543 690 652 726 sedes
671 690 789 727 David

169 742 207 776 et
227 738 363 774 domus
381 738 528 774 Jacob?

124 789 165 822 16
186 787 357 831 Regnum
383 784 521 821 Ctnisti
547 784 628 821 sine
651 785 739 821 fine.

124 847 163 881 ¹7
183 833 313 870 Virum
328 844 401 868 non
419 843 620 878 cognosco,
637 843 792 879 quomo-

167 881 216 917 do
239 879 502 933 accipiendum
519 879 594 915 sit?

126 930 166 964 18
184 929 257 965 Cur
290 927 567 964 lnrarnationis
586 927 665 963 Filii
697 937 791 973 opus

168 975 322 1022 Spiritui
345 976 481 1011 S·1n‹·to
503 975 758 1011 attributum?

126 1038 166 1071 19
185 1022 407 1068 Coeperatio
445 1022 558 1058 totius
597 1021 790 1058 *siitiitatis

168 1074 310 1123 myst-ei
313 1069 347 1105 io
369 1071 476 1105 Incat
480 1069 656 1106 nationis.

122 1130 166 1154 πο
187 1116 359 1154 Christus
397 1121 498 1152 ieete
551 1118 709 1153 Sanctus
754 1119 791 1153 et

165 1164 281 1201 Filius
304 1164 368 1199 Dei
389 1167 559 1200 vocatui.

120 1225 160 1249 21
184 1212 361 1258 Exemplo
391 1211 582 1247 Elisabeth
604 1211 789 1257 probatur

161 1259 215 1296 nil
225 1270 305 1296 esse
314 1259 547 1305 impossibile
556 1259 655 1306 apud
664 1261 796 1296 Deum.

236 1418 388 1457 CAPUT
407 1421 467 1456 vl.
491 1440 537 1445 —
556 1420 608 1454 De
627 1420 838 1457 Nativitate

144 1512 298 1550 iMaria
331 1514 379 1550 ad
406 1513 634 1550 visitandam
665 1513 787 1550 Elisa-

166 1561 257 1598 beth
279 1561 396 1599 vadit.

142 1622 159 1645 2
188 1609 262 1646 Cur
279 1609 384 1661 ptior
404 1609 524 1662 ipsam
547 1608 793 1646 salutaverit?

138 1658 159 1693 5
186 1656 256 1692 Sex
285 1655 345 1692 hic
381 1656 578 1693 moraliter
617 1667 641 1693 a
678 1655 787 1692 nobis

161 1702 361 1739 imitanda.

136 1753 160 1794 4
179 1751 344 1787 Joannes
357 1751 522 1797 repletus
541 1750 682 1797 Spiritu
697 1751 788 1787 San-

163 1800 224 1834 cto
245 1797 283 1833 in
309 1801 415 1834 utero
453 1799 585 1834 matris
612 1799 786 1835 exsultat.

138 1848 157 1882 5
182 1845 384 1882 Benedicta
401 1846 532 1890 Maria,
549 1846 788 1883 benedictus-

162 1902 235 1939 que
255 1893 398 1929 sruetus
423 1893 536 1929 illius.

140 1943 160 1976 6
178 1939 298 1976 Maria
340 1941 388 1976 ad
424 1940 594 1977 diversos
637 1940 787 1978 diverse

163 1986 281 2023 venit.

137 2049 158 2081 7
180 2034 373 2071 Elisabeth
405 2040 551 2071 secreta
577 2045 646 2081 per
667 2034 786 2082 Spiri-

161 2084 242 2118 tum
268 2083 476 2128 prophetice
498 2083 616 2119 nov.it

139 2131 160 2166 8
181 2129 376 2167 Canticum
400 2130 539 2166 Maiiae.

140 2177 388 2225 9Exsultatio
410 2178 564 2224 spititus
586 2178 726 2215 Mariae.

121 2239 161 2261 ιο
180 2224 326 2271 Septies
367 2226 532 2261 locutam
583 2237 666 2263 esse
705 2227 781 2262 Μα-

162 2272 259 2309 riam
279 2272 455 2319 legimus.

866 221 910 261 54
991 232 1031 255 22
1056 218 1289 265 Exspectatio
1312 229 1487 255 assensus
1511 219 1654 256 Mari-ze.

991 269 1033 301 25
1056 266 1277 302 Obedieutia
1319 271 1356 302 et
1391 267 1584 303 humilitas
1613 270 1655 304 B.

866 314 911 355 54
1038 313 1178 349 Mariae.

865 362 910 394 55
990 363 1031 404 24
1052 362 1119 395 Sex
1143 361 1257 396 verba
1292 361 1338 397 ab
1377 360 1459 407 ipsa
1494 361 1654 408 prolata,

865 409 909 441 55
1036 406 1123 442 dum
1146 418 1341 444 assensum
1363 419 1418 454 pr
1409 410 1520 444 vehet.

863 456 908 489 56
990 457 1032 489 25
1058 453 1138 489 Filii
1163 455 1226 490 Dei
1249 455 1289 490 sit
1315 456 1539 491 incarnatio.

990 504 1032 536 26
1053 501 1091 535 In
1112 501 1257 537 Christo
1276 502 1408 548 triplex
1429 503 1530 538 unio.

863 550 908 583 56
989 547 1655 594 27P118ensus‘1nim‘1lnrarnatio-

862 606 906 642 07
1035 605 1122 630 nem
1144 595 1278 631 Christi
1300 597 1530 632 meditantis.

861 645 906 690 57
988 645 1032 679 28
1055 641 1172 678 Maria
1214 643 1432 689 frequenter
1471 645 1652 691 Angelica

1029 689 1255 726 salutatione
1278 691 1493 726 salutanda.

863 739 908 773 58
989 750 1033 784 29
1049 737 1242 790 Moraliter
1296 748 1358 773 sex
1415 738 1654 776 conditiones

863 787 909 821 58
1036 783 1173 821 animae
1214 784 1405 821 Christum
1457 786 1656 833 concipere

1035 831 1210 868 volentis.

865 883 911 927 59
986 882 1031 915 5ο
1057 879 1258 932 Speciatim
1292 880 1431 917 mentis
1462 880 1657 927 virginalis

1034 927 1253 963 necessitas.

863 978 908 1023 59
985 977 1025 1010 51
1053 976 1238 1010 Nazareth
1262 974 1395 1012 civitas
1422 975 1517 1011 duas
1543 975 1659 1013 habet

1033 1022 1223 1059 ecclesias.

862 1072 908 1117 59
985 1072 1028 1104 32
1056 1069 1324 1116 Conceptionis
1362 1070 1570 1108 Dominicae
1607 1071 1655 1107 fi-

1034 1127 1153 1162 gurae.

862 1167 908 1208 40
985 1167 1030 1199 55
1054 1163 1246 1200 Discessus
1264 1164 1462 1201 Gabrielis.

985 1214 1031 1254 54
1056 1212 1203 1254 Quanta
1248 1211 1295 1247 sit
1334 1212 1554 1249 solemnitas
1592 1214 1654 1250 In-

860 1261 906 1302 40
1034 1259 1268 1295 carnationis
1291 1260 1513 1297 Dominieae.

864 1422 898 1455 et
920 1421 1201 1457 Circumcisione
1225 1421 1464 1458 Praeeursoris
1490 1421 1650 1456 Domini.

987 1530 999 1551 1
1012 1529 1024 1550 1
1050 1515 1236 1551 Gaudium
1256 1515 1446 1552 Elisabeth
1461 1518 1498 1551 et
1516 1513 1656 1551 Marice.

861 1564 906 1606 48
988 1575 1027 1599 12
1051 1563 1236 1606 Quamdiu
1247 1563 1364 1600 Maria
1378 1565 1653 1599 manseriteum

861 1612 907 1653 48
1031 1610 1236 1646 Elisabeth.

988 1661 1028 1694 15
1048 1657 1231 1694 Nativitas
1263 1659 1298 1695 S.

860 1707 906 1752 49
1031 1707 1112 1741 Stae.

987 1755 1028 1796 14
1049 1753 1123 1789 Cur
1143 1753 1189 1789 ab
1211 1752 1378 1788 Ecclesia
1408 1752 1488 1788 haec
1515 1751 1650 1788 nativi-

861 1802 907 1847 49
1030 1803 1088 1835 tas
1109 1801 1321 1836 celebretur
1337 1801 1354 1836 ἱ)

986 1850 1025 1884 15
1048 1847 1292 1884 Circumcisio
1316 1847 1581 1885 Praecursoris.

862 1896 907 1931 5ο
986 1898 1027 1931 16
1055 1896 1128 1931 Cur
1158 1896 1319 1932 ι1011111115
1352 1907 1491 1932 nomen
1527 1895 1576 1932 sit
1613 1894 1647 1931 ei

1331 1656 1490 1694 Joannis
1524 1656 1652 1703 Bapti-

1029 1942 1248 1988 proprium?

861 1992 906 2025 50
986 2004 1024 2037 17
1048 1989 1235 2025 Mirabilia
1276 2000 1362 2036 quae
1420 1994 1509 2027 tune
1548 1990 1648 2026 sacta

859 2086 900 2120 51
983 2040 1208 2128 18SEolst1uela
1238 2094 1322 2119 cum
1343 2083 1552 2131 prophetiae
1574 2083 1643 2120 do-

859 2134 899 2167 51
1026 2142 1074 2167 no
1094 2131 1283 2168 Zachariae
1311 2132 1498 2169 restituta.

858 2182 898 2214 51
982 2194 1022 2227 ¹9
1048 2179 1174 2215 Mariae
1199 2179 1366 2215 reversio

979 2241 1022 2263 20
1041 2227 1203 2263 lnt'antia
1255 2226 1415 2263 soannis
1464 2227 1645 2274 Baptistae

855 2275 898 2308 52
1022 2275 1284 2322 praecursoris.

510 2426 660 2464 CAPUT
680 2427 758 2464 vll.
777 2447 822 2454 —
835 2429 886 2464 De
904 2428 1120 2474 qenealoyia
1141 2430 1362 2467 Salvatoris.

143 2552 155 2574 1
176 2537 407 2584 Genealogia
429 2538 648 2576 Salvatoris.

140 2598 158 2621 2
181 2585 255 2621 Cur
275 2586 370 2621 hanc
400 2586 665 2622 descendendo
697 2588 785 2623 Mat-

161 2632 285 2668 thaeus
321 2637 358 2669 et
393 2635 512 2670 Lucas
543 2634 782 2672 ascendendo

161 2679 352 2716 texuerit?

138 2729 160 2762 5
175 2728 248 2764 Cur
258 2727 428 2764 Christus
439 2738 517 2773 prae
536 2728 671 2765 ceteris
681 2729 782 2767 filius

161 2774 354 2813 Abraham
375 2778 412 2812 et
433 2775 551 2812 David
573 2776 746 2814 dicatur?

860 2543 904 2578 56
995 2545 1018 2587 4
1038 2542 1269 2590 Genealogia
1301 2542 1437 2581 Christi
1474 2554 1542 2589 per
1561 2545 1638 2579 tres

1020 2592 1275 2636 quaterdenas
1348 2590 1638 2638 generationum

1017 2639 1200 2684 procedit.

858 2686 902 2720 56
995 2688 1014 2721 5
1037 2685 1095 2721 Sic
1120 2689 1298 2721 notantur
1320 2685 1391 2722 tria
1410 2689 1593 2731 tempora.

992 2736 1013 2769 6
1035 2733 1227 2769 Moraliter
1263 2733 1383 2779 prima
1417 2732 1635 2779 generatio-

856 2782 899 2827 57
1016 2791 1109 2817 num
1145 2781 1380 2828 quaterdena
1417 2780 1633 2828 generatio-

1713 146 1774 181 363

1730 224 1773 265 41

1729 318 1774 359 42

1727 413 1773 453 42

1728 459 1774 500 45

1727 506 1773 548 45

1726 602 1774 643 44

1725 697 1771 737 44

1729 837 1773 878 45

1730 931 1776 973 45

1731 1026 1778 1067 46

1726 1121 1773 1163 46

1725 1169 1772 1210 46

1727 1263 1772 1307 47

1726 1515 1770 1550 52

1727 1610 1772 1645 55

1727 1706 1772 1740 55

1724 1799 1768 1834 55

1724 1848 1770 1890 54

1721 1945 1766 1987 54

1719 2040 1765 2081 54

1719 2134 1765 2175 54

1718 2181 1762 2215 55

1717 2275 1761 2310 55

1710 2640 1754 2685 ⁵7

1710 2688 1754 2732 ⁵7
