1876 3126
692 158 743 191 ΕΤ
781 157 1079 193 NmrER-ORUM.

124 226 184 263 tie
216 225 298 272 Dei,
327 237 410 273 quce
447 223 981 270 sollicitudinem14
1005 226 1093 269 Qiro
1124 224 1336 261 sollicitudo
1360 224 1546 272 permissa
1567 228 1603 261 et

122 275 306 311 Gentibus
320 284 437 320 propi
440 271 514 308 iam
528 270 692 318 expellit.
793 274 862 307 516
988 284 1046 318 qu·
1048 284 1070 309 e
1089 272 1308 319 prohibita?

79 336 118 359 12
140 322 335 365 Quomodo
348 323 448 357 Deus
462 330 529 366 per
541 330 648 355 suam
660 329 744 365 plo-
944 323 982 355 15
1009 322 1177 367 Regnum
1198 321 1278 365 Dei,
1301 320 1470 357 scilicet
1462 333 1498 357 ιη
1524 333 1607 368 gra-

123 370 328 406 videntiam
350 379 390 405 se
412 369 564 403 Patiem
585 377 668 403 esse
691 377 746 403 os·
989 367 1039 402 tii
1069 372 1103 403 ot
1132 368 1170 403 in
1199 368 1474 416 g101ia‚p1·imo
1511 382 1609 417 qute-

121 417 275 453 tendat?
794 417 861 461 517
989 419 1146 451 leuduni
1168 420 1236 451 cst.

79 468 119 501 15
142 466 300 518 Propter
319 466 463 510 septem
479 472 611 498 causas
628 473 745 510 penu·
946 465 986 498 16
1008 463 1088 505 Quo
1142 474 1256 500 sensu
1314 464 1469 502 crastini
1520 475 1611 501 cura

123 512 219 550 riam
240 512 444 559 aliquando
466 510 648 558 patimur.
794 512 862 557 517
989 509 1252 556 prohibeatur.

194 683 344 721 CAPUT
366 683 525 720 XXXIX.
550 703 594 709 —-
613 682 799 719 Sermonis
821 683 861 718 in
881 685 1001 718 monte
1015 682 1242 718 continuatio
1265 697 1273 718 :
1298 684 1347 718 De
1361 683 1615 721 misericordia

350 731 539 776 facienda,
563 731 607 767 de
626 741 698 767 non
725 729 946 776 judicando,
968 741 1010 767 ac
1031 730 1074 766 de
1095 730 1233 776 fiducia
1255 731 1448 768 orationis,

102 861 114 883 1
139 844 407 883 Misericordiae
435 845 728 883 commendatio.
798 848 868 882 520
992 844 1147 882 canibus
1168 843 1278 881 docet
1298 843 1494 882 Dominus.

103 907 121 930 2
143 894 271 930 Prima
286 895 430 941 species
445 893 716 931 misericordiae
736 904 744 929 :
968 910 988 942 9
1012 891 1154 930 Orandi
1172 892 1392 928 necessitas.

125 941 221 978 alios
243 953 319 978 non
338 942 524 989 judicare.
798 944 862 978 521
947 957 987 978 ιο
1010 939 1200 977 Orationis
1222 939 1426 976 exauditio.

103 992 124 1026 5
146 990 322 1026 Secunda
353 990 497 1036 specics
530 989 747 1027 misericor·
947 1005 983 1026 11
1015 987 1190 1024 Potentia
1210 991 1246 1024 et
1266 987 1385 1024 virtus
1412 988 1609 1026 orationis.

126 1037 199 1074 diae
222 1049 230 1073 :
254 1037 337 1074 aliis
358 1037 562 1074 dimittere.
946 1051 985 1074 12
1008 1036 1221 1073 Similitudo
1257 1035 1368 1072 amici
1405 1035 1532 1072 dantis
1572 1048 1615 1074 cx

99 1089 120 1129 4
141 1084 268 1121 Tertia
286 1097 293 1121 :
314 1085 573 1131 indigentibus
592 1086 695 1122 dare.
824 1098 865 1121 22
990 1084 1118 1120 taedio.

102 1136 121 1168 5
147 1132 358 1169 Similitudo
390 1133 479 1169 caeci
503 1144 601 1170 caeco
630 1134 746 1170 duca·
948 1136 987 1169 13
1009 1132 1221 1169 Similitudo
1256 1132 1374 1180 patris
1409 1132 1533 1170 dantis
1574 1145 1617 1171 ex

797 1088 817 1120 0³
798 1039 818 1072 w

825 1050 841 1072 ko

848 1051 865 1073 ΚΦ

125 1184 207 1216 tum
226 1180 454 1227 praestantis.
798 1183 866 1217 523
990 1191 1136 1216 amore.

102 1231 122 1264 6
145 1228 359 1265 Similitudo
381 1229 535 1265 festucae
555 1232 591 1265 et
614 1228 744 1266 trabis.
798 1232 867 1273 524
946 1232 987 1272 14
1015 1228 1110 1272 Quid
1137 1226 1353 1264 faciendum
1390 1228 1438 1265 sit
1468 1228 1552 1266 aliis
1574 1241 1617 1267 ex

102 1291 122 1323 7
145 1276 299 1322 Regulae
331 1276 430 1313 circa
476 1276 748 1313 correctionem
989 1279 1177 1322 praecepto
1197 1275 1290 1321 legis
1309 1276 1521 1313 naturalis?

128 1323 350 1361 fraternam.
797 1327 866 1369 524
946 1327 985 1361 15
1008 1325 1162 1360 Summa
1200 1323 1308 1371 Legis
1342 1327 1379 1360 et
1415 1326 1620 1372 Propheta-

104 1372 317 1410 SSanetum
331 1383 409 1410 non
424 1371 651 1410 mittendum
664 1383 747 1410 esse
992 1382 1075 1409 rum
1096 1373 1134 1408 ln
1156 1382 1229 1419 quo
1252 1372 1471 1409 consistat?

302 1543 453 1581 CAPUT
474 1542 547 1579 XL.
570 1560 615 1569 —-
646 1543 697 1577 De
717 1544 820 1578 arcta
839 1543 916 1587 ria,
945 1545 1027 1587 etc„
1047 1544 1081 1578 et
1101 1541 1328 1578 conclusione
1347 1543 1524 1579 sermonis

737 1592 886 1627 Domini
899 1592 939 1627 in
953 1593 1085 1627 monte.

113 1719 124 1741 1
149 1705 264 1741 Porta
283 1707 320 1741 et
344 1704 403 1741 via
423 1703 471 1740 ad
497 1703 614 1739 vitam
635 1713 756 1750 angu-
999 1704 1047 1740 ad
1067 1704 1226 1742 salutem
1246 1716 1322 1741 non
1338 1703 1492 1741 sufficit.

132 1756 200 1789 stae
243 1755 355 1797 sunt3
411 1751 459 1788 ad
500 1750 758 1798 perditionem
974 1754 994 1788 8
1016 1752 1113 1788 Nec
1105 1763 1229 1799 ipsum
1246 1752 1457 1799 prophetiae
1476 1752 1619 1790 donum

132 1811 223 1837 vero
246 1800 440 1847 spatiosae.
807 1802 876 1837 530
997 1804 1034 1837 et
1055 1800 1329 1837 miraculorum
1357 1801 1542 1847 operatio.

111 1861 129 1883 2
150 1849 273 1884 Arctae
296 1852 425 1885 tamen
453 1847 523 1883 viae
545 1850 582 1883 et
613 1858 756 1894 praece-
974 1864 994 1896 9
1014 1848 1181 1885 Audiens
1202 1850 1359 1885 verbum
1384 1848 1534 1885 Domini
1570 1848 1619 1885 si-

132 1899 284 1942 ptorum
304 1895 453 1932 Domini
476 1894 651 1932 facilitas.
807 1899 876 1932 552
998 1896 1151 1943 mulque
1178 1897 1318 1933 faciens
1344 1896 1424 1934 viro
1458 1896 1620 1944 sapienti

106 1946 127 1979 5
147 1945 176 1980 Α
194 1943 298 1980 falsis
342 1943 538 1991 prophetis
562 1943 760 1980 attendere
997 1948 1251 1990 comparatur.

134 1991 333 2028 debemus.
808 1994 877 2028 555
953 2007 994 2029 ιο
1010 1992 1178 2028 Audiens
1203 1995 1354 2029 tantum
1389 1991 1470 2029 viro
1506 1992 1620 2030 stulto

109 2042 131 2084 4
153 2040 225 2075 Per
244 2039 388 2076 fructus
417 2049 484 2075 seu
504 2048 621 2086 opera
653 2037 756 2086 ipso·
997 2039 1240 2077 assimilatur.

136 2097 219 2124 rum
242 2098 281 2123 se
305 2087 483 2134 produnt.
809 2090 877 2132 534
953 2103 989 2125 11
1015 2088 1110 2132 Quid
1129 2087 1177 2123 sit
1196 2087 1237 2124 in
1261 2098 1376 2124 sensu
1396 2087 1531 2142 morali
1556 2089 1620 2126 do-

111 2138 131 2171 5
154 2134 368 2173 Similitudo
402 2134 551 2172 arboris
576 2136 689 2173 bonae
722 2139 760 2172 et
997 2147 1080 2172 mus
1097 2135 1187 2181 justi
1210 2138 1246 2172 et
1268 2135 1432 2172 domus
1423 2136 1527 2183 lmpii
1543 2137 1561 2173 ⁸?

135 2183 258 2220 malae.
811 2185 879 2220 555
955 2197 993 2220 12
1014 2183 1225 2220 Admiiatio
1256 2185 1376 2221 turbae
1412 2195 1528 2232 super
1550 2185 1618 2222 do-

111 2233 132 2267 6
157 2232 246 2268 Sors
267 2230 393 2268 arbori
418 2241 493 2267 non
527 2231 664 2268 serenti
685 2231 759 2269 sru-
998 2233 1119 2268 ctrina
1140 2231 1306 2268 Domini.

134 2282 236 2316 ctum
260 2280 402 2316 bonum
423 2282 629 2316 reservata.
810 2282 878 2316 556
956 2283 995 2317 15
1016 2279 1081 2316 Pia
1141 2279 1416 2334 contemplatio
1480 2280 1619 2318 Christi

111 2341 130 2373 7
152 2326 349 2365 Confessio
370 2327 459 2365 fidei
480 2327 561 2364 sine
580 2327 759 2375 operibus
999 2327 1187 2367 docentis.

521 2495 674 2533 CAPUT
695 2496 785 2533 XLI.
809 2517 854 2523 —-
873 2498 925 2533 De
951 2497 1138 2534 curatione
1161 2497 1309 2545 leprosi.

118 2607 337 2645 1Miracula
362 2611 448 2655 post
474 2608 690 2646 doctrinam
725 2613 763 2646 et
1005 2609 1229 2648 miraculum
1246 2609 1388 2647 nemini
1409 2609 1560 2647 dicere?

137 2659 293 2709 propter
316 2656 544 2693 d0(trinam.
810 2661 878 2703 542
981 2660 1001 2695 5
1030 2660 1104 2696 Cur
1125 2670 1213 2696 eum
1233 2659 1281 2696 ad
1314 2658 1530 2695 sacerdotes
1554 2657 1623 2694 mi-

116 2717 133 2740 α
156 2703 268 2741 Venit
287 2703 460 2751 leprosus
481 2705 528 2741 ad
550 2704 756 2742 Christum.
810 2709 878 2751 542
1005 2707 1128 2744 serit?

115 2755 136 2788 5
161 2753 268 2789 Jesus
290 2763 377 2806 eum
396 2756 501 2789 tactu
522 2757 642 2790 sanat.
810 2757 878 2799 545
980 2757 1001 2790 6
1025 2756 1214 2802 Leprosus
1230 2753 1350 2808 typice
1370 2757 1492 2791 totum
1506 2764 1626 2801 genus

115 2803 137 2844 4
157 2800 232 2837 Cur
267 2799 300 2837 ei
334 2800 507 2838 Chiistus
535 2800 760 2849 praecepeiit
1002 2803 1213 2841 humanum
1233 2801 1435 2850 significat.

1669 1949 1739 1983 358

1675 2613 1695 2647 5

1723 2709 1743 2742 υἱ
1724 2613 1743 2654 ...x

1674 2709 1694 2742 0³

1700 2614 1728 2655 4

1698 2710 1717 2751 4

1699 2804 1718 2846 4

1675 2803 1744 2838 35
