1897 3167
295 137 343 168 tii-2
381 136 548 169 SALUTE
587 135 773 170 GENERIS
813 136 1002 175 llUMANl,
1042 136 1093 169 ET
1132 136 1388 169 ΧᾸΤΙΥΙΤᾹΤΕ
1428 135 1592 168 mittit.
1732 135 1766 167 21

127 202 312 239 arbitrum
348 203 484 240 mentis
514 214 591 240 non
623 203 816 240 hominem
856 204 922 240 sed

130 250 246 286 Deum
267 261 449 297 quat-rere,
467 251 609 287 nullum
630 251 781 295 laedere,
800 251 922 287 omni-

129 296 199 333 bus
222 298 318 333 bene
347 297 454 342 velle,
475 298 680 344 majoribus
709 309 922 343 assurgere,

128 344 339 390 aequalibus
377 355 451 380 non
487 344 671 389 invidere,
701 346 923 390 ,iactantiam

129 390 273 436 fugere,
298 390 484 428 rationem
511 393 630 438 sequi,
655 403 783 429 amare
808 393 923 428 virtu-

128 440 217 473 tem.
241 438 396 481 Quando
422 438 499 484 illa,
535 440 590 475 vel
612 443 719 484 nutu,
748 440 842 476 laesit
864 451 926 486 pa—

128 485 279 521 rentes?
310 486 466 529 Quando
504 487 683 523 fastidivit
722 487 927 524 humilem?

127 531 284 584 Quando
310 532 429 569 irrisit
449 534 636 570 debilem?
657 535 811 578 Quando
833 535 925 570 vita-

128 578 383 632 vittinopem?
415 581 512 617 Nihil
545 585 693 618 torvum
720 582 757 617 in
792 582 926 626 oculis,

128 626 221 662 nihil
251 637 389 673 procax
421 628 458 664 iu
493 629 630 673 verbis,
658 629 747 664 nihil
781 629 927 665 invere—

128 674 294 710 cundum
321 675 359 711 in
385 680 483 712 actu.
509 678 588 712 Non
609 680 737 722 gestus
760 677 927 721 fractior,

128 730 220 774 non·
238 721 410 759 incessus
437 723 608 767 solutior,
636 735 709 760 non
731 735 798 760 vox
822 728 928 770 petu-

128 767 270 804 lantlor
289 781 297 804 ε
317 773 357 806 ut
374 769 454 816 ipsa
472 770 615 817 species
634 771 803 818 corporis
818 772 930 807 simu-

128 814 271 868 lacrum
295 817 407 853 tuerit
428 818 578 861 mentis,
600 822 637 854 et.
662 818 782 854 forma
802 818 929 865 probi-

128 866 231 915 tatis.
263 863 364 900 Talis
398 865 497 900 enim
528 865 595 901 fuit
621 866 751 909 Maria,
780 871 819 901 ut
851 867 930 912 ejus

131 920 243 963 unica
268 911 344 947 vita
371 912 540 948 omnium
569 913 767 960 disciplina
804 913 861 949 sit.
893 913 929 950 Si

131 961 246 1003 igitur
262 962 368 994 actor
387 970 460 995 non
480 959 666 1006 displicet,
685 971 778 1007 opus
798 961 931 1007 probe-

132 1014 217 1057 mus
240 1016 247 1040 :
272 1009 313 1058 ut
329 1006 553 1053 quicumque
573 1007 641 1043 sibi
664 1011 813 1054 exoptat
834 1019 930 1055 prae-

132 1061 264 1096 mmm,
303 1053 472 1090 1mitetur
509 1055 720 1101 exemplum
756 1067 763 1091 :
803 1069 820 1087 υ
851 1056 930 1091 luce

132 1099 361 1152 ‘Ambrosius
383 1102 486 1137 Unde
504 1105 541 1137 et
556 1103 778 1138 Anselmus:
799 1117 817 1135 «
837 1104 931 1139 Nota

130 1149 259 1192 igltur,
293 1147 485 1185 infantiles
515 1159 634 1185 annos
667 1153 788 1194 exuta,
819 1161 930 1196 quam

130 1197 246 1246 caste,
270 1205 383 1240 quam
406 1200 548 1240 sancte,
577 1208 690 1242 quam
720 1199 796 1234 Deo
817 1198 930 1243 digne

130 1244 245 1277 vitam
269 1241 485 1287 instituerit,
505 1254 545 1279 ac
565 1244 776 1280 institutam
798 1245 929 1290 egerit,

130 1291 171 1323 ut
202 1289 260 1324 vel
295 1289 459 1333 cogitatu
496 1294 656 1337 nequeat
689 1292 771 1337 quis
806 1293 930 1337 conje-

130 1338 247 1371 ctare.
268 1336 364 1372 Nulli
387 1337 551 1383 denique
572 1339 742 1382 dubium,
765 1339 930 1375 castissi-

131 1392 235 1418 mum
271 1394 419 1430 corpus,
465 1389 501 1421 et
537 1386 813 1422 sanctissimam
846 1387 928 1422 ani-

131 1440 233 1465 mam
271 1432 352 1477 ejus
391 1432 560 1468 funditus
599 1433 712 1469 fuisse
752 1435 799 1469 ab
828 1433 927 1469 omni

130 1477 278 1514 macula
313 1479 470 1524 peccati,
494 1480 573 1526 jugi
600 1480 830 1525 Angelorum
865 1492 928 1516 cu-

131 1524 267 1569 stodia,
283 1529 488 1575 protectam
505 1538 512 1570 ;
531 1531 658 1573 utpote
674 1528 799 1564 aulam
817 1539 928 1573 quam

130 1582 220 1607 suus
246 1576 283 1608 et
306 1573 475 1609 omnium
496 1575 650 1611 Creator
672 1576 770 1610 Deus
794 1586 927 1621 corpo-

128 1619 260 1656 raliter
279 1619 571 1666 inhabitaturus,
594 1626 631 1657 et
657 1633 700 1658 ex
721 1633 795 1668 qua
813 1622 931 1658 homi-

132 1677 218 1719 nem
253 1677 330 1703 suae
366 1678 537 1714 personae
563 1668 723 1714 unitum,
747 1670 927 1706 ineffabili

130 1715 200 1750 fult
241 1715 459 1761 operatione
494 1721 724 1763 sumpturus.
767 1719 809 1753 Et
841 1717 927 1763 quid

132 1761 297 1814 mirum?
323 1764 415 1799 Nam
449 1767 484 1799 et
513 1764 612 1800 inter
642 1764 815 1800 homines
842 1776 930 1801 usus

131 1809 308 1853 obtinuit,
333 1810 363 1845 si
386 1814 515 1847 tamen
541 1811 757 1848 coelestibus
783 1812 827 1848 ad
854 1816 928 1848 ter-

130 1866 224 1892 rena
250 1860 373 1903 potest
399 1869 481 1894 esse
510 1859 741 1905 comparatio
771 1859 860 1904 ulla,
889 1863 928 1895 ut

132 1914 216 1939 cum
255 1909 468 1951 praepotens
506 1906 641 1952 aliquis
680 1907 736 1943 vel
769 1918 930 1953 persona

133 1951 251 2004 dives,
311 1952 437 1998 aliquo
497 1954 599 1989 vadit
658 1954 928 2000 hospitaturus,

132 1998 290 2035 clientes
326 2005 530 2046 procurent
569 2001 705 2045 locum,
747 2002 929 2044 muniant,

134 2047 332 2091 mundent,
372 2051 520 2092 ornent,
557 2053 671 2095 atque
704 2049 929 2092 custodiant,

135 2104 208 2140 quo
246 2094 409 2130 venienti
446 2095 600 2131 domino
634 2107 715 2140 suo,
747 2100 855 2142 aptus
885 2097 929 2131 ad

136 2141 397 2186 habitandum,
431 2146 468 2178 et
500 2153 689 2188 congruus
717 2144 794 2180 fiat.
827 2144 931 2187 Quod

136 2189 167 2225 si
206 2189 292 2225 talis
327 2195 531 2236 apparatus
567 2192 622 2236 fit,
663 2202 730 2237 pro
770 2192 932 2227 adventu

135 2237 276 2273 terreni
302 2238 479 2282 hominis,
507 2244 544 2274 et
571 2243 845 2275 momentanea}
866 2249 931 2285 po-

136 2284 296 2336 testa-tis,
343 2285 463 2330 qualis
512 2290 687 2332 putamus
731 2290 934 2333 apparatus

136 2341 259 2367 omnis
286 2332 372 2368 boni
398 2333 512 2369 tiebat
538 2344 605 2379 pro
633 2335 797 2370 adventu
823 2334 934 2370 coele-

137 2379 204 2415 stis
225 2382 261 2415 et
281 2379 412 2416 {eterni
436 2380 547 2426 Regis
568 2381 606 2416 in
628 2382 740 2417 corde
762 2381 935 2417 sacratis-

137 2426 241 2462 simae
270 2426 446 2472 Virginis,
476 2438 557 2474 quae
586 2428 688 2465 illum
715 2440 787 2465 non
816 2429 934 2464 solum

137 2480 219 2512 erat
237 2476 276 2511 in
295 2475 535 2522 semetipsam
556 2476 752 2511 transitive
774 2475 938 2522 hospita-

138 2526 237 2568 tura,
257 2524 321 2559 sed
344 2523 456 2559 etiam
479 2533 520 2559 ex
542 2523 756 2559 substantia
777 2534 846 2559 sua
870 2524 935 2558 ho-

141 2571 279 2607 minem
300 2571 437 2607 factum
462 2571 656 2616 paritura?
675 2585 692 2602 »
714 2572 792 2607 haec
810 2572 938 2606 Ansel-

138 2629 231 2654 mus.
254 2639 298 2645 —
317 2618 523 2654 Considera
544 2618 603 2654 hic
621 2622 762 2654 attente
783 2618 938 2654 virtutes

140 2670 177 2702 et
206 2676 330 2702 mores
372 2665 538 2710 Virginis
567 2666 706 2710 Mariar,
729 2665 936 2712 prrcsertim

139 2714 230 2751 dum
269 2713 337 2749 suit
377 2713 415 2750 in
456 2715 608 2760 templo,
648 2717 683 2749 et
721 2724 789 2760 pro
827 2723 937 2760 posse

140 2766 206 2798 tuo
232 2759 345 2798 etiam
366 2760 504 2797 imitari
528 2762 648 2797 stude.

1037 218 1072 240 ιι
1096 206 1135 239 B.
1163 205 1204 239 V.
1229 206 1356 239 Manis,
1383 215 1530 240 inurar.
1554 224 1596 230 —
1620 206 1671 240 De
1695 204 1771 239 Ma-

985 250 1051 286 riar,
1069 251 1312 296 conceptione
1335 257 1369 287 et
1399 251 1696 287 sanctificatione
1718 254 1772 286 est

987 298 1196 341 sciendum,
1223 298 1321 343 quod
1344 309 1429 333 cum
1455 300 1550 334 Deus
1568 300 1773 334 humanam

988 350 1161 382 naturam
1192 355 1386 380 assumere
1421 345 1662 389 decrevisset,
1683 356 1773 380 con-

989 403 1121 438 gruum
1157 391 1225 427 fuit
1253 395 1291 427 ut
1319 396 1491 433 man-eni,
1530 393 1575 427 ‹le
1601 403 1675 437 qua
1709 403 1774 427 na-

989 443 1170 483 sceretur,
1206 438 1465 485 praemitteret.
1506 441 1545 473 lit
1583 440 1662 474 baecv
1711 450 1777 485 per

990 487 1107 523 filiam
1131 485 1228 533 regis
1248 485 1409 530 Astiagis
1431 486 1672 530 praffigurata
1693 486 1774 525 fuit,

989 535 1066 581 qui,
1093 533 1195 570 utin
1240 532 1469 569 Scholastica
1497 533 1658 568 Historia
1685 533 1776 567 dici-

990 586 1064 626 tur,
1089 582 1126 617 in
1157 579 1300 616 visione
1330 579 1423 615 vidit
1456 580 1555 624 quod
1589 580 1634 614 tle
1671 584 1776 615 utero

992 629 1078 665 filim
1096 640 1171 664 sure
1184 627 1268 663 vitis
1290 627 1446 673 pulchra
1467 627 1672 668 crescebat,
1693 638 1775 672 quu-

993 676 1188 713 frondibus
1211 679 1247 711 et
1270 674 1426 710 floribus
1447 684 1485 709 se
1513 673 1710 716 dilatabat,
1741 678 1773 707 ct

993 725 1154 760 fructum
1198 722 1395 768 proferens
1454 724 1571 756 totuni
1620 731 1775 762 regnunt

994 781 1101 807 suum
1123 770 1394 809 obumbrabat·,
1414 767 1629 813 dictumque
1651 771 1705 803 est
1728 767 1776 810 ei,

995 819 1096 864 quod
1120 818 1166 853 de
1194 817 1273 852 filia
1299 827 1366 852 sua
1390 826 1452 852 rex
1474 825 1632 860 magnus
1654 813 1777 849 nasci-

996 872 1100 902 turus
1121 868 1201 901 erat
1224 876 1232 900 :
1259 874 1341 909 quae
1361 867 1445 909 post
1466 863 1545 897 hsec
1564 865 1698 906 Cyrum
1721 873 1778 896 re-

996 924 1080 959 gem
1115 911 1323 957 generavit,
1346 910 1407 956 qui
1447 909 1546 945 filios
1585 909 1697 945 lsrael
1733 909 1778 944 de

995 959 1209 1007 captivitate
1247 957 1473 1004 Babylonica
1510 956 1694 992 liberavit.
1726 957 1777 991 lta

994 1007 1164 1044 Joachim
1192 1006 1331 1042 (lictum
1354 1009 1424 1048 est,
1446 1004 1545 1050 quod
1579 1003 1693 1038 liliam
1723 1003 1777 1047 gi—

995 1058 1141 1102 gneret,
1165 1065 1247 1100 quae
1273 1052 1460 1090 Christum
1489 1053 1627 1097 Regem
1651 1055 1777 1096 porta-

995 1106 1065 1147 ret,
1089 1101 1153 1148 qui
1181 1112 1249 1137 uos
1275 1101 1320 1136 (le
1355 1098 1568 1145 captivitate
1591 1097 1777 1133 diabolica

996 1149 1182 1192 liberavit,
1202 1148 1263 1194 qui
1286 1152 1319 1183 et
1348 1157 1437 1182 vcra
1458 1145 1543 1181 vitis
1561 1145 1642 1188 suit,
1662 1149 1698 1180 et
1723 1149 1777 1179 to-

995 1202 1072 1232 tum
1093 1196 1272 1231 mundum
1290 1193 1540 1230 obumbravit.
1564 1194 1646 1238 Ipsa
1665 1191 1776 1227 etiam

995 1244 1236 1290 prchigurata
1254 1241 1319 1277 fuit
1342 1252 1409 1287 per
1430 1241 1569 1276 fontem
1592 1239 1777 1283 signatum

995 1291 1032 1327 in
1056 1292 1164 1326 horto
1186 1289 1360 1325 concluso
1382 1287 1567 1334 positum3
1592 1287 1680 1331 quia
1695 1297 1777 1321 eam

996 1338 1212 1373 conclusam
1240 1336 1277 1372 in
1320 1340 1425 1371 utero
1452 1334 1583 1369 matris
1620 1333 1778 1379 Spiritus

995 1387 1153 1422 Sanctus
1173 1382 1480 1425 sanctificavit,et
1498 1381 1620 1427 sigillo
1640 1385 1777 1416 sancta·

993 1432 1186 1468 Trinitatis
1229 1430 1281 1466 sic
1319 1428 1499 1465 conclusit
1538 1432 1573 1463 ct
1603 1427 1776 1472 signavit,

994 1480 1093 1525 quod
1113 1479 1150 1514 in
1175 1488 1257 1514 eain
1285 1486 1491 1522 numquam
1513 1475 1653 1519 aliquid
1675 1474 1776 1510 coin-

994 1527 1190 1572 quinatum
1223 1523 1404 1560 introivit.
1439 1525 1523 1558 Ilaec
1551 1522 1663 1557 etiam
1686 1532 1777 1568 praf-

996 1577 1154 1620 ligurata
1176 1572 1245 1608 fuit
1266 1582 1332 1618 per
1353 1570 1500 1606 stellam
1524 1570 1689 1612 Balaam,
1713 1569 1775 1614 qui

995 1621 1166 1668 promisit
1205 1619 1305 1665 quod
1354 1619 1401 1654 de
1444 1618 1558 1653 Jacob
1615 1617 1779 1652 oriretur

994 1669 1130 1705 stella:
1155 1678 1223 1714 per
1258 1677 1369 1712 quam
1404 1665 1639 1711 figurabatur
1662 1663 1776 1699 Maria

995 1715 1261 1752 fluctuantium
1288 1712 1434 1749 ductrix
1460 1716 1496 1748 et
1522 1711 1684 1757 adjutrix
1707 1711 1778 1745 siu-

994 1763 1135 1808 gularis
1167 1766 1204 1799 et
1222 1760 1432 1808 praecipua3
1462 1759 1541 1795 sine
1570 1770 1643 1805 qua
1670 1759 1775 1794 stell-‘1

994 1822 1068 1846 non
1107 1814 1325 1857 poteramus
1353 1809 1424 1843 hoc
1454 1807 1638 1843 fervidum
1675 1816 1777 1841 mare

992 1857 1237 1905 pertransire,
1261 1867 1329 1892 nec
1362 1856 1409 1891 ad
1439 1858 1588 1900 portum
1616 1852 1778 1889 ccelestis

994 1905 1123 1951 patriae
1145 1903 1352 1951 pervenire.
1373 1923 1414 1928 -—
1436 1904 1519 1948 ipsa
1540 1901 1653 1937 etiam
1670 1902 1777 1937 beata

996 1953 1122 1999 Virgo,
1142 1952 1267 1998 quoad
1289 1961 1393 1986 snam
1417 1949 1662 1991 nativitatem,
1686 1959 1779 1994 pru·-

996 2002 1158 2046 figurata
1186 1999 1255 2035 suit
1276 2009 1343 2045 per
1363 1997 1506 2043 virgam
1531 1996 1576 2032 de
1599 1995 1724 2031 radice
1744 1999 1777 2030 et

997 2049 1111 2094 stirpe
1128 2049 1232 2083 Jesse
1248 2045 1364 2092 patris
1386 2044 1500 2080 David
1517 2043 1780 2087 egi-essa111,(le

996 2106 1069 2142 qua
1091 2097 1161 2130 llos
1185 2093 1480 2135 amcrnissimus,
1503 2091 1642 2127 scilicet
1673 2089 1778 2127 Chri-

997 2148 1075 2178 stus
1101 2141 1281 2178 Dominus
1310 2139 1502 2180 ascendit;
1533 2148 1780 2189 superquam

997 2189 1226 2237 septiformis
1274 2189 1396 2234 gratia
1448 2186 1609 2232 Spiritus
1657 2188 1779 2221 Sancti

996 2237 1193 2284 requievit.
1238 2235 1432 2280 Quomodo
1472 2239 1598 2269 autem
1646 2235 1780 2269 tlorcni

996 2285 1182 2332 producit,
1204 2283 1486 2330 pra÷tiguratum
1516 2281 1578 2316 l'uit
1610 2280 1647 2316 in
1674 2284 1781 2326 porta

997 2333 1123 2369 clausa
1141 2342 1253 2378 quam
1277 2329 1457 2366 Dominus
1478 2327 1660 2364 Ezechieli
1682 2337 1783 2363 mou—

999 2375 1781 2425 stravit,qua³numquamaperiridebebat.

999 2428 1065 2464 sed
1088 2427 1267 2463 Dominus
1289 2425 1390 2461 solus
1424 2434 1592 2470 peream
1618 2423 1782 2458 clausam

999 2475 1163 2511 transire
1186 2473 1346 2509 volebat.
1373 2474 1455 2518 Ipsa
1478 2471 1591 2507 etiam
1614 2470 1785 2516 prartigu—

1001 2527 1081 2559 rata
1103 2521 1166 2558 l'uit
1187 2532 1254 2568 per
1275 2521 1471 2565 templum,
1488 2519 1586 2564 quod
1606 2518 1783 2554 salomon

1001 2569 1158 2606 Domino
1180 2567 1392 2603 aedificavit.
1411 2569 1484 2602 Hoc
1508 2565 1685 2610 templum
1705 2566 1784 2597 crat

999 2621 1254 2654 constructum
1281 2625 1469 2651 marmore
1497 2611 1784 2649 candidissimo,

1000 2669 1037 2701 ct
1076 2667 1250 2700 ornatum
1288 2662 1517 2698 intrinsecus
1551 2670 1642 2695 auro
1682 2668 1787 2693 mun-

1001 2712 1184 2757 dissimo;
1230 2710 1282 2746 sie
1323 2709 1439 2745 Maria
1473 2712 1549 2743 erat
1595 2705 1787 2741 albissima

1002 2760 1164 2795 candore
1194 2757 1407 2804 purissima¹
1437 2754 1632 2796 castitatis,
1658 2757 1689 2786 ct
1726 2764 1788 2786 or-
