1876 3126
531 146 582 180 DE
619 143 824 180 SERMONE
861 144 1021 180 DOMINI
1058 146 1102 180 IN
1138 145 1301 181 MONTE.
1683 144 1742 179 263

715 373 898 422 CAPUT
933 374 1121 420 XXXIII

180 520 230 548 DE
273 517 451 546 SERMONE
483 515 622 545 DOMINI
650 516 689 544 IN
718 515 853 545 MONTE
887 516 895 543 :

929 515 1060 553 PRIMO,
1093 516 1143 543 DE
1173 515 1273 545 OCTO
1303 517 1654 547 BEATITL'DINIBUS.

743 607 909 660 Matthaei
935 634 1015 671 cap.
1041 624 1084 659 V.

163 772 175 794 1
202 758 322 795 Samio
343 758 477 793 Domm
511 768 545 792 ιΝ
578 767 709 792 nomi-1.
733 775 780 782 -—
804 755 894 791 Post

105 806 189 842 haee
226 804 408 841 Dominus
429 805 536 840 Jesus
563 802 650 839 sccit
677 812 891 839 sermonem

113 852 410 901 pulcherrimum
444 856 480 887 et
520 850 728 897 copiosum,
763 860 889 896 quem,

108 904 152 938 ut
178 899 267 936 dicit
296 900 541 944 Auynstiuus,
564 898 594 934 si
626 899 708 944 quis
737 897 798 944 pie
830 908 889 933 so-

109 947 275 994 brieque·
307 945 614 990 consideraverit,
651 944 817 981 inveniet
852 944 890 980 in

106 1005 166 1041 eo,
189 998 372 1041 quantum
398 994 446 1030 ad
466 1004 590 1029 mores
615 992 777 1038 optimos
803 1002 888 1038 per—

107 1042 216 1087 tinet,
242 1043 448 1089 perfectum
466 1041 550 1076 vitae
567 1040 790 1077 Christiana}
806 1050 885 1075 1no-

99 1089 190 1127 dum
202 1101 210 1133 ;
223 1093 259 1126 et
268 1089 380 1125 istum
389 1098 601 1124 sermonem
611 1088 788 1124 omnibus
799 1098 887 1133 prze-

102 1136 234 1184 ceptis,
245 1136 382 1183 quibus
392 1135 604 1173 Christiana
616 1136 691 1171 vita
710 1134 887 1171 informa-

102 1187 178 1229 tur,
199 1194 282 1221 esse
300 1184 520 1230 perfectum.
543 1184 649 1219 Hunc
670 1193 885 1218 sermonem

102 1232 304 1269 Matthaeus
314 1235 348 1267 et
363 1233 481 1267 Lucas
499 1231 600 1266 varie
613 1232 783 1274 narrant,
793 1233 827 1265 et
839 1230 886 1266 ob

103 1278 157 1324 id,
171 1279 325 1325 quidam
337 1279 463 1315 dicunt
481 1277 679 1314 Dominum
692 1277 796 1324 prius
812 1287 887 1313 ser-

105 1336 258 1363 monem
286 1326 418 1362 secisse
448 1325 640 1372 discipulIs
678 1328 825 1360 tantum
848 1324 886 1359 in

107 1373 308 1421 supercilio
336 1373 477 1409 montis
508 1372 688 1415 sedendO,
713 1382 780 1418 per
810 1382 888 1407 mo-

105 1422 197 1458 dum
229 1421 408 1465 doctoris,
431 1424 467 1457 et
503 1421 605 1456 hunc
636 1425 766 1455 narrat
798 1421 888 1455 Mat-

105 1469 253 1513 thaeus;
278 1473 314 1506 et
335 1472 418 1515 post
437 1468 475 1503 in
490 1468 608 1504 latere
624 1467 762 1503 montis
784 1477 885 1503 com-

106 1516 272 1553 muniter
310 1515 430 1552 turbis
467 1519 503 1551 et
543 1514 738 1560 discipulis
771 1514 885 1550 :ilium

107 1563 270 1600 similem
303 1564 453 1607 stando,
475 1572 543 1608 per
568 1563 722 1598 modum
748 1561 885 1608 przcdi-

105 1611 258 1655 catoris,
288 1614 323 1647 et
361 1611 459 1646 hunc
488 1613 619 1646 narrat
653 1611 783 1645 Lucas.
815 1607 887 1644 Alii

104 1669 193 1695 vero
221 1659 350 1695 dicunt
374 1657 577 1694 Dominum
599 1656 721 1703 primo
744 1656 887 1693 sedisse

104 1716 190 1743 cum
217 1706 409 1752 discipulis
442 1705 481 1740 in
505 1704 703 1750 supercilio
731 1704 885 1746 montis,

109 1757 147 1790 et
169 1753 299 1790 electis
334 1751 546 1796 duodecim,
576 1751 817 1788 descendisse
840 1750 888 1787 ad

103 1800 270 1848 aliquam
302 1801 497 1847 planitiem
529 1800 569 1835 in
604 1799 723 1835 latere
750 1798 888 1835 montis

103 1848 300 1896 ejusdem;
324 1851 360 1884 et
386 1847 435 1884 ibi
459 1857 575 1883 unum
602 1857 817 1883 sermonem
839 1845 888 1882 si-

108 1896 187 1933 mul
200 1906 283 1931 cum
302 1894 421 1931 turbis
437 1901 473 1930 et
492 1894 685 1939 discipulis
696 1893 888 1937 habuisse,

106 1954 220 1991 quern
242 1946 399 1988 uterque
421 1941 658 1988 Evangelista
683 1944 813 1977 narrat
834 1940 890 1976 di-

105 1990 330 2033 versimode,
354 1989 486 2025 eadem
502 1991 629 2024 tamen
650 1988 704 2024 rei
717 1989 890 2024 veritate.

108 2038 182 2076 Sed
215 2037 379 2085 primum
419 2035 704 2072 convenientius
743 2038 893 2071 tenetur

111 2089 148 2122 et
170 2084 318 2122 veritati
348 2083 468 2130 magis
494 2082 709 2120 consentire
731 2082 889 2118 videtur.

112 2134 158 2170 Et
178 2143 220 2169 ex
244 2133 314 2168 hoc
339 2130 490 2167 inolevit
517 2130 749 2167 consuetudo
771 2130 809 2165 in
830 2131 894 2165 Ec-

115 2180 244 2225 clesia,
267 2179 365 2226 quod
385 2178 535 2226 quando
562 2179 605 2215 fit
626 2188 749 2215 sermo
774 2176 893 2213 turbis

116 2230 155 2265 et
192 2227 437 2272 secularibus,
477 2228 551 2262 stat
588 2225 827 2273 praedicator,
854 2228 895 2260 ut

110 2275 274 2311 invitans
291 2275 339 2311 ad
360 2284 525 2321 pugnam
552 2277 589 2310 et
610 2272 892 2320 operationem;

114 2323 266 2368 quando
284 2327 412 2358 autem
439 2321 481 2357 fit
505 2321 652 2358 clericis
679 2324 715 2357 et
743 2319 893 2365 religio-

115 2368 182 2414 sis,
213 2369 331 2412 sedet,
360 2373 401 2405 ut
420 2368 584 2406 invitans
610 2368 658 2406 ad
680 2367 845 2414 quietem
860 2370 896 2404 et

106 2416 475 2463 contemplationem.

160 2478 178 2501 2
214 2466 477 2501 Beixrircnixns
536 2475 624 2500 ocro
685 2473 895 2502 PRAEMIAQUE

117 2523 206 2548 ipsis
225 2524 380 2548 ANNEXA.
410 2532 452 2538 -—
475 2510 657 2558 Proponit
681 2515 804 2547 autem
828 2512 897 2546 Do-

120 2559 250 2596 minus
263 2561 371 2596 Jesus
384 2559 419 2594 in
435 2558 618 2606 principio
639 2559 694 2595 sui
712 2557 896 2594 sermonis

120 2611 205 2643 octo
244 2606 495 2643 beatitudines
533 2618 599 2643 seu
640 2605 796 2642 virtutes
813 2633 822 2650 ‚
860 2608 897 2642 et

120 2654 305 2692 subnectit
327 2654 484 2701 praemia
506 2653 664 2702 singulis
690 2652 894 2690 beatitudi-

118 2701 230 2739 nibus
247 2713 312 2739 seu
330 2701 530 2739 virtutibus
547 2700 894 2748 correspondentia.

114 2749 220 2787 Unde
240 2749 394 2798 ponitur
419 2749 473 2787 ibi
498 2748 641 2797 aIIquid
656 2760 726 2797 per
743 2747 896 2786 modum

966 755 1120 791 meriti:
1148 757 1251 800 puta,
1284 757 1402 800 Beati,
1437 758 1524 800 etc.‚
1556 757 1594 791 et
1622 755 1749 801 aliqua

965 813 1034 849 per
1053 802 1206 838 modum
1230 802 1376 849 praemii
1400 814 1408 838 ε
1431 806 1534 849 puta,
1556 805 1746 848 quoniam,

967 853 1036 886 etc.
1059 849 1225 886 Primum
1247 850 1349 886 enim
1369 850 1532 897 pertinet
1557 851 1603 886 ab
1626 849 1747 886 beati—

965 897 1134 933 tudinem
1168 897 1316 942 nieriti3
1350 898 1556 934 secundum
1583 908 1672 934 vero
1700 897 1748 934 ad

965 944 1238 981 beatitudinem
1258 945 1418 991 praemii.
1445 945 1532 989 Sed,
1559 945 1623 991 qui
1650 944 1746 981 desi-

965 992 1073 1028 derat
1112 993 1289 1038 consequi
1335 992 1563 1039 praemfflm,
1599 992 1749 1029 studeat

963 1040 1086 1086 primo
1115 1040 1254 1076 hahere
1281 1039 1470 1076 meritum.
1496 1039 1599 1075 Unde
1620 1040 1747 1084 Λαρα-

961 1090 1081 1123 stz'nus
1104 1101 1113 1122 :
1139 1101 1154 1120 r<
1179 1089 1294 1123 Nemo
1316 1087 1452 1133 quippe
1475 1086 1635 1123 inveniri
1662 1090 1746 1133 pot-

963 1138 1032 1180 est,
1065 1135 1275 1180 quibcatus
1306 1146 1388 1171 esse
1421 1134 1526 1169 nolit.
1557 1134 1642 1178 Sed,
1672 1145 1693 1169 ο
1716 1133 1746 1170 si

962 1182 1135 1218 homines
1155 1183 1344 1228 quomodo
1363 1181 1579 1217 desiderant
1602 1191 1746 1217 merce-

961 1229 1062 1273 dem,
1086 1229 1137 1265 sic
1165 1240 1258 1276 opus
1286 1229 1470 1265 mercedis
1496 1240 1571 1265 non
1598 1239 1747 1266 recusa-

961 1278 1065 1312 rent!
1091 1277 1179 1320 Quis
1201 1288 1274 1313 non
1300 1277 1476 1313 alacriter
1496 1280 1635 1320 currat,
1661 1286 1747 1313 cum

963 1325 995 1360 ei
1029 1324 1166 1361 dicitur
1198 1325 1332 1361 beatus
1365 1324 1463 1361 eris?
1483 1324 1658 1360 Libenter
1678 1335 1745 1360 au-

961 1372 1055 1417 diat,
1083 1375 1119 1408 et
1151 1382 1236 1407 cuni
1258 1372 1394 1408 dicitur
1421 1371 1450 1407 si
1478 1373 1558 1407 lucc
1585 1371 1749 1408 t‘eceriS‘?

960 1421 1043 1455 Non
1065 1422 1261 1455 recusetur
1296 1423 1503 1463 certamen,
1527 1418 1556 1455 si
1577 1418 1747 1465 diligitur

961 1466 1186 1513 praeininm3
1213 1471 1251 1502 et
1278 1467 1506 1503 accendatur
1529 1466 1677 1502 animus
1700 1466 1749 1502 ad

961 1514 1196 1550 alacritatem
1239 1514 1378 1560 operis,
1417 1513 1748 1550 commendatione

962 1561 1147 1597 mercedis
1172 1573 1180 1597 :
1203 1575 1222 1593 »
1248 1562 1329 1597 haec
1352 1562 1598 1605 Auynstz'nus.
1622 1560 1746 1596 Beati-

960 1609 1051 1645 tudo
1079 1608 1216 1655 quippe
1249 1608 1400 1653 dicitnr,
1424 1607 1638 1654 dupliciter.
1666 1609 1747 1643 Uno

962 1656 1075 1692 modo
1108 1657 1144 1691 in
1177 1666 1257 1702 spe,
1281 1655 1378 1691 sicut
1407 1655 1574 1692 habetur
1600 1654 1639 1690 in
1657 1654 1743 1699 via;

963 1704 1036 1740 alio
1072 1703 1184 1739 modo
1215 1703 1254 1739 in
1288 1714 1341 1747 re,
1386 1702 1482 1739 sicut
1520 1703 1683 1738 habetur
1708 1702 1748 1738 in

961 1751 1098 1798 patria.
1116 1750 1219 1787 Beati
1243 1754 1331 1786 sunt
1351 1761 1441 1797 ergo
1463 1750 1689 1786 excellentes
1707 1749 1748 1785 in

964 1799 1114 1843 virtute,
1135 1797 1370 1835 beatitudine
1397 1797 1466 1834 viae
1480 1808 1547 1844 per
1571 1797 1747 1843 gratiam,

963 1846 1204 1882 beatificandi
1245 1845 1476 1883 beatitudine
1514 1845 1647 1891 patriae
1680 1855 1748 1891 per

964 1893 1137 1939 gloriam.
1157 1893 1236 1939 Vel,
1256 1893 1462 1929 secundum
1481 1892 1657 1929 eumdem
1670 1894 1748 1928 Au-

966 1943 1168 1986 qustinum,
1195 1951 1270 1976 non
1290 1939 1378 1975 inde
1399 1941 1499 1976 beati
1527 1944 1628 1983 sunt,
1660 1939 1749 1985 quia

966 1999 1154 2035 pauperes
1181 1987 1333 2034 spiritu3
1366 1987 1432 2023 sed
1451 1986 1631 2032 quoniam
1651 1986 1750 2032 ipso-

968 2046 1053 2071 rum
1096 2039 1153 2071 est
1195 2045 1355 2081 regnum
1391 2034 1572 2070 coelorum
1596 2045 1604 2069 ι
1644 2038 1681 2070 et
1698 2034 1752 2070 ita

967 2084 1014 2119 de
1047 2082 1131 2118 aliis
1159 2082 1366 2118 suoniodo.

1016 2133 1036 2166 5
1061 2131 1176 2166 Pium
1202 2140 1400 2165 nnnrrcno
1424 2140 1432 2164 ε
1452 2140 1656 2165 mersans
1681 2140 1752 2164 sm-

968 2189 1084 2214 mrns.
1108 2199 1142 2202 -
1173 2178 1216 2213 Et
1232 2179 1399 2222 aperiens
1419 2187 1457 2212 os
1476 2187 1582 2212 suum
1599 2177 1750 2212 docebat

969 2236 1039 2267 eos,
1059 2225 1181 2260 dicens
1197 2238 1206 2260 :
1228 2226 1334 2261 Beati
1344 2234 1524 2270 pauperes
1543 2225 1693 2270 spiritu,
1712 2223 1751 2260 id

969 2276 1039 2317 est,
1070 2272 1262 2308 voluntate
1298 2274 1336 2308 et
1363 2271 1562 2316 electione,
1586 2282 1663 2307 non
1682 2281 1750 2308 ne-

968 2319 1142 2357 cessitate
1182 2319 1241 2356 vel
1277 2318 1541 2365 simulatione3
1577 2320 1751 2364 quoniam

968 2370 1131 2414 ipsorum
1166 2370 1219 2403 est
1251 2378 1401 2411 regnum
1439 2368 1619 2405 ciclorum.
1649 2364 1751 2412 quod

969 2420 1025 2451 est
1051 2414 1247 2462 praemium
1282 2414 1584 2461 correspondens
1615 2412 1751 2449 merito

968 2473 1113 2499 eorum.
1126 2462 1193 2499 Ubi
1212 2461 1421 2506 sciendum,
1439 2461 1750 2507 quodpaupertas

969 2510 1122 2557 spiritus
1153 2509 1313 2547 sumitur
1350 2509 1430 2553 hic,
1458 2519 1524 2554 pro
1553 2507 1751 2544 abstinen-

968 2557 1021 2594 tia
1065 2558 1112 2595 ab
1151 2568 1280 2594 amore
1324 2555 1453 2592 mundi
1472 2583 1481 2599 ,
1522 2554 1560 2590 id
1597 2557 1667 2598 est,
1705 2554 1753 2592 ab

968 2616 1097 2642 amore
1136 2616 1266 2642 eorum
1300 2615 1383 2650 qna}
1414 2603 1452 2638 in
1483 2602 1624 2638 mundo
1649 2604 1751 2647 sunt,

974 2657 1011 2690 et
1033 2664 1117 2700 quae
1139 2656 1287 2689 amator
1307 2650 1438 2687 muudi
1460 2649 1723 2696 complectitur
1745 2659 1755 2686 ε

974 2704 1011 2737 et
1039 2701 1091 2737 sic
1127 2703 1182 2737 est
1213 2698 1385 2746 plenaria
1405 2696 1572 2734 omnium
1593 2696 1758 2733 delecta-

973 2747 1106 2786 bilium
1121 2746 1322 2792 abdicatio,
1343 2755 1474 2783 omnes
1488 2743 1760 2782 delectationes
