1876 3126
123 127 184 161 268

591 127 734 161 PRIMAE
771 128 928 163 PARTIS
965 129 1100 162 CAPUT
1141 128 1305 161 XXXIII

123 196 421 232 misericordiam
456 195 608 241 amittit,
648 196 722 232 nisi
766 199 906 235 mundo
940 202 943 248 l
983 200 1073 235 sius.
1096 197 1280 234 Immundi
1300 207 1388 243 ergo
1406 197 1531 241 corde,
1549 197 1666 243 quiin
1685 209 1763 234 sor-

124 244 235 279 corde
260 243 507 286 inisereatur3
532 254 620 279 nam
642 244 671 279 si
687 245 907 290 ,iactantiam
940 252 942 286 3
983 245 1089 282 dibus
1111 249 1236 289 suunt,
1257 245 1475 281 sordescant
1492 245 1627 289 adhuc,
1660 245 1761 281 beati

126 290 273 335 quaerit,
294 290 416 326 nullus
435 294 493 326 est
504 291 659 326 fructus*
684 292 779 328 Dicit
796 303 904 339 ergo:
940 290 942 337 Ξ

126 338 228 372 Beati
253 337 392 373 mundo
414 337 540 381 corde,
563 348 638 374 non
655 338 757 382 dicit,
779 340 824 375 de
845 351 906 375 su-
940 354 941 359 ¹

123 384 291 430 perficie,
320 388 358 420 ut
395 384 545 420 fallaces
581 385 798 431 hypocritae,
843 387 903 432 qui
939 422 940 425 ,

124 431 308 467 mundant
328 431 427 476 quod
448 431 537 468 soris
555 437 635 476 est;
666 444 739 469 non
758 437 904 469 tantum
939 469 940 476 ,

125 488 296 523 corpore,
315 484 355 513 ut
371 478 548 514 mundani
568 479 715 524 divites,
735 480 798 525 qui
827 491 906 515 cor-
939 494 940 499 ¹

121 525 225 570 poris
261 526 412 561 student
447 526 637 562 munditiae
659 539 666 571 ;
691 528 755 563 sed
777 528 901 571 corde,
938 545 939 549 =

938 573 939 600 ἒ
980 574 1183 608 secundum
1204 574 1274 608 hoc
1297 575 1414 609 Deum
1433 574 1531 610 videt
1551 578 1616 609 aut
1642 573 1765 609 minus

938 626 939 633 ¹
979 623 1043 655 aut
1069 619 1256 665 amplius;
1281 623 1315 654 et
1343 620 1393 656 ibi
1416 624 1556 665 quanto
1579 620 1762 656 munditia

123 582 217 617 quos
238 583 312 607 non
335 572 457 618 arguit
485 573 713 609 conscientia
732 578 902 620 peccato-

121 629 220 663 rum,
244 619 306 664 qui
341 619 530 655 declinant
554 631 576 655 a
599 621 697 656 malo
719 621 899 666 quolibet,

125 668 162 700 et
182 666 322 701 faciunt
339 677 450 702 omne
465 668 606 703 bonum
622 668 719 713 quod
735 671 902 714 possunt,
938 680 939 684 ¹

121 712 222 748 bono
247 713 323 748 fine
343 716 379 748 et
398 717 498 749 recta
519 715 738 750 intentione.
754 717 797 750 Et
817 725 903 749 vere

124 758 177 794 sic
201 760 340 795 mundo
361 762 471 796 corde
488 761 587 796 beati
606 765 705 805 sunt,
725 761 903 806 quoniam
938 756 940 798 ἶ

120 806 193 853 ipsi
219 808 335 842 Deum
370 807 563 850 videbunt,
601 808 688 852 quia
719 807 904 843 munditia
939 839 940 842 ,

120 854 281 889 maxime
314 854 397 889 unit
417 865 571 889 summae
592 854 834 896 Beatitudini,
869 856 905 888 et

118 901 281 936 mundus
297 912 370 935 non
391 901 462 935 nisi
482 901 623 935 mundo
644 901 756 936 corde
779 903 903 946 potest

117 947 249 982 videri.
275 947 369 982 Illud
404 952 461 982 est
487 948 762 991 cormundum,
800 948 901 992 quod

122 1005 195 1030 non
225 993 347 1039 arguit
374 993 603 1029 conscientia
630 994 705 1029 ulla
731 995 871 1040 peccati
894 1006 901 1038 ;

123 1041 187 1076 sed
209 1044 263 1074 est
279 1039 458 1085 templum
477 1045 647 1076 sanctum
667 1043 746 1084 Dei,
767 1052 808 1077 ex
831 1053 903 1087 quo
939 1040 941 1043 ’

122 1086 371 1131 cogitationes
398 1088 506 1123 malai
529 1099 602 1123 non
622 1089 840 1133 procedunt.
867 1088 903 1124 Si

122 1134 221 1169 enim
244 1145 306 1169 cor
328 1134 439 1169 suerit
461 1136 639 1170 mundum
660 1146 682 1171 a
703 1137 826 1181 pravis
847 1147 906 1171 co*
939 1147 941 1150 ·

121 1180 381 1226 gitationibus‚
398 1185 496 1217 totus
514 1183 626 1218 homo
649 1182 719 1218 erit
740 1183 904 1218 mundus

121 1228 168 1263 ab
195 1227 454 1273 iniquitatibus
483 1240 491 1272 ;
530 1229 581 1265 ibi
615 1229 715 1265 enim
754 1233 906 1275 peccata

122 1274 307 1315 oriuntur,
327 1275 375 1311 ibi
392 1276 537 1311 radices
549 1277 683 1323 figunt,
696 1288 777 1322 quae
793 1277 820 1312 si
838 1277 901 1321 ibi,

121 1322 274 1358 succisae
294 1322 446 1364 suerint,
470 1334 544 1358 non
563 1327 619 1359 est
635 1324 696 1360 ubi
718 1329 902 1359 crescant.

120 1371 215 1404 Deus
236 1370 372 1415 quippe
389 1372 545 1415 spiritus
567 1374 618 1406 est
637 1384 646 1413 ;
670 1376 705 1406 et
725 1371 809 1406 ideo
830 1382 904 1406 non

119 1417 226 1452 oculo
249 1417 383 1460 cai-nis,
404 1418 468 1452 sed
487 1418 594 1453 oculo
609 1418 731 1453 cordis
748 1424 784 1454 et
803 1429 903 1453 men-

118 1463 168 1499 tis
207 1467 351 1499 tantum
390 1464 507 1499 videri
553 1468 688 1510 potest.
727 1467 771 1500 Et
809 1465 903 1501 sicut

118 1515 266 1556 oportet
286 1511 436 1547 oculum
457 1512 580 1547 carnis
598 1523 680 1547 esse
701 1522 837 1557 purum
864 1516 901 1547 et

119 1558 314 1601 mundum,
336 1561 377 1593 ut
409 1559 526 1594 solem
547 1559 663 1604 possit
683 1559 829 1601 videre3
854 1559 905 1594 sic
939 1575 940 1580 ¹

120 1604 233 1649 longe
272 1605 355 1650 plus
398 1609 545 1650 oportet
588 1606 734 1641 oculum
781 1606 903 1641 cordis

119 1651 303 1686 mundum
337 1661 432 1696 esse,
458 1655 498 1688 ut
533 1653 649 1698 possit
687 1654 818 1695 Deum,
842 1655 906 1697 qm·

123 1699 235 1733 lucem
250 1699 434 1735 iizlmbitat
448 1701 744 1740 inaccessibilem,
761 1699 903 1745 ridere,

939 1587 941 1602 l

117 1745 204 1790 quia
232 1745 268 1780 iu
303 1756 346 1781 eo
373 1746 495 1782 omnis
516 1746 740 1782 sufficientia
766 1752 900 1782 nostra
939 1791 940 1794 Ἰ

119 1793 341 1838 completur,
375 1797 413 1829 et
434 1793 519 1828 sinis
540 1793 813 1829 desideriorum
836 1805 899 1829 no-

117 1842 281 1875 strorum
321 1841 494 1883 liabetur,
521 1840 584 1885 qui
626 1840 715 1876 solis
755 1842 904 1876 mundis

122 1886 235 1921 corde
280 1887 452 1922 debetur.
493 1888 596 1922 Unde
634 1888 865 1931 Auqusti'nns
892 1901 902 1923 .·

124 1945 142 1966 ‹<
167 1933 233 1967 Hic
259 1937 312 1968 est
346 1934 432 1969 finis
454 1934 593 1969 amoris
616 1934 734 1969 nostri
755 1946 763 1978 3
797 1935 903 1979 quisl-

121 1979 210 2024 quid
228 1980 325 2015 bene
347 1982 503 2026 agimUS,
527 1981 710 2026 quidquid
733 1981 903 2017 laudabi-

119 2026 206 2062 liter
227 2031 441 2071 aestuamus,
465 2027 904 2080 quidqiiid‘inculpabili-

119 2076 178 2109 ter
193 2074 464 2118 desideramus,
482 2075 529 2110 ad
545 2075 610 2110 Dei
624 2075 805 2111 visionem
822 2086 905 2111 cum
941 2100 942 2106 η

120 2123 267 2155 venerit
289 2122 370 2166 plus
390 2132 464 2157 non
498 2122 744 2167 requiremus.
773 2123 904 2159 videre

982 297 1107 328 autem
1140 292 1278 328 mundo
1312 293 1438 335 corde,
1472 291 1649 337 quoniam
1687 292 1759 338 ipsi

982 341 1098 375 Deum
1128 339 1320 383 videbunt,
1348 339 1386 374 in
1419 339 1596 385 praesenti
1623 349 1691 384 per
1715 339 1762 374 fi-

981 387 1079 430 dem,
1109 390 1143 422 ct
1179 386 1216 421 in
1239 387 1364 422 futuro
1392 397 1459 432 per
1495 385 1687 432 speciem;
1721 385 1761 421 in

979 433 1156 479 praesenti
1173 433 1408 475 familiarius,
1428 437 1463 468 et
1481 432 1518 468 in
1540 434 1663 468 futuro
1679 432 1760 478 glo-

980 481 1128 515 riosius.
1163 480 1229 515 Hic
1260 480 1463 516 secundum
1494 481 1593 525 quod
1625 479 1760 525 aliquis

980 526 1161 572 eripuerit
1190 537 1228 562 se
1255 538 1277 562 a
1299 527 1419 571 malis,
1442 531 1477 562 et
1497 528 1596 563 bona
1618 526 1761 570 fecerit,

979 665 1103 701 cordis
1131 667 1265 712 maj0r,
1281 670 1385 702 tanto
1405 667 1498 702 visio
1515 667 1703 713 potentior
1723 670 1759 702 et

980 712 1128 748 clarior.

1031 775 1071 795 10
1093 761 1246 796 SEPTIMA
1266 771 1464 795 namn-uno
1487 771 1495 795 z
1519 771 1615 795 PACIS
1648 771 1760 795 Anon.

979 828 1024 833 -
1049 807 1191 842 Deinde
1225 807 1391 852 sequitur
1427 806 1586 852 septima
1611 818 1619 842 ε
1659 808 1765 842 Beati

977 856 1144 899 pacifici3
1166 856 1336 898 quoniam
1351 856 1421 897 filii
1439 857 1503 889 Dei
1522 855 1758 889 vocabuntur.

982 901 1146 945 Septimo
1165 900 1245 935 loco
1266 900 1420 946 ponitur
1434 901 1626 936 beatitudo
1644 900 1762 946 pacis,

981 948 1067 993 quia
1094 947 1131 982 in
1159 947 1315 982 sabbato
1344 947 1511 992 septiniae
1538 947 1659 982 aetatis
1682 947 1763 993 ple-

980 994 1084 1030 narie
1111 993 1262 1029 dabitur
1286 1005 1355 1039 pax
1389 994 1616 1030 habentibus
1645 994 1763 1030 beati-

980 1041 1128 1077 tudines
1147 1041 1393 1087 supradictas.
1418 1043 1516 1077 Bene
1537 1046 1662 1077 autem
1682 1043 1766 1088 post

980 1089 1202 1124 munditiam
1218 1099 1287 1134 pax
1305 1088 1486 1134 sequitur,
1504 1088 1592 1133 quia
1610 1090 1654 1124 ad
1677 1098 1761 1134 gra-

981 1136 1068 1171 dum
1089 1135 1192 1180 pacis
1211 1135 1271 1180 qui
1292 1140 1474 1181 purgatus
1495 1140 1551 1171 est
1570 1135 1758 1180 dirigitur,

980 1194 1047 1218 nec
1070 1182 1139 1217 nisi
1163 1184 1199 1217 in
1221 1183 1319 1218 bona
1340 1183 1529 1218 voluntate
1550 1193 1621 1228 pax
1642 1181 1760 1218 nutri-

980 1233 1053 1265 tur.
1075 1230 1177 1264 Unde
1190 1230 1427 1264 Ambrosius:
1445 1243 1462 1262 «
1480 1231 1569 1266 Cum
1584 1229 1763 1265 interiora

980 1280 1045 1312 tua
1079 1287 1195 1311 vacua
1218 1276 1349 1312 seceris
1372 1277 1418 1312 ab
1443 1277 1543 1311 oinni
1572 1276 1653 1311 labe
1675 1287 1763 1322 pee-

980 1323 1067 1367 cati,
1088 1334 1110 1359 a
1130 1327 1165 1358 te
1186 1334 1315 1369 pacem
1336 1323 1482 1369 incipis,
1502 1327 1541 1358 ut
1561 1322 1614 1358 sic
1633 1333 1764 1369 pacem

980 1370 1063 1406 aliis
1089 1371 1198 1406 seras.
1224 1370 1318 1406 Dicit
1336 1381 1425 1415 ergo
1446 1382 1454 1405 :
1478 1370 1581 1406 Beati
1605 1370 1762 1415 pacifici,

979 1429 1047 1453 nec
1068 1417 1170 1461 dicit,
1190 1417 1314 1453 animo
1335 1417 1471 1463 pacati,
1493 1417 1580 1462 quia
1596 1418 1667 1452 boc
1685 1428 1765 1462 per-

980 1465 1073 1500 tinet
1089 1465 1134 1500 ad
1151 1465 1354 1500 secundam
1374 1464 1657 1507 beatitudinem,
1679 1474 1763 1510 quae

981 1517 1035 1547 est
1073 1512 1243 1555 mititas;
1280 1512 1345 1547 sed
1375 1511 1478 1555 dicit,
1508 1511 1667 1557 pacifici,
1696 1511 1759 1557 qui

982 1559 1124 1594 scilicet
1153 1559 1274 1605 primo
1307 1558 1347 1593 in
1384 1558 1595 1605 semetipsis
1632 1568 1763 1604 pacem

981 1606 1133 1649 faciunt,
1160 1610 1195 1641 et
1216 1605 1397 1651 quidquid
1418 1616 1603 1651 perversae
1625 1605 1763 1651 cogita-

981 1653 1106 1697 tionis,
1129 1652 1342 1696 locutionis,
1368 1652 1537 1698 operisve
1559 1653 1764 1698 depreben-

981 1700 1076 1735 dunt
1100 1703 1274 1745 potenter
1300 1700 1500 1744 expellunt,
1530 1710 1598 1734 nec
1621 1698 1764 1745 aliquid

981 1746 1209 1782 turbationis
1244 1746 1280 1780 in
1303 1756 1379 1781 suae
1400 1756 1516 1791 regno
1538 1745 1763 1782 dominatio-

981 1794 1040 1829 nis
1062 1804 1143 1829 esse
1160 1792 1400 1839 permittunt3
1415 1797 1452 1828 et
1471 1792 1500 1827 si
1516 1792 1605 1838 quid
1623 1793 1676 1828 cis
1696 1793 1763 1829 ad-

981 1840 1169 1876 versitatis
1201 1843 1385 1883 occurrat,
1414 1850 1545 1885 pacem
1572 1850 1680 1881 suam
1708 1843 1764 1876 ta-

981 1898 1067 1923 men
1106 1890 1271 1929 servant,
1296 1891 1332 1921 et
1366 1891 1500 1921 cuncta
1531 1897 1614 1922 cum
1641 1886 1764 1923 cordis

940 1942 941 1954 ³
982 1934 1037 1970 sui
1055 1933 1324 1979 tranquillitate
1335 1933 1519 1979 judicant.
1533 1933 1674 1969 Deinde
1684 1945 1761 1970 non

119 2168 240 2203 Deum
274 2168 473 2220 volumus3
503 2170 568 2204 sed
606 2169 689 2205 vide
725 2171 812 2215 quid
845 2171 903 2205 di-
939 2210 941 2223 1

123 2219 225 2249 ctum
254 2218 337 2249 est:
362 2217 465 2250 Beati
487 2216 625 2251 mundo
653 2217 778 2260 corde,
808 2228 903 2262 quo·
939 2241 940 2245 =

122 2261 226 2297 niam
254 2261 324 2306 ipsi
349 2263 468 2297 Deum
490 2262 681 2299 videbunt.
711 2266 787 2299 Hoc
812 2275 904 2310 para
938 2295 939 2303 ,

123 2308 223 2344 unde
256 2308 410 2344 videas:
441 2319 515 2344 non
546 2310 645 2344 enim
681 2311 792 2346 corde
825 2323 902 2347 non

937 2321 939 2342 1

937 2346 938 2357 l

122 2355 264 2390 mundo
287 2354 414 2391 videre
438 2356 681 2401 permitteris,
707 2359 804 2403 quod
826 2370 901 2394 non
936 2359 938 2402 l

117 2402 266 2437 videtur
286 2402 356 2438 nisi
382 2403 492 2438 corde
516 2404 669 2438 mundo.
696 2418 714 2435 »
739 2406 845 2441 Unde
863 2409 900 2441 et

116 2449 365 2486 Ambrosius:
409 2462 426 2483 ε(
469 2450 639 2485 Emunda
676 2461 738 2486 cor
774 2456 896 2497 tuum,

120 2506 251 2532 omnes
271 2497 431 2542 pollutas
453 2496 697 2543 cogitationes
716 2498 762 2533 de
783 2500 901 2535 corde

119 2545 186 2578 tuo
223 2544 356 2589 abjice,
393 2543 485 2579 nihil
507 2543 554 2579 sit
577 2554 649 2589 quo
670 2548 755 2580 tuus
775 2545 900 2591 inqui-

119 2595 231 2626 netur
260 2591 429 2627 affectus.
467 2590 627 2636 Simplex
651 2601 771 2634 mens,
806 2603 900 2637 pura

121 2637 318 2673 sinceritas
345 2637 424 2682 sit;
462 2638 599 2674 talibus
634 2648 673 2673 se
704 2638 898 2683 Dominus,

121 2685 327 2721 volutabris
375 2685 542 2731 corporis
588 2685 780 2731 depositis,

122 2735 335 2769 monstrare
358 2733 562 2779 dignatur:
589 2745 607 2767 »
643 2733 724 2768 haec
752 2733 900 2769 Ambro-

935 2476 937 2508 !

935 2520 936 2542 l

934 2577 936 2608 l

934 2610 936 2673 l

833 2687 899 2721 de-
934 2686 935 2699 ³

933 2732 936 2771 l

981 1981 1020 2016 in
1034 1992 1072 2017 se
1089 1985 1231 2016 tantum
1246 1991 1375 2026 pacem
1391 1979 1618 2024 custodiunt,
1632 1991 1763 2018 verum

983 2028 1095 2064 etiam
1121 2028 1213 2063 alios
1234 2028 1494 2063 discordantes
1513 2027 1583 2064 sibi
1604 2028 1652 2064 ad
1678 2028 1761 2064 uni-

981 2079 1097 2111 tatem
1112 2075 1214 2121 pacis
1232 2075 1430 2118 reducunt,
1457 2085 1502 2110 ac
1515 2085 1664 2122 semper
1677 2076 1761 2122 paci

981 2122 1176 2166 faciendae,
1200 2122 1466 2165 reformandae,
1482 2126 1519 2157 et
1538 2131 1761 2158 conservan-

981 2171 1052 2214 dae,
1084 2170 1160 2205 sive
1192 2169 1227 2205 in
1257 2180 1310 2214 se,
1344 2169 1421 2204 sive
1442 2168 1481 2204 in
1506 2168 1603 2212 aliis,
1625 2168 1760 2214 invigi-

980 2217 1071 2253 lant.
1097 2216 1182 2252 Paci
1211 2219 1334 2252 autem
1355 2215 1633 2252 contrariantur
1656 2216 1760 2261 quin-

980 2275 1066 2310 que,
1095 2264 1262 2300 scilicet:
1292 2263 1405 2306 bella,
1432 2262 1530 2307 lites,
1563 2264 1759 2309 tumultus,

977 2311 1258 2357 inquietudines
1274 2313 1311 2346 et
1324 2309 1518 2346 molestiae.
1543 2309 1689 2346 Pacifici
1701 2321 1760 2346 er-

978 2369 1024 2404 go
1045 2357 1259 2404 hujusmodi
1274 2357 1382 2393 bellis
1401 2357 1604 2403 sopiendis,
1633 2357 1760 2394 litibus

977 2405 1213 2449 dirimendis,
1235 2404 1455 2440 tumultibus
1489 2404 1679 2448 sedandis,
1703 2404 1760 2440 in-

975 2452 1255 2499 quietudinibus
1277 2451 1503 2497 quietandis,
1517 2455 1552 2487 et
1574 2450 1756 2488 molestiis

976 2499 1195 2552 mitigandis
1211 2499 1401 2535 insistunt.
1424 2500 1509 2534 Haec
1521 2502 1647 2535 autem
1670 2501 1756 2534 sunt

976 2547 1101 2582 officia
1130 2546 1211 2582 Filii
1239 2546 1319 2591 Dei,
1348 2545 1411 2592 qui
1443 2545 1483 2581 in
1506 2556 1545 2582 se
1575 2545 1755 2592 pacificus

975 2604 1107 2640 pacem
1135 2593 1352 2630 reformavit
1371 2593 1411 2628 in
1430 2593 1527 2637 aliis,
1550 2597 1584 2628 et
1605 2592 1689 2628 ideo
1708 2592 1755 2628 de

975 2640 1143 2687 pacificis
1162 2642 1259 2677 bene
1281 2640 1417 2676 dicitur
1437 2653 1447 2675 :
1475 2640 1658 2683 Quoniam
1687 2637 1756 2674 filii

976 2688 1041 2723 Dei
1061 2689 1306 2725 vocabuntur.
1329 2686 1478 2723 Pacifici
1501 2687 1613 2722 etiam
1629 2685 1757 2721 dicun·

975 2738 1049 2776 tur,
1071 2735 1135 2781 qui
1160 2735 1335 2780 totaliter,
1364 2734 1476 2770 etiam
1496 2743 1563 2780 per
1581 2732 1756 2770 affectum
