1902 3126
128 152 189 186 222
617 149 762 184 PRIMAE
799 151 958 187 PARTIS
996 151 1134 185 CAPUT
1170 151 1265 184 XXV

132 231 317 258 conversa
336 222 393 255 est
413 218 452 254 in
473 218 601 254 vinum
613 217 742 255 divina
755 219 903 256 virtute.

130 269 212 304 Non
237 266 373 302 dicitur
388 265 448 301 hic
465 266 564 311 quod
579 264 706 311 aliqua
726 267 839 303 verba
857 267 906 303 ad

129 315 201 351 hoc
235 313 380 357 dixerit,
405 312 500 348 sicut
529 312 568 348 in
593 313 905 350 transsubstanti-

129 361 257 398 atione
285 360 392 407 panis
413 364 449 396 et
478 359 554 395 vini
574 359 614 396 in
633 361 773 406 Corpus
797 371 905 397 suum

129 412 166 445 et
183 408 433 453 Sanguinem3
450 407 515 443 sed
529 407 676 443 occulta
696 407 833 444 virtute
853 408 907 443 di-

126 455 292 491 vinitatis
321 456 391 490 hoc
416 457 592 500 operatus
612 457 679 490 est.
706 453 792 491 Sine
816 466 904 500 ergo

125 502 227 538 omni
256 502 386 545 verbo,
418 501 499 538 sola
526 501 676 538 Domini
696 502 902 545 voluntate,

126 549 164 584 in
203 549 386 595 optimum
424 548 550 584 vinum
586 559 684 594 aqua
721 559 905 584 conversa

124 600 203 638 est3
244 606 326 632 cum
367 599 493 632 tamen
530 595 605 631 alia
639 595 837 639 miracula,
868 598 905 630 et

125 644 255 685 verbo,
280 646 316 679 et
334 645 435 678 tactu
455 653 649 689 corporeo,
671 646 708 678 et
730 642 904 688 aliquan-

124 689 173 725 do
195 691 284 725 tletu
306 689 517 735 perfecerit.

171 739 193 772 6
213 738 331 772 Visun
357 747 575 772 11111116610511
597 747 804 771 Ρ11011661611
824 747 908 770 FER-

123 794 193 819 ‘run
217 795 498 819 ARcfflTmcmNO.
533 803 578 809 —-
600 785 647 818 Et
667 784 757 818 dicit
781 785 830 817 eis
849 785 907 817 Je-

123 840 210 866 sus:
233 833 385 866 Haurite
399 841 505 871 nunc,
519 833 552 864 et
570 831 664 872 ferte
683 830 908 864 architricli-

123 887 182 912 no.
212 879 252 912 In
287 878 355 912 hoc
384 877 456 911 duo
490 880 701 911 notantur:
729 875 905 928 primum,

123 923 299 960 discretio
334 923 494 965 Domini,
529 922 616 968 quia
652 922 773 974 primo
806 922 908 957 misit

123 970 244 1016 magis
288 950 516 1012 honorabili3
555 979 624 1004 1166
661 980 701 1004 111
734 968 804 1004 1106
838 969 907 1005 fuit

122 1026 371 1062 personatum
390 1019 564 1061 acceptor
587 1015 688 1061 quia,
702 1017 906 1052 secundum

119 1064 381 1106 Animantium,
424 1073 499 1098 non
529 1073 614 1098 cum
651 1063 823 1099 homines
854 1063 906 1098 di-

120 1121 229 1145 verso
259 1109 371 1145 modo
398 1120 465 1155 pro
487 1109 563 1145 suis
587 1110 766 1155 gradibus
786 1111 904 1146 hono-

57 1174 63 1177 ·
120 1167 263 1200 ramus,
285 1160 371 1191 tunc
396 1156 603 1192 timendum
621 1161 690 1201 est,
707 1168 754 1193 ne
779 1168 906 1203 perso-

118 1214 188 1238 nas
207 1203 448 1248 accipiamus.
474 1224 515 1229 -
530 1204 759 1248 Secundum,
781 1204 903 1240 humi-

118 1249 204 1286 litas
224 1249 370 1285 Domini
385 1262 392 1291 ;
409 1249 496 1295 quia
510 1254 612 1295 patet
630 1252 730 1296 quod
750 1252 905 1287 sedebat

119 1297 230 1342 longe
252 1298 298 1333 ab
331 1297 601 1342 architriclino,
625 1308 710 1333 cum
732 1298 874 1334 diceret
894 1310 901 1333 ε

118 1345 226 1380 Ferte
248 1344 315 1387 illi,
334 1344 440 1389 quasi
458 1345 505 1380 ab
527 1355 570 1380 co
590 1349 749 1388 remoto,
767 1349 804 1381 et
821 1356 903 1381 cum

119 1390 181 1427 ille
200 1392 347 1426 sederet
374 1391 410 1426 in
435 1391 555 1437 magis
576 1392 786 1428 honorabili
806 1392 903 1436 loco,

119 1438 310 1483 colligitur
330 1438 429 1483 quod
451 1438 633 1474 Dominus
646 1440 781 1475 nolens
802 1440 905 1475 sede-

121 1495 163 1521 re
198 1485 263 1528 ibi,
286 1495 355 1520 nec
385 1486 491 1531 juxta
511 1496 609 1530 eum,
629 1486 740 1532 elegit
763 1486 814 1523 ibi
835 1487 904 1522 hu-

121 1532 307 1567 miliorem
328 1532 463 1568 locum.
486 1532 703 1569 Triclinium
726 1536 782 1569 est
802 1534 905 1569 locus

120 1578 186 1615 ubi
205 1582 291 1614 sunt
312 1582 388 1614 tres
417 1579 568 1615 ordines
589 1591 821 1623 mensarum,
846 1591 903 1615 56-

120 1626 285 1661 cundum
306 1626 447 1671 gradus
467 1626 682 1672 superiores
698 1631 734 1662 et
756 1627 905 1662 inferio-

118 1682 179 1708 res
200 1672 457 1708 ordinatarum
484 1685 492 1708 :
519 1673 613 1709 sicut
638 1674 732 1709 solet
755 1684 837 1709 esse
865 1673 902 1708 in

117 1719 327 1754 refectoriis
367 1719 643 1764 religiosorum.
681 1722 725 1756 Et
767 1720 904 1756 dicitur

117 1765 321 1801 triclinium
342 1776 365 1802 a
392 1766 529 1812 triplici
555 1767 686 1803 ordine
705 1768 900 1811 lectorum,

116 1823 229 1859 super
248 1824 343 1858 quos
360 1814 542 1857 sedendo,
562 1815 823 1850 recumbentes
844 1825 903 1850 co-

114 1865 330 1901 medebant.
356 1864 459 1901 Κλίνη
476 1865 575 1901 6111111
603 1866 744 1910 Graece,
773 1868 901 1901 lectum

112 1912 243 1948 Latine
270 1912 470 1957 significat.
500 1914 592 1948 Nam
619 1912 840 1958 antiquitus,
863 1913 900 1948 in

112 1958 220 1994 lectis
241 1960 417 1995 sedentes
437 1963 473 1995 et
493 1960 756 1995 accumbentes
777 1970 899 1995 come-

111 2005 202 2042 dere
229 2006 412 2050 solebant,
429 2009 469 2042 ut
489 2017 532 2042 ex
559 2006 689 2042 labore
707 2007 900 2052 fatigatio-

112 2052 186 2096 nis,
231 2052 383 2088 interim
428 2054 516 2089 dum
570 2053 675 2090 cibus
723 2054 898 2097 sumitur,

113 2099 285 2135 membra
305 2100 559 2145 quiescerent3
582 2104 619 2136 ct
638 2100 723 2136 ideo
744 2100 784 2136 in
809 2100 903 2137 Scri-

112 2145 236 2192 pturis
249 2146 421 2182 dicuntur
441 2148 680 2183 comedentes
703 2149 900 2184 accumbe-

112 2203 169 2236 re,
196 2192 252 2227 vel
283 2195 516 2246 recumbere,
547 2205 613 2230 seu
645 2194 898 2239 discumbere,

109 2239 220 2322 guod·
253 2242 310 2275 est
347 2240 453 2285 quasi
491 2241 653 2286 ,iacendo
681 2242 896 2278 comedere.

143 2285 396 2322 rchitriclinus
425 2289 551 2322 autem
576 2291 633 2323 est
652 2288 826 2333 princeps
862 2292 899 2324 et

109 2333 252 2386 primas
288 2332 454 2377 triclinii,
493 2333 531 2369 id
572 2337 628 2369 est
662 2334 895 2388 principalis,

110 2382 148 2416 et
187 2379 331 2426 primus
356 2379 455 2416 inter
475 2380 717 2417 convivantes
751 2381 790 2417 in
829 2382 895 2417 tri-

111 2426 248 2463 clinio.
286 2427 331 2462 Et
367 2426 564 2473 probabile
603 2430 660 2463 est
695 2429 796 2473 quod
837 2429 892 2465 fu-

110 2473 183 2510 erit
207 2473 343 2526 aliquis
371 2474 548 2510 sacerdos
565 2472 666 2510 illius
695 2476 892 2520 temporis,

110 2520 175 2604 gui
213 2520 354 2567 nuptiis
383 2520 578 2565 intererat,
600 2521 649 2557 ad
669 2522 893 2558 benedicen—

137 2578 212 2609 um
235 2572 273 2604 et
291 2567 339 2604 ad
360 2568 634 2604 ostendendum
655 2567 815 2614 qualiter
832 2569 896 2605 de-

108 2614 224 2651 beant
254 2615 475 2668 procedere,
510 2615 716 2651 secundum
754 2616 891 2661 Legem
925 2634 928 2645 ·

109 2664 148 2698 et
167 2665 308 2698 statuta
332 2662 536 2698 seniorum.
558 2661 683 2699 Voluit
702 2672 791 2715 ergo
819 2664 892 2698 Do-

108 2707 231 2745 minus
249 2712 391 2753 noster,
413 2709 512 2756 quod
531 2709 651 2763 princi
681 2708 776 2746 alior
794 2709 893 2745 inter

109 2755 298 2802 convivas,
317 2755 439 2803 primo
459 2757 506 2794 de
527 2755 614 2794 vino
631 2756 695 2794 ilo
707 2759 889 2803 gustaret,

982 223 1022 256 ut
1040 219 1295 273 praesidentis
1295 219 1480 272 sententia
1498 221 1762 267 acceptabilior

982 270 1094 311 esset,
1125 270 1162 303 et
1199 277 1242 303 ex
1284 266 1402 313 ipsius
1433 268 1760 306 commendatione

981 314 1201 350 miraculum
1211 314 1333 350 notius
1352 314 1472 350 fieret.
1479 314 1538 350 Sic
1557 314 1672 351 etiam
1689 326 1760 353 nos

980 361 1163 397 debemus
1189 364 1318 397 nostra
1339 361 1582 397 examinatori
1603 362 1760 408 praelato

981 409 1132 452 offerre,
1153 408 1201 444 ad
1232 409 1469 454 probandum
1488 419 1546 444 ea.

1028 470 1048 502 7
1069 457 1150 491 Vm
1169 466 1377 491 M1RACULos1
1395 467 1557 491 BONITAS.
1576 475 1624 482 —
1641 458 1690 492 Et
1707 458 1764 492 tu-

983 503 1113 537 lerunt.
1139 504 1185 538 Ut
1205 505 1324 537 autem
1343 505 1506 546 ,quseavit
1538 504 1761 548 architricli-

980 559 1048 583 nus
1069 559 1204 593 aquam
1221 551 1345 583 vinum
1356 551 1507 592 factam,
1529 549 1567 585 id
1589 553 1658 594 est,
1676 560 1763 586 mu·

982 599 1099 630 tatam
1128 594 1167 630 in
1195 594 1335 638 vinum,
1357 599 1390 630 et
1420 607 1491 631 non
1515 597 1651 632 sciebat
1669 597 1764 633 unde

983 645 1085 681 esset,
1118 640 1260 676 scilicet
1293 651 1361 687 pel
1400 641 1537 678 Christi
1571 643 1761 689 virtutem,

983 692 1087 723 vocat
1113 698 1298 733 sponsum,
1321 687 1427 733 quasi
1453 689 1501 724 ad
1530 690 1762 734 arguendum

984 735 1120 780 ipsum,
1135 738 1168 770 et
1184 735 1275 770 dicit
1294 737 1358 770 ei:
1374 736 1498 771 Omnis
1510 737 1625 777 homo,
1650 736 1762 772 ratio-

984 782 1080 818 nalis
1113 785 1149 818 et
1180 781 1384 835 prudenter
1415 792 1546 828 agens,
1582 785 1758 829 primum,

983 829 1021 864 id
1043 832 1098 864 est
1117 829 1155 864 in
1172 828 1349 875 pincipio,
1355 830 1484 864 bonum
1504 832 1628 865 vinum
1645 832 1761 876 ponit,

984 876 1285 919 convivantibus;
1317 876 1405 921 quia
1431 880 1518 912 tunc
1549 887 1682 930 sensus
1707 879 1765 913 est

983 923 1089 958 vivax
1105 926 1143 959 et
1162 904 1285 969 potest’
1299 923 1513 959 discernere
1532 934 1608 959 vini
1619 923 1764 960 bon1ta-

983 973 1072 1014 tem,
1098 974 1135 1006 et
1167 973 1385 1016 acceptare3
1423 974 1556 1006 etcum
1589 971 1764 1007 inebriati

980 1019 1134 1061 fuerint,
1169 1021 1265 1058 tunc,
1288 1016 1455 1064 apponit,
1475 1019 1516 1053 id
1543 1019 1640 1063 quod
1666 1019 1763 1053 dete-

981 1067 1060 1099 rius
1077 1068 1142 1108 est,
1164 1064 1306 1100 scilicet
1330 1064 1522 1110 aquosius,
1543 1069 1581 1101 et
1604 1064 1764 1102 debilius

981 1112 1029 1147 ad
1056 1111 1327 1157 mitigationem
1346 1111 1552 1156 ebrietatis,
1565 1111 1654 1158 quia
1671 1115 1764 1148 tunc

981 1170 1057 1194 non
1072 1158 1123 1194 sic
1142 1159 1264 1195 sciunt
1278 1159 1493 1195 discernere
1508 1159 1606 1195 inter
1622 1160 1762 1195 bonum

981 1210 1017 1242 et
1031 1205 1207 1242 deterius.
1232 1207 1284 1241 Tu
1307 1210 1439 1247 autem,
1461 1210 1593 1242 contra
1612 1216 1766 1243 consue-

979 1252 1149 1289 tudinem
1166 1251 1479 1296 faciens,servasti
1488 1255 1619 1288 vinum>
1632 1253 1762 1289 bonum

978 1311 1093 1345 usque
1127 1301 1257 1342 adhuc,
1296 1299 1348 1336 ita
1382 1300 1481 1345 quod
1507 1300 1619 1335 modo
1650 1310 1762 1346 sapor

980 1348 1060 1393 ejus
1081 1346 1242 1383 discerni
1263 1357 1340 1382 non
1360 1349 1496 1392 potest.
1532 1346 1645 1390 Quasi
1665 1347 1762 1383 dice·

979 1398 1050 1435 ret,
1086 1394 1277 1439 arguendo
1305 1404 1390 1429 eum
1426 1405 1436 1429 z
1473 1394 1688 1430 Inordinate
1724 1396 1762 1430 et

979 1441 1239 1487 imprudenter
1263 1440 1382 1476 fecisti
1418 1440 1660 1477 contrarium.
1688 1442 1761 1478 Iste

979 1492 1119 1532 tamen,
1150 1491 1191 1524 ut
1210 1487 1431 1541 praedictum
1455 1491 1523 1532 est,
1543 1487 1762 1541 ignoranter

979 1535 1214 1587 loquebatur.
1241 1534 1400 1571 Ministri
1431 1545 1534 1580 ergo,
1556 1534 1620 1580 qui
1647 1535 1758 1572 dede-

978 1586 1063 1617 lant
1083 1593 1209 1618 vinum
1226 1582 1279 1617 illi
1301 1585 1337 1618 et
1349 1582 1447 1635 aliis,
1475 1582 1760 1627 divulgaverunt

979 1629 1215 1673 miraculum,
1242 1629 1331 1675 quia
1367 1629 1437 1675 ipsi
1461 1628 1631 1665 sciebant
1664 1639 1759 1682 quo-

978 1677 1088 1711 modo
1131 1676 1252 1712 fuerat
1289 1676 1439 1712 sactum.
1476 1675 1760 1712 Commendavit

977 1723 1253 1759 architiiclinus
1273 1722 1348 1758 vini
1369 1722 1589 1766 bonitatem,
1614 1726 1651 1759 et
1669 1726 1754 1768 post

977 1769 1013 1804 in
1043 1769 1230 1806 communi
1256 1770 1614 1806 commendaverunt
1639 1769 1755 1806 mira-

977 1817 1047 1852 culi
1067 1817 1286 1853 novitatem.
1304 1818 1384 1853 Non
1401 1817 1555 1853 dubium
1568 1816 1656 1862 quin
1677 1827 1756 1853 me-

977 1864 1047 1899 lior
1084 1867 1163 1899 erat
1198 1863 1332 1899 mutati
1362 1863 1436 1899 vini
1464 1867 1613 1908 natura,
1644 1864 1756 1908 quain

976 1910 1067 1946 nati.
1091 1911 1194 1946 Unde
1214 1911 1266 1946 ait
1287 1912 1588 1955 Chrysostomus.
1579 1925 1588 1932 ·
1615 1925 1634 1943 «
1657 1910 1758 1947 Fecit

976 1968 1112 2003 aquam
1134 1957 1172 1993 in
1191 1957 1337 2002 vinum;
1360 1969 1437 1994 non
1459 1957 1678 2003 simpliciter
1695 1968 1762 1994 au-

975 2008 1051 2040 tem
1078 2005 1144 2040 sed
1164 2004 1292 2040 vinum
1318 2005 1513 2051 optimum.
1536 2004 1639 2040 Talia
1658 2004 1757 2040 enim

975 2050 1111 2088 Christi
1132 2051 1315 2087 miracula
1334 2052 1451 2088 multo
1478 2051 1538 2087 his
1572 2062 1656 2097 quae
1688 2062 1757 2098 per

975 2109 1127 2134 manum
1164 2098 1420 2144 perficiuntur,
1456 2098 1685 2151 speciosiora
1718 2101 1756 2134 et

974 2147 1123 2191 potiora
1143 2145 1421 2191 quodammodo
1448 2149 1568 2181 sunt:
1593 2144 1647 2180 ita
1666 2144 1755 2181 etin

974 2192 1226 2237 aliis,quando
1241 2193 1453 2229 membrum
1471 2191 1607 2228 direxit
1624 2202 1752 2238 corpo-

974 2238 1024 2274 ris
1063 2239 1293 2283 claudicans,
1331 2239 1435 2276 sanis
1472 2239 1757 2275 demonstrabat

972 2287 1043 2322 hoc
1064 2286 1212 2322 meIIus.
1235 2300 1253 2319 ›>
1274 2287 1320 2322 Et
1334 2286 1472 2323 iterum
1500 2297 1509 2322 ε
1534 2300 1553 2319 «
1572 2286 1757 2322 Generale

972 2336 1029 2369 est
1043 2333 1080 2369 in
1098 2334 1272 2370 omnibus
1284 2333 1421 2370 Christi
1440 2332 1757 2379 miraculis,quod

971 2391 1120 2426 semper
1136 2380 1181 2416 ad
1203 2380 1346 2426 aliquid
1362 2380 1498 2417 melius
1514 2379 1752 2425 terminatur,

971 2437 1083 2473 quam
1116 2431 1244 2473 posset
1280 2427 1364 2463 fieri
1399 2438 1468 2473 per
1500 2430 1709 2464 naturam:
1732 2439 1751 2461 >³

968 2475 1051 2510 haec
1070 2475 1357 2519 chrysostomus

1015 2525 1036 2557 8
1058 2523 1192 2558 Scorus
1211 2532 1320 2558 HUJLS
1334 2532 1514 2558 umam.
1527 2541 1571 2547 —
1590 2521 1668 2557 Hoc
1679 2519 1749 2556 mi-

967 2569 1153 2613 raculum,
1172 2568 1294 2615 primo
1309 2579 1331 2605 a
1351 2568 1497 2606 Christo
1521 2568 1659 2604 sactum
1679 2569 1749 2612 est,

967 2616 1014 2651 ad
1047 2615 1363 2669 manifestandam
1383 2615 1582 2652 veritatem
1611 2613 1747 2650 divini-

966 2662 1080 2698 tatis
1070 2674 1109 2698 111
1129 2673 1174 2699 60
1196 2663 1389 2707 latentem,
1399 2666 1437 2698 et
1452 2663 1500 2698 ad
1518 2661 1746 2698 confirman-

967 2709 1054 2744 dam
1086 2709 1355 2756 discipulorum
1386 2710 1514 2746 fidem.
1537 2710 1582 2745 Et
1599 2709 1671 2744 hoe
1686 2709 1745 2744 est

923 2788 926 2802 2
966 2756 1067 2801 quod
1091 2756 1257 2793 dicitur·
1275 2758 1350 2794 Hoc
1367 2758 1456 2800 fecit
1471 2758 1576 2793 Iesus
1589 2755 1744 2794 &ratium
