1902 3126
124 154 181 192 184
624 154 768 189 PRIMAE
804 155 962 190 PARTIS
998 154 1132 190 CAPUT
1171 154 1257 188 X'3X1

124 225 176 273 gi,
213 224 341 269 sicque
384 233 407 259 a
444 222 555 260 nobis
592 223 736 269 justitia
780 224 904 260 omnis

120 270 352 318 implebitur.
380 269 571 306 Justitiam
597 281 686 306 vero
714 270 773 307 hic
801 282 902 307 com-

120 319 350 366 plementum
373 320 592 353 cunctorum
612 317 782 354 nominat
803 329 905 354 man-

121 365 311 408 datorum,
333 364 535 400 ostendens
556 364 654 400 hanc
674 375 801 401 veram
822 376 903 401 esse

118 410 318 459 J‘ustitiam,
329 414 369 447 ut
386 411 465 457 ipse
480 411 661 448 Dominus
675 422 717 448 ac
729 412 904 457 Magister

121 469 235 496 omne
279 458 318 493 in
359 468 399 494 se
433 457 563 494 salutis
603 462 741 494 nostrae
777 470 903 494 sacra-

120 508 290 542 mentum
326 504 513 551 impleret.
542 506 757 541 Mandatum
785 505 903 550 siqui-

123 552 209 589 dem
232 554 313 588 erat
328 551 559 596 hominibus,
579 552 804 599 baptismum
822 553 906 587 sub-

121 598 178 635 ire
199 599 410 645 Prophetae.
433 599 514 643 Vel,
530 609 679 635 omnem
704 599 903 645 justitiam,

123 645 295 682 faciendo
332 645 531 691 unicuique
565 646 664 691 quod
688 656 797 681 suum
834 648 902 680 est.

125 692 194 736 Qui
215 692 314 729 enim
332 692 468 729 Christi
487 692 716 738 Baptismum
737 691 904 736 suscipit,

124 739 328 776 miseretur
363 739 500 776 animae
527 750 604 774 suae
631 740 784 785 placens
816 740 906 780 Deo,

126 787 258 822 salutis
279 787 465 822 medelam
486 785 707 829 suscipiens,
727 789 763 820 et
784 783 906 820 humi-

124 832 212 869 liter
238 833 410 869 subditur
436 832 604 868 Creatori
631 843 712 875 suo,
744 832 823 877 ejus
850 831 906 865 in-

125 879 309 916 stitutioni
327 879 520 922 obediens,
539 878 825 924 proximumque
845 888 906 912 ex-

126 927 249 973 emplo
282 926 457 969 aedificat,
491 935 576 961 eum
608 925 656 960 ad
684 925 825 960 bonum
855 923 908 958 in·

126 973 283 1010 ducens.
319 973 377 1008 Sic
413 982 502 1016 ergo
539 981 690 1007 omnem
722 970 908 1017 justitiam

125 1019 270 1066 implet,
293 1018 380 1064 quia
402 1020 495 1061 Deo,
519 1021 555 1053 et
573 1017 659 1062 sibi,
678 1020 715 1053 et
740 1017 909 1063 proximo

124 1067 213 1102 facit
243 1065 343 1111 quod
376 1065 500 1100 debet.
523 1065 590 1100 Vel
622 1075 771 1100 omnem
799 1063 909 1110 Justi-

124 1114 245 1156 tiam,
283 1111 455 1148 faciendo
492 1111 597 1157 prius
637 1111 737 1157 quod
782 1114 911 1156 postea

83 1189 88 1192 .
126 1158 210 1195 fieri
246 1158 358 1194 debet
395 1159 442 1194 ab
478 1157 577 1203 aliis,
598 1158 704 1203 quasi
737 1157 909 1194 diceret:

126 1206 214 1242 Ideo
235 1215 294 1241 me
322 1216 422 1241 nunc
443 1205 561 1241 subdo
595 1205 662 1241 tibi
690 1204 843 1248 minori,
865 1215 912 1240 ne

127 1252 382 1305 dedignentur
403 1253 567 1298 majores
586 1263 608 1288 a
624 1251 832 1288 minoribus
850 1252 914 1287 ba-

126 1299 262 1346 ptizari
295 1300 353 1335 vel
387 1300 482 1344 regi.
519 1299 626 1335 Unde
652 1300 871 1334 Ambrosius
901 1312 911 1333 ι

130 1361 149 1379 «
173 1347 261 1390 Quae
282 1350 338 1382 est
353 1345 512 1392 justitia,
535 1345 607 1382 nisi
633 1346 733 1392 quod
753 1346 912 1381 alterum

128 1393 256 1430 faeere
290 1393 396 1437 velis,
424 1393 529 1439 prior
562 1392 643 1439 ipse
677 1392 848 1438 incipias,
877 1396 913 1428 et

128 1443 192 1477 tuo
220 1440 314 1476 alios
352 1439 516 1476 horteris
549 1439 744 1486 exemplo?
764 1454 783 1472 »
806 1440 911 1475 Unde

128 1490 166 1523 et
199 1488 472 1531 Chrysostomus
503 1499 513 1522 :
544 1499 562 1520 «
602 1488 684 1523 Non
727 1496 817 1531 ergo
855 1486 910 1522 sui

130 1544 244 1570 causa
273 1533 454 1579 baptizari
482 1533 662 1569 Dominus
688 1533 818 1577 voluit,
846 1533 912 1569 sed

131 1591 246 1616 causa
267 1580 401 1625 nostri,
426 1583 466 1616 ut
492 1580 666 1626 impleret
688 1590 837 1615 omnem
857 1580 913 1625 ju-

131 1627 285 1664 stitiam.
313 1629 459 1663 Justum
492 1630 549 1662 est
587 1626 702 1671 enim,
737 1630 778 1662 ut
812 1627 911 1672 quod

130 1675 214 1721 quis
233 1674 342 1710 docet
362 1675 522 1710 alterum
543 1673 681 1717 facere,
697 1674 800 1720 prior
820 1673 911 1708 inei-

129 1721 220 1767 piat.
249 1720 343 1764 Quia
369 1721 483 1766 igitur
512 1720 694 1756 Dominus
732 1720 913 1765 magister

129 1767 285 1804 humani
306 1767 453 1814 generis
476 1771 643 1811 venerat,
667 1768 835 1813 exemplo
856 1766 913 1802 sui

132 1815 270 1852 docere
288 1814 403 1850 voluit
417 1814 505 1860 quid
519 1814 856 1858 essetfaeiendum,
872 1817 914 1849 ut

131 1861 304 1908 discipuli
332 1861 564 1908 Magistrum,
588 1861 684 1897 servi
711 1861 912 1896 Dominum

134 1912 397 1955 sequerentur.
423 1922 441 1940 »
471 1909 575 1944 Unde
598 1908 711 1944 etiam
736 1909 912 1952 Auqusti-

132 1967 201 1991 nus
220 1969 230 1991 :
253 1970 269 1988 «
291 1955 416 1991 Voluit
433 1955 555 1990 facere
577 1955 678 2000 quod
699 1954 912 1990 faciendum

133 2002 309 2038 omnibus
340 2002 565 2048 imperabat,
592 2005 633 2037 ut
671 2001 848 2037 Dominus
877 2004 914 2037 et

132 2049 312 2095 Magister
346 2049 555 2084 doctrinam
595 2059 703 2084 suam
732 2059 807 2084 non
835 2051 913 2083 tam

132 2097 258 2132 verbis
278 2095 501 2139 insinuaret,
521 2106 633 2140 quam
648 2095 792 2131 actibus
814 2106 915 2130 exer-

133 2146 247 2179 ceret.
288 2156 307 2174 »
343 2142 424 2186 Vel,
464 2142 670 2178 secundum
707 2143 912 2186 Rabanum,

134 2189 188 2226 sie
208 2190 315 2225 decet
340 2199 408 2224 nos
434 2190 645 2235 exemplum
673 2189 764 2225 dare
793 2188 915 2225 omnis

129 2235 285 2283 justitiae
311 2235 510 2281 implendae
537 2236 576 2270 in
604 2236 806 2281 Baptismo,
835 2236 915 2272 sine

135 2293 209 2329 qua
244 2293 320 2318 non
352 2282 520 2327 aperitur
546 2282 671 2318 aditus
701 2282 809 2328 regni
841 2294 914 2318 606-

132 2329 251 2374 lestis,
280 2332 319 2365 ut
345 2329 491 2364 discant
517 2328 690 2364 homines
724 2329 914 2365 neminem

134 2375 216 2412 sine
243 2377 345 2411 unda
376 2374 556 2421 Baptismi
583 2376 789 2422 perfectum
817 2387 913 2413 esse.

133 2423 201 2460 Vel
224 2432 376 2459 omnem
393 2421 592 2468 Justitiam,
616 2422 652 2457 id
673 2426 742 2467 est,
765 2434 915 2459 omnem

134 2473 172 2506 et
224 2469 598 2516 superabundantem
635 2469 913 2514 humilitatem3

136 2517 259 2563 major
274 2516 373 2552 enim
384 2515 635 2563 parsjustitiae
645 2519 699 2552 est
710 2517 914 2553 humilitas.

183 2579 203 2610 7
225 2565 315 2607 Qum
338 2575 390 2599 sir
409 2575 445 2599 IN
468 2575 577 2599 SENSU
602 2564 773 2598 sTmc‘ro?
794 2585 835 2589 —
855 2566 918 2599 Est

139 2611 278 2657 quippe
299 2610 426 2647 debita
449 2614 485 2646 et
512 2610 702 2646 sufficiens
725 2610 918 2646 humilitas

139 2658 241 2694 omni
279 2658 377 2704 justo
422 2656 650 2702 necessaria,
696 2656 831 2703 majori
878 2668 918 2693 se

138 2705 299 2742 subdere
323 2708 477 2751 propter
500 2706 632 2749 Deum,
660 2707 697 2740 et
718 2715 794 2740 non
819 2714 916 2750 prae-

141 2752 240 2789 ferre
276 2762 316 2788 se
347 2751 502 2799 aequali;
530 2751 742 2797 abundans,
764 2761 804 2788 se
836 2752 921 2788 suh-

976 224 1065 260 dere
1091 222 1239 269 aequali,
1259 225 1296 259 et
1315 233 1392 258 non
1417 222 1598 268 praeferre
1618 233 1659 260 se
1684 223 1761 259 mi-

976 270 1084 314 nori;
1131 270 1296 316 perfecta
1352 272 1389 305 et
1428 270 1756 316 superabundans,

976 318 1137 354 subdere
1170 327 1210 353 se
1230 315 1382 361 minori,
1405 319 1441 352 et
1475 327 1552 353 non
1576 317 1763 363 praeferre*

977 375 1016 400 se
1043 363 1174 408 alicu13
1203 367 1240 399 et
1274 364 1374 399 hune
1412 363 1566 399 tertium
1597 363 1759 409 gradum

977 410 1143 448 Christus
1163 410 1223 446 hic
1244 410 1379 455 tenuit,
1404 409 1489 446 ideo
1511 421 1663 446 omnem
1685 410 1756 446 hu—

978 457 1173 493 militatem
1194 457 1373 503 implevit.
1397 458 1500 494 Unde
1519 457 1728 493 Ber-nardus
1742 468 1754 492 ε

979 517 996 537 «
1020 506 1083 539 Est
1110 507 1235 540 autem
1261 505 1433 550 quaedam
1458 504 1602 550 justitia
1627 503 1760 540 stricta

978 554 1014 586 et
1034 554 1193 595 angusta
1221 551 1351 595 valde;
1371 550 1424 587 ita
1460 555 1501 587 ut
1535 561 1649 597 quam
1682 549 1758 586 cito

978 597 1113 643 pedem
1149 596 1319 641 verteris,
1358 597 1395 632 in
1431 597 1573 643 peccati
1612 598 1762 634 foveam

979 643 1094 687 cadis,
1114 653 1183 678 nec
1210 654 1431 689 praeponere
1458 655 1498 680 se
1517 643 1666 690 aequali,
1691 653 1761 679 nec

979 700 1129 735 aequare
1164 689 1380 735 praeposito.
1428 691 1546 736 Hujus
1590 688 1760 726 definitio

981 740 1057 780 est,
1087 736 1245 772 reddere
1275 735 1478 782 unicuique
1517 736 1617 782 quod
1650 745 1760 772 suum

981 786 1048 819 est.
1074 785 1138 818 Est
1164 782 1283 818 altera
1310 783 1422 819 latior
1450 787 1488 819 et
1515 782 1676 830 amplior
1703 783 1769 828 ju-

981 830 1095 874 stitia,
1118 840 1186 865 nec
1208 840 1358 875 aequare
1385 841 1425 866 se
1450 829 1547 876 pari,
1568 840 1636 866 nee
1665 828 1764 865 infe-

981 876 1073 912 riori
1098 887 1331 922 praeponere.
1353 876 1455 912 Sicut
1481 877 1582 913 enim
1608 874 1764 922 grandis

983 927 1019 959 et
1049 923 1173 969 gravis
1204 923 1383 969 superbia
1418 926 1475 959 est
1505 923 1686 969 praeserre
1723 932 1766 958 se

983 969 1138 1016 aequali,
1180 973 1245 1006 aut
1288 980 1440 1016 aequare
1484 970 1668 1015 Praelato;
1710 968 1766 1005 sic

983 1016 1137 1064 grandis
1163 1016 1359 1052 humilitas
1389 1019 1445 1053 est
1476 1016 1696 1053 inferiorem
1725 1025 1772 1052 se

985 1063 1160 1099 exhibere
1177 1063 1311 1109 aequali
1328 1068 1364 1099 et
1376 1064 1560 1110 aequalem
1578 1061 1765 1099 inferiori.

986 1110 1145 1146 Maxima
1165 1114 1201 1146 et
1220 1111 1331 1156 plena
1347 1110 1496 1157 justitia
1519 1114 1589 1154 est,
1610 1109 1768 1146 inferio-

985 1169 1066 1193 rem
1090 1168 1129 1193 se
1151 1158 1325 1194 exhibere
1347 1157 1460 1193 etiam
1483 1157 1555 1204 ipsi
1581 1154 1768 1192 inferiori.

987 1205 1088 1241 Sitzut
1108 1204 1209 1240 enim
1223 1215 1370 1241 summa
1385 1208 1422 1240 et
1440 1202 1692 1241 intolerabilis
1705 1213 1770 1239 su-

986 1251 1117 1297 perbia
1138 1254 1207 1296 est,
1236 1251 1420 1297 superiori
1451 1262 1491 1287 se
1522 1260 1766 1297 praeponere3

989 1300 1040 1334 ita
1076 1297 1246 1334 inferiori
1273 1309 1311 1334 se
1349 1299 1523 1342 subdere,
1545 1307 1692 1334 summa
1712 1298 1771 1333 est

987 1349 1024 1381 et
1044 1345 1157 1391 plena
1175 1345 1334 1392 justitia.
1359 1346 1464 1388 Quod
1483 1355 1573 1391 ergo
1603 1345 1770 1380 Joannes

987 1392 1068 1428 ait:
1098 1394 1174 1437 Ego
1212 1403 1234 1428 a
1272 1395 1308 1428 te
1341 1392 1460 1428 debeo
1493 1389 1691 1438 baptizari,
1723 1389 1775 1426 de

986 1439 1108 1485 prima
1136 1439 1205 1474 fuit
1226 1450 1300 1485 qua
1323 1438 1507 1485 superiori
1526 1449 1565 1474 se
1587 1436 1768 1474 subdidit.

986 1486 1091 1529 Quod
1120 1489 1245 1522 autem
1266 1485 1435 1523 Christus
1462 1484 1562 1529 feeit,
1584 1485 1632 1520 de
1655 1484 1772 1530 plena

982 1532 1127 1580 Justitia
1166 1532 1252 1577 suit;
1295 1532 1481 1578 siquidem
1524 1531 1587 1567 ille
1630 1529 1773 1567 servuli

987 1580 1043 1616 sui
1089 1591 1128 1615 se
1170 1579 1346 1615 manibus
1387 1578 1596 1615 inclinavit.
1632 1576 1770 1614 videat

987 1637 1085 1662 nunc
1120 1626 1275 1672 quilibet
1308 1636 1418 1672 quem
1451 1625 1633 1669 imitetur,
1655 1624 1777 1668 hunc,

986 1684 1034 1709 an
1068 1684 1167 1717 eum,
1203 1675 1267 1718 qui
1301 1674 1491 1708 attollitur
1525 1682 1640 1717 supra
1671 1681 1773 1707 omne

988 1721 1085 1765 quod
1117 1720 1278 1755 creditur
1309 1723 1374 1755 aut
1401 1720 1533 1755 colitur
1554 1721 1662 1754 Deus.
1686 1730 1705 1752 )›
1727 1718 1774 1753 Et

986 1767 1156 1803 iterum:
1190 1781 1208 1799 «
1242 1769 1367 1805 Nonne
1402 1768 1484 1806 Deo,
1514 1764 1650 1810 inquit,
1685 1764 1774 1800 sub·

985 1815 1080 1859 jecta
1107 1817 1158 1849 est
1184 1816 1308 1849 anima
1333 1815 1437 1848 mea?
1459 1814 1532 1848 Aut
1554 1821 1688 1857 parum
1712 1814 1771 1847 est

987 1872 1075 1897 esse
1094 1861 1302 1906 subjectum
1323 1862 1414 1903 Deo,
1437 1858 1511 1895 nisi
1537 1859 1589 1894 sis
1609 1861 1647 1894 et
1667 1857 1772 1907 omni

988 1909 1163 1944 humanae
1209 1911 1392 1942 creaturae
1429 1908 1585 1952 propter
1620 1904 1776 1941 Deum?

989 1954 1048 1991 Sic
1076 1954 1175 1989 enim
1203 1954 1312 1989 docet
1340 1964 1424 1996 nos,
1457 1951 1594 1998 inquit,
1615 1951 1775 1998 implere

989 2011 1140 2037 omnem
1174 1999 1385 2046 justitiam;
1417 1999 1455 2036 id
1493 2002 1564 2044 est,
1601 2008 1778 2035 consum·

989 2047 1194 2083 mationem
1222 2047 1390 2093 profecto
1421 2045 1593 2093 justitiae,
1628 2045 1669 2081 in
1699 2045 1774 2081 hu-

989 2092 1775 2140 militatisperfeetioneconsistentem.Va-

989 2142 1050 2186 de,
1078 2144 1114 2177 et
1139 2145 1194 2185 tu,
1223 2142 1270 2177 ad
1300 2140 1499 2184 minorem,
1528 2139 1560 2175 si
1585 2139 1641 2174 vis
1663 2138 1774 2185 justi-

989 2188 1041 2224 tia
1062 2199 1142 2224 esse
1164 2189 1371 2234 perfectus;
1395 2187 1500 2223 deser
1525 2185 1711 2230 inferiori,
1735 2187 1774 2221 et

990 2235 1126 2271 minori
1154 2238 1190 2271 te
1226 2234 1407 2270 inclinato
1430 2245 1439 2270 ε
1467 2246 1485 2267 »
1507 2234 1588 2269 haec
1613 2234 1772 2269 Bernar-

989 2283 1070 2318 dus.
1086 2284 1127 2318 In
1141 2283 1212 2318 hoc
1234 2285 1389 2328 apparet
1404 2279 1551 2327 justitia
1566 2279 1604 2315 in
1620 2278 1775 2332 humili,

990 2329 1078 2375 quia
1113 2329 1278 2365 alienum
1314 2339 1391 2365 non
1416 2326 1585 2373 surripit,
1608 2336 1679 2362 1166
1699 2326 1774 2362 Slbl

989 2376 1160 2412 attribuit
1190 2376 1290 2422 quod
1325 2386 1400 2411 non
1434 2375 1571 2419 debet;
1595 2373 1663 2410 sed
1684 2372 1772 2409 uni-

990 2423 1123 2469 cuique
1141 2424 1203 2469 jus
1224 2433 1332 2459 suum
1354 2421 1489 2458 reddit.
1513 2422 1594 2457 Non
1616 2419 1778 2466 surripit.

990 2471 1174 2506 honorem
1213 2473 1249 2506 et
1282 2469 1352 2506 sibi
1384 2467 1575 2513 attribuit;
1598 2467 1665 2503 sed
1692 2467 1771 2503 Deo

991 2518 1195 2561 honorem,
1229 2520 1266 2553 et
1292 2516 1363 2553 sibi
1402 2515 1540 2552 retinet
1573 2513 1770 2550 vilitatem.

991 2566 1073 2600 Non
1094 2564 1196 2600 laedit
1219 2563 1445 2610 proximum,
1469 2572 1537 2598 nee
1561 2571 1648 2614 eum
1671 2559 1771 2606 diju-

992 2611 1104 2656 dicat,
1129 2622 1198 2647 1166
1222 2611 1375 2658 praesert
1401 2621 1440 2646 se
1460 2608 1571 2645 alicui
1588 2607 1646 2643 vel
1666 2616 1773 2642 com—

991 2663 1121 2704 parat;
1143 2658 1209 2693 sed
1241 2658 1426 2694 minorem
1446 2654 1684 2706 omnibus-se
1707 2663 1771 2706 re·

992 2708 1112 2750 putat,
1136 2708 1173 2741 et
1195 2705 1320 2742 locum
1344 2702 1589 2741 novissimum
1611 2701 1684 2738 Slbl
1706 2699 1773 2736 611-

993 2751 1048 2798 git
1067 2755 1104 2788 et
1124 2755 1242 2799 optat.
