1876 3126
643 179 697 212 DE
734 178 988 212 CURATIONE
1025 177 1230 212 LErssost.
1697 174 1756 208 345

113 247 263 296 pliciter
292 246 478 293 prohibet,
498 249 538 282 ut
577 256 653 281 non
692 245 897 291 aliquando
938 259 940 279 ;

115 295 230 339 dicat,
254 295 319 330 sed
342 298 380 330 ut
400 299 603 339 antequam
622 293 836 328 ostenderet
859 304 899 329 se

116 341 320 383 sacerdoti,
350 340 488 377 nemini
524 340 682 382 diceret3
708 350 752 374 ne
787 340 896 383 forte,

116 389 148 426 si
170 393 272 431 ante,
297 388 405 424 alicui
424 387 630 429 nuntiaret,
652 386 827 422 audirent
843 397 899 422 sa-

115 436 302 478 cerdotes,
325 439 361 470 et
381 433 617 470 occasionem
641 434 822 469 habentes
847 434 898 469 le-

143 494 209 527 rae,
244 486 397 535 propter
435 481 562 516 odium
607 484 643 516 et
681 480 899 516 inimicitias

147 530 268 570 hristi,
291 528 520 574 expellerent
549 538 632 563 eum
671 528 717 563 de
742 528 896 574 populo,

115 577 223 661 guasi
242 576 446 621 leprosum,
461 585 533 610 non
554 575 780 620 recipientes
798 586 900 611 mau-
940 576 941 579 ’

142 627 244 661 atum
269 635 276 658 ;
297 637 313 654 »
337 623 415 658 haec
437 623 726 668 chrysos-tomus.

165 674 185 707 5
207 671 282 706 Cun
307 681 377 705 nun
407 681 450 705 An
481 681 703 705 sacttnpo'rsss
732 668 900 705 MtsEan‘?

119 739 166 745 —
186 719 231 754 Et
252 716 446 753 humiliter
473 716 574 752 misit
597 727 684 752 eum
712 717 758 752 ad
781 727 901 752 sacer-

116 765 240 809 dotes,
265 774 428 809 quorum
465 767 545 799 crat
582 764 725 808 lepram
757 763 898 799 discer-
940 782 941 791 π

117 823 223 856 nere,
247 810 512 858 praecepitsme,
525 821 610 846 secu
619 811 733 846 ndum
751 812 899 855 Legem,

117 869 257 896 munus
277 858 331 894 eis
352 858 502 894 offerre.
530 859 604 893 Hoc
629 862 755 893 autem
778 857 898 903 primo

118 905 206 943 ideo
229 905 328 949 serit,
347 905 435 950 quia
456 905 541 940 licet
561 910 660 941 esset
682 905 898 948 mundatus,

118 964 195 990 non
215 957 342 989 tamen
361 953 608 998 reputabatur
629 952 805 988 mundus.
832 962 900 987 nee
940 949 941 970 ³

119 1000 295 1042 debebat,
321 1000 528 1035 secundum
574 1001 721 1045 Legem,
753 997 899 1035 restitui

117 1048 167 1084 ad
194 1057 433 1083 communem
468 1046 739 1082 habitationem
777 1047 898 1081 homi-

117 1105 224 1138 num,
251 1093 320 1129 nisi
343 1092 448 1139 prius
476 1104 541 1139 per
569 1093 807 1128 sacerdotum
838 1094 900 1138 ju-

115 1141 259 1179 dicium
282 1141 483 1176 mundatus
511 1151 592 1175 esse
619 1140 898 1175 demonstrare-

116 1192 212 1234 tur;
244 1193 282 1224 et
322 1198 460 1223 munus
496 1186 669 1230 Domino,
709 1198 775 1233 pro
817 1187 899 1233 ejus

116 1234 363 1273 mundatione
373 1235 586 1270 offerretur.
607 1234 721 1277 Unde,
738 1233 835 1270 sicut
852 1234 899 1269 ad

119 1293 251 1320 eorum
294 1281 493 1318 arbitrium
534 1282 806 1327 separabatur,
848 1280 901 1316 ita

120 1341 199 1367 non
219 1329 300 1366 sine
322 1340 453 1365 eorum
484 1327 641 1364 arbitrio
675 1329 721 1364 ad
747 1339 900 1364 consor-

118 1377 215 1414 tium
251 1376 413 1412 aliorum
445 1376 726 1412 admittebatur.
765 1396 810 1401 —-
840 1376 902 1411 Se-

120 1424 258 1465 cundo,
294 1428 449 1469 propter
481 1422 749 1465 humilitatem,
773 1426 812 1458 ut
838 1433 898 1458 sa-

120 1471 328 1508 certotibus
365 1471 553 1513 deserens,
594 1481 668 1505 non
708 1469 902 1505 videretur

120 1529 253 1556 eorum
296 1517 455 1564 gloriam
493 1528 646 1562 rapere,
685 1518 741 1552 vel
786 1518 902 1552 hono-

119 1576 227 1609 rem;
264 1570 297 1601 et
329 1569 368 1600 ut
400 1565 615 1600 ostenderet
651 1564 902 1600 exhibendam

120 1612 381 1650 sacerdotibus
419 1611 685 1648 reverentiam.
727 1632 772 1637 -—
812 1613 901 1646 Ter-

121 1660 189 1704 tio,
205 1664 246 1696 ut
263 1660 362 1705 quod
384 1658 421 1694 in
440 1670 484 1695 eo
503 1658 681 1694 Pharisaei
711 1668 810 1704 saepe
830 1657 902 1693 cri-

121 1706 380 1750 minabantur,
399 1706 617 1742 ostenderet
643 1716 683 1741 se
706 1716 779 1741 non
798 1704 904 1750 Legis

120 1757 457 1799 transgressorem,
484 1763 550 1788 nec
576 1754 711 1798 Legem
743 1753 902 1796 solvere,

122 1802 190 1838 sed
228 1800 438 1846 adimplere
486 1799 655 1843 venisse;
695 1799 906 1835 secundum

119 1850 257 1895 Legem
277 1847 469 1894 gradiens,
490 1851 527 1883 et
549 1857 663 1893 supra
685 1848 820 1892 Legem
844 1857 906 1881 cu-

120 1907 226 1933 rans.
242 1916 287 1922 --
302 1896 455 1938 Quarto,
477 1899 515 1930 ut
533 1894 787 1939 intelligerent
802 1903 904 1937 eum,

120 1954 199 1980 non
234 1942 341 1987 Legis
382 1942 515 1977 ordine
552 1945 588 1976 et
616 1940 903 1983 consuetudine,

123 1990 191 2027 sed
220 1990 286 2026 Dei
314 1988 437 2034 gratia
471 1992 508 2023 et
534 1987 769 2033 operatione,
793 1998 906 2031 supra

122 2039 261 2084 Legem
283 2041 454 2072 curatum
491 2046 586 2074 esse.
618 2039 655 2070 et
681 2045 720 2070 se
751 2033 905 2080 majoris

122 2084 274 2121 virtutis
296 2094 378 2119 esse
399 2093 513 2128 quam
542 2083 677 2127 Legem
701 2082 756 2117 vel
779 2092 903 2117 sacer-

125 2132 263 2175 dotes,
303 2130 393 2176 quia
428 2130 572 2175 lepram
611 2130 903 2174 cognoscebant,

123 2189 242 2226 quem
271 2178 455 2214 mundare
484 2188 561 2212 non·
582 2180 766 2222 poterant.
798 2178 905 2219 Item,

123 2230 168 2263 ut
197 2226 436 2262 sacerdotum
458 2225 604 2260 animos
628 2224 675 2259 ad
704 2222 905 2258 credulita-

123 2277 201 2310 tem
222 2277 457 2319 provocaret,
486 2276 521 2307 et
553 2282 627 2307 non
662 2269 907 2306 credentibus

120 2330 275 2357 omnem
311 2318 595 2355 excusationem
634 2318 813 2360 auferret,
848 2317 908 2352 os-

123 2367 215 2403 serri
255 2377 391 2402 munus
414 2365 551 2409 voluit3
576 2365 613 2400 in
652 2363 908 2400 testimonium

122 2413 213 2457 illis,
236 2413 274 2449 id
302 2420 358 2449 est
395 2418 525 2449 contra
555 2412 653 2455 illos,
676 2411 705 2447 si
736 2411 813 2446 viso
840 2410 908 2446 mi-

124 2461 256 2498 raculo
294 2471 367 2496 uon
389 2461 601 2503 crederent,
624 2459 689 2494 sed
723 2469 788 2504 pro
821 2457 908 2502 illis,

123 2507 165 2544 in
188 2507 446 2544 testimonium
471 2506 618 2549 salutis,
641 2506 671 2541 si
692 2506 908 2549 crederent3

127 2558 169 2592 ut
189 2554 330 2591 scilicet
353 2554 522 2590 videntes
545 2555 735 2599 leprosum
758 2553 912 2588 munda·
950 2555 952 2560 '

128 2605 224 2644 tum.
241 2601 271 2637 si
288 2602 483 2637 crederent
506 2600 735 2643 mundatori,
754 2600 844 2635 salvi
867 2600 911 2635 Γι-

128 2654 250 2694 erent,
272 2653 309 2684 et
321 2648 372 2684 sir
387 2648 626 2684 credentibus
637 2651 735 2683 esset
749 2646 914 2683 testimo-

132 2696 239 2733 nium
258 2700 293 2732 et
314 2707 427 2732 causa
437 2695 568 2731 salutis
589 2706 720 2731 eorum
741 2706 749 2738 ;
773 2694 803 2730 si
825 2705 912 2731 vero

134 2754 211 2780 non
239 2744 449 2786 crederent,
483 2742 753 2778 inexcusabiles
773 2746 910 2786 essent,

135 2801 179 2828 eo
192 2791 293 2838 quod
312 2790 472 2827 viderint
485 2794 522 2826 et
534 2789 860 2835 noncrediderint,
875 2793 913 2826 et

982 246 1034 282 sic
1060 258 1132 282 non
1154 244 1392 281 credentibus
1421 243 1527 278 fieret
1550 241 1758 286 accusatio,

981 299 1017 329 et
1040 293 1295 329 testimonium
1325 290 1580 327 ‹laninatinnis
1610 299 1756 325 eorum.

984 342 1054 376 Per
1076 342 1144 375 nos:
1167 339 1281 375 etiam
1310 339 1407 384 qnod
1443 348 1527 373 cnm
1555 338 1601 372 ad
1631 346 1761 372 sacer-

980 388 1087 422 dotes
1126 386 1240 427 misit,
1271 388 1433 427 tigni-are
1459 389 1494 419 et
1528 385 1664 419 docere
1695 393 1759 419 vo-

980 433 1062 476 luit,
1083 434 1181 478 quod
1221 438 1408 478 peccator,
1439 431 1498 475 qui
1531 442 1596 476 per
1634 431 1758 476 lepro-

979 491 1064 516 sum
1103 479 1287 523 signatur,
1318 479 1401 513 livet
1435 479 1481 514 sit
1516 479 1758 513 mundatusa

980 527 1084 573 lepra
1111 526 1251 572 peccati
1289 537 1353 571 per
1392 525 1670 564 coriti-itionem.
1699 527 1760 560 ta-

979 585 1065 610 men
1089 574 1211 609 adlinc,
1236 577 1384 607 tenetur
1409 583 1448 607 se
1477 571 1661 607 sacerdoti
1696 581 1760 606 os-

979 621 1134 657 tendere
1180 630 1246 665 per
1298 619 1599 656 conl'essisniem.
1637 623 1673 653 et
1711 617 1759 653 ad

940 709 941 712 Ἰ
979 669 1060 713 ejus
1081 667 1278 703 consilium
1297 665 1423 700 subire
1443 665 1756 701 satisfactionem.

981 716 1083 752 Unde
1107 713 1286 751 Dominus
1325 711 1437 747 istum
1461 713 1648 757 leprosum
1675 716 1758 747 tan-

979 763 1101 809 gendo
1145 759 1354 802 mundavit,
1375 763 1411 794 et
1451 763 1593 804 postea,
1624 763 1662 793 ut
1698 768 1759 794 sa-

980 808 1123 845 cerdoti
1154 819 1194 844 se
1228 810 1520 852 repraesentaret
1551 810 1587 839 et
1611 804 1758 840 sacrifi-

979 856 1078 893 cium
1117 856 1291 897 offerret,
1316 852 1505 899 praecepit.
1534 854 1636 887 Tunc
1659 851 1760 887 enim

980 905 1152 950 leprosus
1171 913 1193 938 a
1216 903 1289 937 Deo
1308 900 1486 945 tangitur,
1507 899 1658 945 quando
1677 908 1761 944 pec-

980 956 1085 987 cator
1103 948 1387 995 compungitur3
1413 951 1500 982 tunc
1515 945 1702 982 sacerdoti
1717 955 1759 981 se

979 1000 1240 1044 repraesentat.
1265 995 1416 1040 quando
1456 998 1608 1039 peccata
1639 991 1761 1028 confi-

979 1045 1094 1081 tendo
1137 1043 1370 1084 manifestam
1412 1048 1497 1076 tunc
1535 1039 1763 1076 sacrificium

980 1093 1110 1134 offert,
1140 1090 1288 1136 quando
1323 1087 1620 1124 satisfactionem
1657 1095 1763 1122 com·

979 1140 1068 1186 plet.
1099 1138 1208 1183 l‘iger
1238 1136 1375 1182 quippe
1400 1139 1603 1180 exspectat.
1641 1134 1762 1169 donec

980 1186 1158 1222 sacerdos
1187 1194 1274 1220 eum
1309 1188 1476 1228 ‹iu-feram
1499 1182 1564 1217 sed
1591 1185 1643 1221 tu,
1670 1190 1763 1226 prae-

982 1233 1063 1269 veni
1101 1232 1352 1274 sacerdotem,
1375 1234 1411 1265 et
1453 1230 1595 1274 lepram
1626 1227 1763 1264 animae

979 1280 1138 1317 ostende
1157 1290 1223 1325 per
1254 1278 1330 1313 oris
1364 1276 1655 1315 c·›uses÷ionem,
1677 1284 1762 1320 quae

980 1327 1166 1363 consessio
1194 1329 1355 1371 quatuor
1385 1323 1622 1359 conditiones
1651 1322 1764 1358 debet

980 1376 1135 1411 habere.
1168 1394 1195 1397 ῃ
1215 1372 1339 1407 Prima
1353 1376 1409 1406 est
1442 1370 1656 1416 quiadebet
1677 1379 1761 1405 esse

980 1420 1217 1463 voluntaria;
1243 1420 1341 1454 unde
1380 1418 1502 1453 dicit:
1538 1418 1652 1460 the,
1687 1425 1764 1452 non

980 1470 1124 1509 (luctus,
1151 1478 1216 1503 nee
1244 1471 1398 1503 tractus.
1415 1476 1481 1500 nec,
1505 1468 1670 1507 coatus,
1692 1462 1764 1498 sic-

981 1521 1022 1553 ut
1050 1515 1112 1561 qui
1138 1513 1336 1550 tormentis
1368 1512 1531 1548 al'tlictus
1552 1512 1605 1546 vel
1630 1510 1766 1546 timore

981 1562 1114 1599 mortis
1137 1562 1173 1598 iu
1195 1560 1336 1597 ultimis
1367 1563 1568 1595 confltetur
1594 1560 1760 1603 peecata.

982 1631 1025 1636 --
1046 1609 1218 1646 Secunda
1240 1612 1309 1651 est,
1336 1606 1425 1652 quia
1445 1606 1631 1642 consessio
1653 1605 1766 1640 debet

981 1668 1064 1694 esse
1103 1657 1205 1692 nuda
1244 1660 1281 1690 et
1316 1658 1466 1698 ἆραι-[ω
1505 1654 1602 1689 unde
1638 1651 1761 1687 dicit:

982 1705 1154 1746 ostende,
1195 1702 1284 1748 quid
1323 1701 1466 1736 scilicet
1499 1700 1635 1746 egisti,
1675 1697 1766 1744 quid

982 1750 1170 1797 cogitasti,
1192 1749 1279 1795 quid
1301 1749 1446 1783 locutus
1467 1758 1525 1790 es;
1551 1758 1625 1782 non
1650 1745 1763 1781 dicit:

982 1798 1185 1840 absconde,
1212 1796 1352 1832 scilicet
1371 1794 1677 1831 excusationibus
1701 1794 1766 1829 aut

984 1847 1184 1882 verborum
1222 1842 1521 1889 palliationibus.
1563 1841 1618 1876 vel
1661 1850 1765 1876 men-

984 1893 1125 1936 tiendo,
1162 1895 1228 1927 aut
1266 1891 1380 1925 etiam
1417 1888 1668 1929 mussitando,
1707 1885 1766 1922 vel

986 1951 1061 1976 non
1081 1939 1188 1984 plene
1211 1938 1338 1973 omnia
1355 1941 1507 1982 peccata
1528 1946 1612 1972 cum
1628 1932 1766 1970 debitis

984 1984 1278 2023 circumstantiis
1318 1983 1525 2019 recitandO.
1579 2003 1600 2008 -
1637 1979 1766 2017 Tertia

986 2037 1056 2076 est,
1079 2032 1168 2079 quia
1192 2030 1378 2067 consessio
1407 2031 1518 2066 debet
1540 2040 1623 2065 esse
1648 2037 1763 2073 pura;

950 2119 951 2127 ἵ
987 2081 1087 2117 unde
1119 2079 1210 2114 dicit
1232 2090 1239 2113 ι
1262 2083 1307 2120 te,
1347 2077 1489 2113 scilicet
1525 2076 1699 2118 ostende,
1727 2077 1766 2111 et

988 2138 1063 2164 non
1087 2126 1194 2163 alios.
1216 2127 1354 2162 Contra
1386 2124 1485 2169 qnod
1508 2122 1624 2168 aliqui
1646 2121 1767 2168 dupli-

987 2175 1082 2211 citer
1115 2173 1268 2216 l'aciunt,
1300 2172 1354 2207 vel
1379 2171 1541 2207 aliorum
1581 2171 1678 2205 t'acta
1704 2179 1765 2205 re-

987 2221 1154 2264 citando,
1176 2220 1230 2255 vel
1265 2230 1328 2255 eos
1360 2229 1443 2254 cum
1479 2219 1614 2263 quibus
1639 2227 1769 2263 pecca-

987 2272 1124 2305 verunt
1166 2266 1380 2303 revelando.
1422 2286 1467 2291 —
1502 2266 1642 2308 Quarta
1682 2267 1766 2309 est,

989 2316 1077 2362 quia
1097 2313 1284 2351 consessio
1307 2314 1418 2349 debet
1439 2323 1521 2348 esse
1547 2311 1765 2355 ordinaria;

990 2363 1089 2399 unde
1111 2361 1228 2398 dicit:
1253 2362 1448 2403 sacci-«locri,
1473 2360 1558 2405 qnia
1585 2370 1660 2394 non
1691 2357 1768 2394 cui-

989 2421 1063 2457 que
1102 2409 1273 2445 l'acienda
1312 2413 1380 2451 est,
1409 2407 1473 2443 sed
1494 2406 1767 2451 sacerdotibus,

989 2457 1053 2504 qui
1076 2458 1216 2493 habent
1254 2456 1397 2491 clavem
1435 2453 1603 2489 scienti-te
1631 2457 1668 2488 et
1696 2463 1768 2488 au-

989 2504 1188 2541 ctoritatis.

1036 2551 1056 2584 6
1081 2554 1263 2587 Larnosus
1290 2560 1412 2585 Tx’rice
1432 2559 1549 2583 roi-uu
1571 2558 1685 2582 cenes
1707 2556 1770 2582 rm-

990 2611 1111 2636 mxun
1134 2608 1343 2634 siexnricxr.
1373 2595 1574 2640 ——Typire
1599 2596 1769 2640 irps-osus

990 2647 1181 2693 significat
1235 2655 1354 2689 genus
1399 2645 1626 2681 numanum,
1665 2641 1768 2687 lepra

991 2693 1168 2741 originali
1193 2692 1330 2727 infectu
1349 2704 1367 2725 n
1397 2695 1432 2725 et
1464 2700 1530 2736 per
1551 2691 1619 2724 hoc
1639 2687 1686 2723 :id
1707 2697 1771 2724 va·

991 2742 1048 2778 ria
1086 2745 1239 2788 peccata
1290 2748 1461 2784 pronum.
1509 2738 1579 2771 Per
1626 2735 1770 2781 lepram

991 2788 1108 2834 euim,
1130 2798 1213 2835 quae
1252 2788 1405 2822 morbus
1434 2782 1676 2829 contagiosus
1696 2786 1769 2829 est,
