1902 3126
132 143 194 177 220
627 142 772 176 PRIMAE
809 143 966 178 PARTIS
1002 143 1140 178 CAPUT
1176 143 1272 176 XXV

131 213 237 254 lium,
260 221 371 257 quem
385 211 433 247 ad
453 211 523 247 hoc
543 215 734 258 potentem
755 213 906 250 sciebat.

134 260 252 295 Plena
289 258 425 304 quippe
465 259 607 304 Spiritu
643 260 792 305 Sancto,
828 262 909 307 Jam

132 309 222 342 tunc
259 305 352 340 illud
391 304 613 342 miraculum
648 307 877 353 praevidebat
899 336 908 352 ,

134 352 235 399 quod
266 351 378 388 Filius
403 353 483 397 ejus
506 353 670 390 facturus
690 358 782 390 erat.
805 355 910 398 Quod

136 409 226 445 ergo
248 399 371 435 facere
392 399 593 444 cogitabat,
623 401 694 437 hoc
713 401 777 437 illa
797 406 835 438 ut
856 403 909 437 t'a-

134 449 249 490 ceret,
264 447 505 490 admonebat,
516 448 720 484 secundum
737 451 911 493 Hierony-

133 503 244 530 mum.
269 494 482 539 Congruum
509 497 578 538 est,
600 495 699 540 quod
726 495 787 531 ubi
813 497 910 531 Deus

131 540 326 583 invitatur,
348 540 566 585 temporalis
586 541 714 577 vinum
734 541 910 588 Jucundi-

132 586 221 623 tatis
247 587 409 623 deficere
430 587 587 631 debeat;
605 589 677 624 hoc
700 588 799 625 enim
824 588 910 623 vino

135 634 261 671 Sancti
282 645 356 670 non
378 634 624 679 delectantur,
644 635 731 681 quia
749 635 912 671 inebriat

133 681 181 718 ad
198 680 259 716 Dei
273 681 513 724 oblivionem,
527 685 563 717 et
581 682 749 718 incendit
762 682 809 717 ad
825 692 912 717 con-

132 727 423 773 cupiscentiam;
453 739 520 764 nec
545 728 700 764 dubium
737 732 794 764 est
820 729 910 774 quin

133 773 303 811 Christus
332 775 380 810 ad
406 775 635 811 delectantes
658 776 698 810 in
728 775 815 810 vino
850 775 910 820 ju-

133 821 335 857 cunditatis
375 832 581 866 numquam
628 821 823 857 introisset
843 833 852 864 3
876 824 913 856 et

133 867 220 904 ideo
239 879 445 913 congruum
468 872 522 903 est
544 871 584 903 ut
604 867 641 903 in
660 868 800 913 nuptiis
822 869 912 903 San-

135 918 279 951 ctorum
296 915 458 950 deficiat.
473 914 718 960 Respondeas
735 917 838 949 Jesus
857 915 913 948 cli-

135 963 185 997 cit
207 964 239 996 ei
265 974 274 995 :
297 962 392 1004 Quid
414 962 506 995 mihi
524 965 557 995 et
578 961 646 995 tibi
666 964 731 1003 est,
752 961 913 996 mulier?

137 1008 232 1051 Quid
252 1018 309 1042 me
333 1007 532 1042 molestas?
551 1007 761 1043 Secundum
781 1009 912 1052 Anqu-

133 1057 284 1093 stz'num,
313 1053 429 1089 Maria
452 1053 588 1089 mulier
614 1054 713 1090 dicta
739 1058 809 1098 est,
837 1066 913 1090 non

135 1104 311 1145 corrupta
332 1100 560 1146 virginitate,
578 1102 643 1137 sed
660 1101 912 1148 appellatione

132 1147 255 1193 gentis
292 1157 383 1183 suae.
428 1147 602 1183 Mulieres
644 1148 743 1184 enim
783 1159 913 1184 omnes

133 1193 293 1229 feminas
307 1193 360 1229 illi
373 1194 670 1240 appellaverunt,
682 1195 911 1241 proprietate

134 1240 276 1286 linguae
299 1242 488 1285 Hebraeae3
510 1242 607 1278 unde
626 1245 662 1277 et
679 1243 724 1278 de
742 1244 818 1278 Eva
835 1242 910 1277 vir-

135 1287 235 1334 gine,
249 1298 331 1322 cum
345 1288 514 1323 adhucin
536 1289 710 1334 paradiso
726 1293 838 1332 esset,
861 1289 913 1324 di-

136 1333 234 1370 citur
259 1335 295 1369 in
313 1335 467 1370 Genesi:
496 1337 630 1370 Mulier
649 1347 759 1381 quam
777 1337 914 1371 dedisti

132 1383 226 1417 mihi
239 1384 386 1422 sociam,
398 1384 468 1417 etc.
487 1383 697 1418 Secundum
707 1383 910 1427 Oriqenem,

135 1438 299 1474 congrue
321 1431 429 1464 vocat
446 1428 601 1464 Mariam
618 1429 828 1474 mulierem,
844 1440 911 1476 pro

136 1485 224 1511 sexu
248 1479 284 1510 et
303 1475 533 1521 proprietate
557 1476 693 1521 cordis,
713 1487 780 1523 per
800 1477 911 1512 mise-

135 1522 337 1557 ricordiam
364 1522 517 1558 emolliti
541 1535 548 1559 ;
573 1523 750 1568 quoniam
766 1523 913 1559 miseri-

136 1568 263 1604 cordia
289 1569 456 1605 emollita
478 1569 606 1605 mollia
629 1570 745 1605 sensit
769 1571 814 1605 de
841 1581 912 1606 nu-

135 1615 224 1662 ptiis
245 1615 536 1659 celebrantibus,
554 1616 615 1662 qui
633 1627 674 1652 ex
691 1620 912 1663 paupertate

134 1661 227 1705 vini,
243 1662 281 1696 in
302 1662 470 1708 proximo
491 1663 782 1708 manifestanda,
804 1674 910 1699 vere-

135 1708 288 1744 cundati
316 1709 487 1745 fuissent.

183 1759 203 1791 5
224 1756 398 1798 Quouono
424 1768 679 1795 iurssnrRETAm
699 1770 835 1794 DEBEAT
854 1770 914 1794 RE-

134 1813 282 1838 srolvsm
301 1804 443 1839 Cnmsn
457 1804 474 1839 ·?
492 1824 536 1830 —
557 1807 601 1840 Et
621 1805 765 1841 addidit
786 1817 794 1840 ε
816 1807 913 1843 Νοη-

135 1849 221 1885 dum
239 1852 336 1885 venit
356 1852 444 1885 hora
476 1862 567 1892 mea,
588 1852 626 1887 id
651 1856 720 1896 est,
743 1852 910 1888 nondum

133 1896 209 1931 vini
231 1897 417 1932 desectum
446 1898 627 1943 sentiunt,
655 1899 717 1944 qui
739 1899 878 1935 adsunt
900 1911 909 1934 ε

132 1942 215 1979 sine
245 1954 335 1988 ergo
366 1955 430 1979 eos
465 1944 627 1990 primum
653 1947 725 1982 hoc
755 1946 910 1990 sentire,

132 1989 220 2036 quia
252 2001 336 2026 cum
357 1992 621 2028 necessitatem
649 1993 910 2039 cognoverint,

131 2037 253 2082 magis
292 2039 521 2083 reputabunt
559 2040 783 2076 beneficium
811 2040 912 2086 quod

132 2084 330 2130 recipient.
367 2086 474 2129 Nam,
515 2087 724 2123 secundum
761 2089 915 2132 Chryso-

128 2134 297 2172 stomum,
311 2132 421 2168 beata
434 2133 560 2179 Virgo,
578 2144 619 2169 ex
637 2134 775 2180 pietate
794 2138 910 2178 mota,

131 2177 251 2213 voluit
274 2188 535 2225 praeoccupare
562 2184 709 2227 tempus
744 2181 911 2218 debitum

133 2223 294 2260 faciendi
332 2225 568 2262 miraculum.
606 2229 651 2263 Et
686 2228 773 2274 quia
809 2228 911 2264 istud

131 2270 356 2307 miraculum
371 2272 470 2309 inter
482 2274 663 2310 miracula
675 2275 811 2311 Christi
830 2279 911 2312 erat

131 2317 310 2364 primum,
336 2322 372 2354 et
388 2320 434 2354 ad
456 2321 782 2357 confirmationem
804 2322 912 2358 disci·
934 2318 939 2321 ’

131 2365 327 2411 pulorum3
348 2366 432 2402 ideo
447 2367 576 2403 debuit
595 2378 676 2404 esse
692 2373 822 2405 notum
844 2369 911 2406 ibi-

131 2411 219 2448 dem
257 2412 515 2457 existentibus,
555 2418 591 2449 et
633 2419 781 2461 gratum
818 2416 910 2462 ipsis

131 2460 428 2496 convivantibus.
447 2462 524 2496 Hoc
542 2464 667 2497 autem
689 2463 808 2508 magis
827 2464 907 2508 t'uit,

131 2516 175 2543 ex
197 2517 242 2542 eo
281 2507 381 2552 quod
419 2509 556 2543 sactum
592 2512 661 2552 est,
689 2513 773 2554 post
797 2511 910 2546 talem

130 2551 207 2588 vini
229 2553 431 2598 defectum,
459 2565 570 2601 quam
598 2555 627 2591 si
660 2559 747 2591 ante
779 2556 911 2592 fuisset

129 2598 284 2636 factum.
308 2602 350 2636 Et
368 2602 468 2647 quia,
484 2605 525 2638 ut
546 2601 685 2638 dictum
700 2606 770 2646 est,
793 2605 910 2639 Mater

129 2647 219 2684 Jesu
244 2648 361 2683 voluit
386 2648 594 2695 praevenire
626 2649 780 2685 totalem
806 2650 909 2686 dese-

131 2696 248 2738 ctum,
267 2699 304 2730 et
324 2696 423 2741 quod
440 2696 580 2742 statim,
593 2700 796 2743 antequam
811 2700 910 2733 esset

132 2746 401 2789 opportunum,
428 2744 595 2781 Christus
622 2743 762 2781 faceret
795 2744 909 2780 mira-

986 214 1109 251 culum
1127 225 1135 257 ;
1164 212 1248 249 ideo
1286 211 1466 257 Christus,
1507 214 1624 250 Matre
1662 215 1764 252 haud

986 261 1140 298 dubium
1178 259 1403 306 sapientior,
1445 270 1528 296 eam
1568 262 1761 308 repressit,

987 308 1114 344 dicens
1136 321 1146 343 .-
1169 307 1265 351 Quid
1295 307 1385 343 mihi
1420 311 1456 343 et
1480 307 1546 344 tibi
1576 312 1647 353 est,
1674 319 1757 345 mu-

987 355 1086 391 lier?
1125 354 1235 398 Quasi
1273 353 1307 390 ei
1341 353 1439 390 dicat
1459 365 1468 389 ε
1492 354 1593 390 Scire
1613 358 1765 402 tempus

986 406 1113 448 aptum
1131 402 1178 437 ad
1198 400 1411 437 faciendum
1428 401 1649 437 miraculum
1670 402 1761 439 fien-

987 449 1075 484 dum
1096 459 1170 483 non
1193 451 1250 484 est
1284 448 1373 483 mihi
1396 453 1433 483 et
1461 448 1526 484 tibi
1549 458 1763 492 commune,

987 496 1051 531 sed
1072 494 1176 529 mihil
1193 494 1260 530 soli
1282 494 1468 530 convenit.
1483 496 1642 541 Propter
1662 495 1764 542 quod

988 541 1159 577 subditur
1192 552 1200 575 :
1232 541 1402 576 Nondum
1426 541 1526 577 venit
1547 543 1640 578 hora
1663 552 1760 586 mea,

986 588 1023 623 id
1045 590 1101 623 est
1120 588 1213 622 hora
1232 587 1458 622 conveniens
1476 588 1636 624 faciendi
1651 589 1763 626 mira-

987 635 1128 677 culum,
1162 644 1184 669 a
1210 644 1268 669 me
1297 633 1375 668 solo
1403 634 1564 678 cognita.
1595 636 1681 679 Sed,
1710 646 1767 672 se-

988 681 1150 717 cundum
1170 680 1433 724 Auqustinum,
1447 680 1571 716 facere
1586 682 1767 719 miracula

988 727 1223 773 competebat
1252 726 1415 767 Christo,
1444 728 1649 763 secundum
1671 728 1765 764 divi-

988 785 1076 810 nam
1096 778 1284 818 naturam,
1301 784 1413 819 quam
1426 784 1448 809 a
1468 775 1585 810 Matre
1608 786 1683 811 non
1702 776 1767 812 ha-

988 821 1094 865 buit;
1119 824 1156 857 et
1176 821 1260 856 ideo
1281 820 1459 866 praedicto
1481 821 1592 857 modo
1611 832 1765 869 respon-

989 868 1111 904 dendo
1140 867 1262 912 Matri,
1285 867 1484 904 ostendere
1517 868 1632 904 voluit
1663 869 1766 915 quod

988 915 1026 950 in
1056 915 1127 950 hoc
1165 925 1242 950 non
1282 916 1482 950 tenebatur
1519 915 1552 951 ei
1587 916 1763 960 obedire;

989 961 1077 1007 quia
1097 961 1135 997 in
1157 965 1293 997 natura
1313 961 1440 997 divina
1466 961 1559 997 nihil
1592 962 1723 998 habuit
1742 973 1766 999 a

989 1011 1121 1052 Matre,
1144 1019 1227 1052 nec,
1248 1019 1316 1054 per
1346 1019 1592 1053 consequens,
1614 1020 1699 1045 cum
1720 1019 1765 1046 ea

989 1055 1130 1101 aliquid
1158 1066 1370 1091 commune.
1401 1056 1488 1091 Ideo
1513 1056 1603 1091 dicit
1631 1068 1639 1091 :
1668 1055 1765 1099 Quid

990 1102 1079 1138 mihi
1103 1106 1139 1138 et
1158 1102 1224 1139 tibi
1247 1106 1316 1147 est,
1338 1102 1497 1138 mulier?
1511 1102 1621 1146 Quasi
1637 1102 1735 1139 dicat
1753 1113 1763 1140 t

990 1150 1053 1185 Vis
1075 1149 1156 1185 fieri
1171 1149 1391 1185 miraculum
1404 1161 1412 1193 3
1426 1149 1492 1185 sed
1504 1150 1550 1186 ad
1563 1151 1634 1185 hoc
1649 1160 1766 1195 agen-

990 1196 1092 1240 dum,
1119 1196 1209 1242 quid
1243 1207 1441 1232 commune
1468 1197 1588 1232 habeo
1615 1197 1766 1233 tecum?

990 1242 1100 1286 Quasi
1122 1243 1236 1279 etiam
1268 1243 1366 1278 dicat
1386 1254 1394 1277 :
1427 1244 1478 1278 Ex
1505 1247 1643 1279 natura
1663 1253 1765 1279 com-

989 1289 1093 1325 muni
1114 1293 1237 1326 tecum
1258 1289 1329 1325 hoc
1359 1300 1435 1325 non
1457 1300 1543 1335 ago,
1565 1291 1631 1326 sed
1656 1301 1701 1326 ex
1720 1301 1764 1326 eo

990 1337 1088 1382 quod
1109 1337 1228 1372 habeo
1260 1346 1283 1371 a
1312 1337 1447 1379 Patre;
1482 1337 1570 1382 quia
1590 1336 1765 1374 virtutem

990 1383 1149 1419 faciendi
1168 1383 1350 1419 miracula
1370 1394 1392 1419 a
1414 1384 1524 1419 Patre
1538 1385 1675 1429 habeo,
1689 1395 1766 1421 non

989 1442 1011 1467 a
1030 1434 1080 1466 te.
1105 1431 1176 1466 Sed
1207 1429 1295 1476 quia
1322 1430 1611 1473 humanitatem,
1633 1431 1672 1467 in
1693 1442 1767 1477 qua

989 1488 1119 1523 passus
1141 1480 1210 1521 est,
1229 1476 1341 1513 traxit
1360 1488 1382 1513 a
1403 1479 1534 1522 Matre,
1556 1478 1640 1515 ideo
1662 1478 1765 1515 addi-

989 1525 1043 1560 dit
1066 1536 1074 1559 :
1098 1524 1269 1560 Nondum
1295 1524 1396 1560 venit
1423 1525 1518 1561 hora
1546 1536 1643 1570 mea,
1666 1536 1688 1562 a
1708 1535 1768 1562 me

989 1571 1191 1617 disposita,
1232 1573 1326 1607 hora
1362 1571 1505 1607 scilicet
1546 1572 1766 1616 voluntatis,

990 1629 1066 1654 non
1098 1617 1356 1662 necessitatis3
1381 1617 1419 1653 id
1439 1622 1509 1661 est,
1533 1622 1679 1664 tempus
1698 1629 1764 1666 pa-

987 1665 1106 1700 tiendi
1129 1676 1171 1700 ex
1192 1663 1379 1700 communi
1411 1665 1503 1700 mihi
1529 1669 1566 1701 et
1592 1665 1674 1710 tibi,
1696 1665 1766 1702 sci-

988 1712 1074 1747 licet
1093 1711 1131 1746 in
1153 1715 1290 1747 natura
1310 1722 1423 1757 quam
1443 1722 1466 1747 a
1486 1715 1522 1748 te
1542 1713 1663 1749 habeo
1693 1724 1702 1748 ι
1728 1715 1766 1748 et

988 1763 1077 1795 tunc
1098 1762 1134 1794 te
1156 1769 1437 1804 recognoscam,
1460 1760 1496 1794 et
1532 1759 1596 1795 tibi
1633 1759 1766 1796 conde-

989 1805 1178 1841 scendam.
1208 1805 1326 1850 Unde,
1349 1816 1432 1841 cum
1454 1805 1618 1842 venisset
1653 1807 1761 1850 hora,

990 1863 1063 1899 qua
1097 1856 1139 1888 ut
1166 1854 1278 1888 homo
1311 1857 1534 1896 moreretur,
1562 1854 1608 1889 de
1641 1864 1764 1898 cruce,

989 1899 1178 1945 cognitam
1199 1901 1356 1935 Matrem
1373 1900 1693 1936 recommendavit
1710 1900 1766 1936 di-

989 1947 1145 1992 scipulo,
1169 1957 1279 1992 quem
1305 1957 1383 1992 prae
1410 1946 1544 1983 ceteris
1570 1947 1764 1993 diligebat.

990 1994 1126 2029 Primae
1159 1996 1286 2029 tamen
1322 1993 1533 2038 sententiae,
1561 1995 1768 2031 secundum

991 2043 1295 2085 Chrysostomum,
1312 2040 1431 2086 magis
1444 2045 1627 2077 consonat
1640 2042 1767 2078 littera

989 2098 1149 2134 sequens
1166 2099 1174 2131 ;
1198 2087 1286 2134 quia
1303 2090 1420 2123 Mater
1438 2089 1525 2124 Jesu
1547 2099 1589 2124 ex
1610 2089 1691 2135 ejus
1706 2099 1766 2126 re-

989 2134 1191 2181 sponsione
1230 2146 1305 2171 non
1344 2134 1509 2170 ostendit
1546 2135 1766 2181 petitionem

989 2193 1095 2218 suam
1115 2182 1318 2229 repulsam,
1340 2182 1406 2218 sed
1427 2181 1694 2220 convenienter
1712 2182 1764 2219 di-

988 2230 1116 2266 latam.

1035 2281 1056 2320 4
1081 2277 1323 2314 Corinnam-Ia
1342 2278 1485 2313 Minue.
1501 2296 1546 2302 —
1576 2275 1695 2320 Unde,
1719 2274 1766 2312 de

989 2323 1136 2360 Domini
1169 2323 1416 2370 responsione
1456 2334 1533 2360 non
1571 2322 1762 2367 diffidens,

988 2371 1054 2407 sed
1085 2371 1131 2407 de
1168 2382 1237 2407 sua
1262 2370 1495 2417 benignitate
1515 2380 1763 2416 praesumens,

987 2417 1098 2454 rediit
1118 2419 1165 2455 ad
1187 2418 1380 2455 ministros
1402 2417 1463 2464 qui
1487 2417 1703 2453 serviebant
1722 2416 1763 2452 in

988 2464 1126 2511 nuptiis
1162 2465 1250 2510 illis,
1285 2469 1322 2502 et
1356 2464 1582 2502 fiducialiter
1610 2464 1762 2500 mittens

985 2511 1071 2548 illos
1087 2512 1135 2548 ad
1155 2513 1287 2549 Filium
1305 2523 1429 2557 suum,
1446 2513 1537 2548 dicit
1559 2511 1627 2554 eis,
1660 2512 1764 2547 mim·-

985 2561 1074 2594 stris
1091 2559 1233 2596 scilicet
1248 2572 1256 2596 z
1278 2560 1532 2605 Quodcumque
1545 2559 1685 2594 diaeerit
1702 2568 1763 2594 υο-

988 2607 1056 2647 bis,
1087 2608 1213 2650 facite.
1243 2610 1477 2653 exspectans,
1501 2607 1595 2642 hora
1628 2615 1763 2658 conve-

987 2652 1104 2688 nienti
1128 2665 1149 2690 a
1180 2653 1270 2690 Filio
1291 2664 1360 2690 suo
1393 2652 1554 2699 cognita,
1582 2652 1766 2704 impletlo-

989 2710 1074 2735 nem
1095 2700 1288 2747 petitionis
1299 2711 1399 2745 suae3
1420 2700 1527 2747 quasi
1548 2698 1649 2735 dicat
1670 2710 1678 2735 ε
1702 2699 1761 2735 L1-

988 2749 1045 2782 cet
1064 2748 1255 2794 abnegare
1278 2748 1462 2792 videatur,
1483 2750 1610 2784 tamen
1634 2745 1759 2783 faciet.
