1876 3126
495 141 713 176 SERMONIS
754 143 794 176 IN
833 143 978 177 MONTE
1016 144 1333 181 CONTINUATIO.
1686 151 1746 185 315

103 220 218 256 neque
252 215 470 255 conqreqanc
498 213 535 246 in
569 212 716 251 horrea,
741 210 882 247 scilicet

102 257 151 293 ad
191 258 513 302 conservandum
551 261 584 293 et
620 260 729 293 Pater
764 262 882 293 vester

101 305 253 340 coelestis
272 307 391 349 pascit
412 306 493 345 illa,
516 307 672 350 proptor
692 304 876 346 homines,

100 351 184 388 sine
210 351 461 387 sollicitudine
484 361 614 386 eorum
635 362 795 396 magna3
820 363 878 387 er-

98 408 146 444 go
176 398 293 434 multo
317 397 436 444 magis
460 397 579 443 pascit
603 398 790 443 homineS,
815 398 878 444 qui

97 448 184 481 sunt
205 444 275 481 sibi
297 444 502 488 chariores,
524 443 604 480 sine
628 445 877 482 sollicitudine

99 502 230 528 eorum
263 492 467 537 superflua.
493 493 620 529 Nonne
655 504 715 528 vos
759 495 878 537 mavis

95 539 218 584 plu-ris
243 541 330 573 estis
363 538 470 574 illis?
505 539 743 576 Rationabile
775 541 877 577 enim

95 584 252 628 animal,
275 584 370 621 sicut
400 589 455 621 t-st
487 586 613 631 honio,
637 587 791 633 majoris
822 591 878 623 est

93 632 273 684 ponderis
303 635 340 668 et
369 632 478 678 pretii
509 644 635 669 coram
661 636 736 671 Deo
764 646 876 681 quam

92 678 384 723 1rrati0nabilia‚
413 679 507 716 sicut
541 685 626 716 sunt
660 693 762 726 aves,
791 682 877 727 quia

93 725 273 762 animalia
289 726 386 762 sacta
404 730 489 763 sunt
505 732 658 773 propter
669 729 874 773 hominem,

92 772 182 810 finis
201 777 327 810 autem
349 777 405 810 est
426 774 588 810 nobilior
609 775 668 811 his
683 787 766 822 quie
789 781 875 812 sunt

93 820 142 856 ad
161 820 292 856 finem.
313 821 417 857 Sicut
433 832 523 867 orgo
540 823 636 858 Deus
654 824 773 869 pascit
788 835 876 860 axes

92 877 177 904 cum
220 867 473 904 sollicitudine
517 871 755 906 convenienti
800 883 875 907 snit*

91 917 258 960 naturae,
282 915 335 951 sic
361 915 479 961 pascit
506 916 676 953 hominos
697 929 780 954 cuin
802 918 875 953 sol-

92 961 286 998 licitudine
307 962 541 998 conxenienti
561 974 692 1000 eorum
714 970 874 1005 naturw,

92 1019 178 1055 quae
208 1014 266 1045 est
293 1010 499 1045 secundum
526 1012 694 1056 regulam
718 1012 875 1048 rationis

91 1059 218 1101 rectae,
260 1056 291 1092 si
333 1060 459 1092 tamen
500 1067 544 1092 ea
586 1069 668 1103 quze
706 1059 875 1105 praeripit

91 1103 271 1139 studeant
302 1103 472 1149 implere.
496 1103 589 1147 Quia
619 1106 714 1141 sicut
741 1110 875 1142 natura

89 1149 216 1186 avium
239 1154 296 1186 est
319 1151 499 1197 praedicto
527 1152 639 1188 1110th
662 1153 798 1196 vivere,
823 1154 874 1189 sic

87 1199 226 1234 natura
251 1198 417 1234 hominis
442 1201 498 1233 est
523 1198 645 1236 vivere
669 1201 873 1237 secundum

88 1243 281 1281 dictamen
308 1244 464 1281 rationis
486 1249 610 1290 rectae,
629 1247 675 1282 ad
697 1248 796 1293 quod
816 1259 872 1283 se-

90 1293 219 1338 quitur
242 1291 366 1339 ipsum
387 1293 525 1328 dobere
553 1294 746 1330 sollicitari
769 1295 872 1331 solli-

92 1339 260 1375 citudine
282 1340 478 1375 moderata
499 1340 545 1375 ad
563 1343 809 1386 quaerendum
830 1354 873 1378 ea

88 1396 174 1432 quae
196 1397 273 1422 non
292 1387 395 1423 dedit
413 1387 481 1423 sibi
517 1392 667 1431 natura,
691 1393 727 1424 ut
748 1389 871 1425 cilium

91 1438 129 1470 et
162 1434 429 1470 vestimentum
471 1436 740 1471 net-essarium.
768 1437 871 1472 Unde

87 1491 166 1517 non
189 1481 279 1517 dicit
314 1482 359 1517 de
398 1481 543 1526 axibus,
566 1494 643 1518 nou
668 1484 795 1519 volant
824 1484 870 1519 ad

87 1539 210 1574 grana
230 1532 266 1564 et
296 1529 343 1564 ad
365 1540 516 1575 pascua,
539 1530 627 1575 quia
650 1542 724 1566 non
746 1531 872 1576 prohi-

85 1575 149 1612 bet
194 1575 363 1612 laborem
403 1581 439 1612 et
477 1577 764 1623 providentiam,
805 1578 870 1613 sed

86 1622 381 1659 sollicitudinem
394 1627 431 1659 et
448 1624 660 1660 avaritiam.
677 1624 742 1660 Ubi
759 1626 869 1669 Chry-

84 1674 262 1706 sostomus
297 1683 308 1705 .·
348 1685 365 1703 «
404 1671 538 1706 Omnia
577 1672 743 1707 volatilia
783 1672 867 1707 tecit

85 1718 184 1754 Deus
225 1721 379 1764 propter
418 1718 634 1761 hominem,
673 1718 867 1755 hominem

84 1769 212 1801 autem
236 1768 391 1811 propter
412 1765 590 1811 seipsum.
615 1766 651 1802 Si
673 1777 761 1812 ergo
784 1767 866 1802 ani—

85 1811 248 1848 malibus
268 1811 457 1848 ministrat
480 1816 634 1859 propter
655 1813 864 1858 hominem,

84 1860 274 1905 quomodo
300 1870 374 1895 non
397 1859 540 1896 homini
562 1860 753 1897 ministrat
778 1872 864 1908 pro-

85 1909 172 1952 pter
191 1906 384 1952 seipsum?
406 1920 424 1937 »

133 1969 154 2001 9
170 1954 307 1989 Dmxni:
326 1964 554 1989 somnemcoo
574 1966 782 1990 vnsrimzxn
807 1967 864 1991 [ni

85 2012 255 2037 mmonuu
277 2012 490 2038 snnLiTuno.
506 2021 552 2028 -
572 2001 710 2037 Deinde
731 2003 866 2048 probat

84 2048 131 2084 de
151 2048 375 2084 vestimento
397 2060 404 2083 z
425 2050 471 2084 Et
487 2049 530 2083 de
547 2051 758 2084 vestimento
774 2050 865 2093 quid

84 2097 238 2132 solliciti
256 2096 348 2131 esti?
370 2097 413 2131 Et
434 2095 537 2141 ponit
575 2096 709 2142 duplex
738 2107 863 2132 exem-

82 2143 200 2196 plum.
224 2143 392 2179 Primum
432 2147 487 2178 est
526 2143 572 2179 do
611 2154 654 2179 eo
683 2144 782 2189 quod
809 2149 866 2179 est

81 2194 183 2227 lutra
199 2189 392 2226 hominem
405 2190 663 2235 magnitudino
679 2190 863 2237 corporis,

84 2248 199 2284 quam
219 2238 283 2274 dat
305 2238 403 2273 Deus
419 2237 510 2273 'sine
537 2237 786 2273 sollicitudine
809 2237 862 2284 ip-

85 2285 187 2329 sius3
209 2285 308 2331 quod
329 2295 371 2321 ex
394 2285 463 2320 hoc
492 2289 607 2330 patet,
627 2285 715 2330 quia
743 2296 862 2331 quan-

84 2336 328 2377 tumcumque
371 2332 508 2377 aliquis
550 2332 773 2368 sollicitetur
817 2333 863 2368 de

83 2378 389 2426 augmentatione
424 2390 504 2423 sua,
541 2379 631 2415 nihil
670 2383 793 2425 potest
829 2379 861 2415 ei

83 2427 237 2464 addere.
260 2426 348 2469 Quis
373 2430 493 2462 autem
519 2431 673 2462 cestrum
700 2429 863 2472 coyz'tzms

79 2477 200 2520 potest
219 2473 378 2518 adjicere
400 2474 448 2508 eid
470 2477 651 2509 staturam
671 2485 775 2509 suam
800 2485 860 2509 cu-

85 2521 200 2557 bitum
235 2520 374 2556 nnum?
396 2521 486 2557 Cum
515 2520 627 2567 igitur
659 2521 861 2557 vestimen-

83 2571 164 2605 tum
195 2571 384 2614 competat
418 2568 540 2614 niajus
567 2568 622 2604 vel
656 2568 778 2604 minus
808 2579 863 2604 se-

84 2615 249 2652 cundum
275 2615 522 2661 quantitatem
554 2615 803 2661 corporalem,
826 2619 863 2651 et

83 2662 273 2709 quantitas
299 2662 411 2698 datur
439 2661 475 2698 ei
506 2661 589 2698 sine
612 2662 861 2699 sollicitudine

82 2719 174 2755 sua,
213 2720 282 2757 per
317 2719 552 2756 consequens
595 2709 860 2746 vestimentum

27 2796 29 2798 ,
83 2757 311 2795 conveniens
335 2756 486 2794 dabitur
516 2756 551 2794 ei
583 2756 663 2794 sine
684 2756 862 2794 sollicitu-

960 212 1047 248 dine
1070 224 1137 249 sua
1158 218 1362 260 superflua.
1387 217 1601 254 Secundum
1619 229 1742 256 exem-

959 259 1062 312 pluin
1087 261 1247 297 sumitur
1274 274 1316 298 ex
1339 275 1382 300 eo
1416 265 1515 310 quod
1550 270 1605 302 est
1638 269 1742 304 extra

960 307 1165 351 hominem,
1190 309 1333 346 sriliret
1365 322 1407 347 ex·
1436 315 1547 348 terrie
1582 324 1738 350 nascen-

957 352 1072 396 tibus,
1098 358 1136 405 nt
1172 354 1258 390 liliis
1295 362 1331 392 ot
1367 358 1507 402 herbis,
1531 359 1621 406 quia
1657 361 1740 398 sine

957 410 1025 435 sua
1052 400 1304 439 sollicitudine
1335 411 1520 449 cresi-unt,
1546 412 1582 442 et
1603 417 1738 444 secun-

957 446 1045 482 dum
1064 457 1168 482 suam
1191 450 1438 493 quantitatem
1472 464 1494 488 a
1525 455 1601 489 Deo
1623 454 1738 491 vesti-

956 496 1084 537 untur,
1107 499 1261 540 propter
1295 499 1392 541 quod
1421 499 1509 534 divit
1534 511 1541 535 ε
1567 502 1737 537 Conside-

954 544 1033 575 rate
1051 542 1133 575 lilia
1153 544 1236 585 (usti
1255 546 1430 588 quomodo
1452 551 1638 583 crescunt?
1660 551 1738 586 Non

955 588 1137 626 laborant.
1162 589 1209 624 ad
1237 592 1445 627 ornandum
1470 604 1508 629 se
1532 594 1735 640 coloribus,

952 646 1066 680 neque
1093 639 1191 676 nent,
1214 635 1251 671 id
1289 641 1343 673 est
1378 639 1496 683 lilant,
1519 641 1567 675 ad
1601 642 1738 678 sarien-

952 682 1040 718 dum
1062 682 1132 719 sibi
1153 683 1440 729 vestiinentum;
1467 690 1503 721 et
1527 691 1650 723 tannen
1669 700 1734 735 op-

952 729 1041 765 time
1065 730 1277 766 vestiuntur
1297 731 1361 767 Dei
1384 732 1636 778 providentia,
1658 739 1734 771 tam

953 776 1128 822 pretiosis
1149 777 1338 815 coloribus
1358 778 1502 815 induta.
1528 782 1609 826 Ipse
1632 781 1733 817 enini

953 824 1056 859 color
1105 824 1382 870 operimentum
1419 830 1475 862 est
1516 828 1650 864 florum
1671 829 1735 875 qui

953 882 1085 907 omnes
1123 872 1270 907 excellit
1304 874 1448 910 colores
1484 875 1658 919 vestium,
1698 879 1736 912 et

953 919 1078 963 regale
1119 919 1266 955 excellit
1304 925 1585 958 ornamentum.
1625 923 1732 966 Quod

952 967 1085 1011 probat
1122 965 1250 1002 direns
1280 979 1287 1002 ε
1315 970 1506 1010 ommium,
1529 981 1591 1005 nee
1627 971 1732 1007 Salo-

952 1024 1032 1047 mon
1060 1016 1096 1048 in
1125 1016 1224 1048 omni
1253 1016 1371 1058 qloriu
1395 1026 1484 1059 sim,
1514 1016 1597 1052 licet
1622 1017 1735 1053 suerit

952 1070 1013 1095 rex
1036 1060 1340 1105 potentissima&
1363 1067 1546 1107 coopertus
1570 1068 1621 1099 est
1637 1066 1733 1100 sicut

951 1118 1061 1141 unum
1081 1118 1125 1142 ea:
1150 1109 1244 1147 istis,
1274 1120 1346 1143 non
1377 1109 1445 1145 l'nit
1472 1109 1523 1145 ila
1555 1112 1650 1147 bene
1672 1122 1733 1147 ve-

952 1153 1073 1197 stitus,
1088 1154 1732 1203 quialicetarsiinitcturnaturam,

953 1206 1078 1236 tamen
1100 1212 1215 1247 opera
1246 1202 1337 1238 artis
1376 1215 1448 1239 non
1482 1209 1735 1250 assequuntur

952 1248 1221 1293 perlectionem
1258 1260 1413 1295 operum
1449 1252 1734 1288 11a1u1›a÷.Uude

949 1297 1225 1340 Hieronymus.-
1254 1310 1270 1328 «
1297 1299 1337 1331 Et
1367 1309 1510 1341 revera,
1542 1299 1641 1344 quod
1673 1310 1731 1335 se-

950 1342 1068 1378 ricum
1087 1371 1096 1386 ‚
1135 1354 1217 1389 quae
1255 1354 1386 1388 regum
1426 1355 1613 1391 purpura,
1649 1356 1732 1392 quae

950 1389 1091 1435 pii-tura
1114 1390 1308 1425 textrirum
1325 1395 1445 1436 psdest
1464 1392 1616 1429 thiribus
1635 1404 1734 1429 rom-

949 1437 1102 1482 parari?
1124 1437 1217 1480 Quid
1237 1437 1287 1473 ita
1309 1439 1415 1473 ruliet
1440 1443 1476 1473 ut
1496 1440 1614 1475 rosa?
1635 1440 1731 1483 Quid

949 1484 1000 1519 ita
1020 1484 1152 1519 candet
1169 1489 1207 1519 ut
1227 1484 1376 1520 lilium?
1397 1485 1512 1521 Violoe
1534 1498 1622 1523 vero
1642 1498 1732 1533 pur—

948 1542 1080 1577 puram
1111 1532 1211 1567 nullo
1247 1533 1358 1567 modo
1387 1533 1555 1578 superari
1588 1534 1731 1570 murice

947 1578 1141 1613 oculorum
1164 1580 1284 1622 nias-ris
1303 1590 1416 1623 quam
1437 1591 1652 1616 sermonum
1670 1581 1729 1628 ju-

946 1625 1085 1660 diriuin
1109 1629 1175 1661 est.
1199 1641 1214 1657 »
1240 1627 1342 1661 Unde
1370 1630 1406 1661 et
1429 1628 1728 1671 Clirysostomus:

947 1685 962 1704 (ι
986 1672 1058 1707 Cur
1082 1683 1170 1708 vero
1206 1676 1310 1708 tanto
1352 1673 1465 1709 etiam
1495 1675 1632 1710 herbas
1668 1675 1730 1712 de-

944 1729 1031 1754 core
1048 1719 1207 1763 vestivit,
1231 1723 1268 1755 ut
1288 1730 1399 1755 suam
1421 1720 1562 1757 scilicet
1583 1721 1730 1768 sapien-

946 1765 1035 1802 tiam
1068 1767 1314 1811 demonstret,
1348 1771 1382 1802 et
1415 1769 1727 1814 superabundan-

944 1813 1033 1849 tiam
1049 1813 1212 1859 virtutis,
1226 1818 1268 1849 ut
1285 1815 1450 1860 undique
1471 1817 1551 1861 eJus
1568 1816 1727 1861 gloriam

943 1861 1145 1896 discamus.
1170 1862 1250 1896 Non
1287 1862 1387 1897 enim
1422 1863 1490 1898 soli
1512 1863 1595 1898 ctnli
1617 1874 1726 1900 enar-

942 1911 1028 1944 rant
1060 1908 1219 1953 gloriam
1248 1908 1339 1953 Dei;
1372 1910 1436 1944 sed
1467 1914 1504 1945 et
1536 1914 1636 1946 terra
1662 1922 1669 1945 :
1706 1926 1724 1942 »

942 1955 1022 1991 haee
1050 1957 1338 1999 Clu-*issestOant-s.
1362 1958 1403 1991 Et
1421 1967 1464 1991 ex
1488 1958 1556 1992 l‘ioc
1579 1957 1727 1994 conclu-

941 2002 994 2037 dit
1023 2003 1124 2047 quod
1149 2004 1244 2038 Deus
1272 2003 1504 2038 sul'lirienter
1524 2003 1635 2039 vestit
1655 2004 1724 2040 ho-

943 2049 1081 2084 minem
1095 2049 1237 2094 alisque
1251 2049 1504 2085 sollicitudine
1517 2052 1722 2096 superflua,

942 2096 1070 2131 dicens
1095 2108 1102 2131 :
1129 2098 1170 2133 Si
1191 2100 1308 2131 aulem
1333 2098 1482 2141 fosnum,
1507 2097 1542 2133 id
1566 2102 1622 2133 est
1642 2099 1725 2134 her-

941 2144 1040 2186 bam,
1063 2145 1159 2187 ‹tw-i,
1197 2144 1296 2188 quod
1319 2145 1425 2179 hodie
1446 2148 1511 2185 est,
1534 2144 1570 2180 id
1603 2149 1659 2181 est
1684 2145 1722 2181 in

941 2190 1131 2235 praesenti,
1148 2194 1180 2226 et
1195 2202 1274 2226 cras
1292 2193 1329 2226 in
1342 2192 1528 2227 clibanum
1545 2194 1720 2236 mittitur,

940 2238 977 2274 id
997 2242 1052 2273 est
1080 2238 1115 2273 in
1150 2238 1258 2273 l'urno
1279 2237 1442 2273 mittitur
1466 2250 1533 2274 seu
1555 2239 1721 2285 ponitur,

939 2285 1028 2331 quia
1052 2285 1089 2320 in
1111 2285 1335 2331 quibusdam
1358 2285 1469 2321 terris
1488 2286 1571 2321 loro
1600 2285 1720 2332 ligno-

939 2343 1021 2367 rum
1058 2336 1215 2368 utuntur
1249 2331 1396 2378 stipulis
1427 2337 1463 2368 et
1503 2333 1641 2369 talibus
1675 2334 1722 2369 ad

939 2379 1236 2415 calefaciendum
1258 2380 1424 2425 furnum,
1447 2383 1541 2415 Deus
1563 2383 1615 2415 sic
1642 2380 1721 2425 pul-

939 2427 1027 2462 chre
1063 2430 1099 2463 et
1137 2426 1250 2462 variis
1287 2427 1478 2463 coloribus
1518 2432 1554 2462 et
1589 2427 1720 2464 formis

941 2476 1059 2515 uestit,
1081 2477 1118 2510 et
1150 2478 1343 2510 venustate
1379 2475 1551 2516 adornat,
1581 2477 1719 2518 quanto

938 2523 1055 2566 manis
1080 2531 1141 2556 vos
1170 2522 1317 2556 modicae
1337 2521 1436 2565 fidei,
1462 2520 1605 2556 srilicet
1635 2521 1719 2557 sine

938 2568 1188 2605 sollicitudine
1210 2571 1401 2614 superllua
1424 2566 1585 2603 vestiet?
1603 2567 1717 2611 Quasi

937 2615 1079 2652 diceret
1102 2627 1110 2651 ε
1135 2615 1172 2652 Si
1194 2616 1240 2651 de
1263 2616 1431 2655 tloribus,
1446 2614 1508 2660 qui
1529 2614 1606 2650 uati
1628 2619 1718 2651 sunt

936 2663 1195 2699 tantummodo
1219 2666 1257 2698 ut
1275 2662 1470 2697 videantur
1487 2664 1523 2696 et
1542 2665 1714 2707 pereant,

935 2713 1079 2746 tantam
1120 2711 1217 2746 Deus
1254 2719 1381 2745 curam
1423 2707 1535 2755 gerit,
1575 2712 1716 2754 quanto

934 2759 1055 2805 magis
1081 2757 1127 2794 de
1154 2756 1382 2800 hominibus,
1411 2754 1473 2802 qui
1502 2755 1550 2792 ad
1584 2755 1716 2802 imagi-
