1876 3126
142 163 201 197 33]
655 164 799 199 PRIMAE
834 164 991 199 PARTIS
1029 163 1165 198 CAPUT
1200 162 1259 196 XL

146 229 267 273 nohis,
294 240 369 266 non
410 229 481 266 nisi
516 231 618 267 bona
643 234 679 267 et
701 231 807 268 utilia
840 232 922 270 fieri
998 243 1110 278 quam
1147 242 1255 267 rarus
1293 231 1360 275 sit,
1401 230 1462 276 qui
1500 230 1674 267 observet
1710 242 1768 269 ea.

147 277 332 318 volumus,
354 276 424 324 ipsi
461 288 611 323 quoque
636 278 755 315 vicem
793 280 923 326 gratiae
997 278 1175 325 Praecepti
1198 278 1349 324 quidem
1385 277 1600 314 affirmativi
1636 278 1697 314 hic
1731 278 1770 315 in

146 323 360 369 amorisque
399 325 608 370 rependere
647 326 842 372 debemus,
884 331 924 363 ut
996 326 1193 373 Evangelio
1211 325 1336 372 positi,
1350 324 1491 361 scillcet
1513 336 1521 360 :
1542 325 1672 361 Omnia
1689 335 1770 372 erqo

145 375 333 417 praecepta
359 372 466 414 Legis
492 383 534 408 ac
559 373 830 419 Prophetarum
852 374 922 410 im-
996 384 1227 419 quaecumque
1243 374 1368 417 vultis,
1384 376 1424 408 ut
1440 374 1583 415 faciant
1601 372 1702 408 vobis
1713 373 1774 408 ho-

146 417 305 463 plentes,
322 418 608 455 retributionem
620 420 708 456 fidei
725 431 746 456 a
763 421 922 457 Domino
995 423 1120 462 mine&
1143 421 1265 455 eadem
1292 423 1325 454 et
1343 431 1403 455 vos
1423 421 1536 464 facite
1556 421 1620 461 eis,
1642 419 1769 455 nescio

146 474 420 510 consequamur
443 477 450 501 :
478 480 496 498 ›>
522 466 602 502 haec
637 468 921 512 chrysostomus.
995 467 1024 502 si
1047 469 1265 503 observator
1285 466 1420 512 aliquis
1442 466 1559 513 possit
1579 465 1692 502 hodie
1709 476 1770 502 re-

143 512 279 557 Jugum
304 523 392 557 ergo
414 512 561 548 Domini
580 525 691 550 suave
707 519 762 551 est
776 519 813 551 et
827 526 922 551 onus
994 514 1122 559 periri.
1142 515 1321 559 Praecepti
1339 525 1426 550 vero
1448 513 1626 559 negativi,
1645 513 1685 548 in
1705 514 1773 549 Το-

143 558 226 603 ejus
245 559 339 603 leve,
361 563 399 595 ut
417 559 455 595 in
476 564 552 596 tam
571 561 673 597 brevi
693 562 822 607 regula
843 563 922 608 ejus
994 562 1057 596 bia
1079 560 1203 606 positi,
1221 560 1358 596 scilicet
1382 574 1392 595 .·
1428 561 1529 604 Quod
1549 561 1594 596 ab
1609 561 1682 596 alio
1700 561 1770 596 tibi

144 606 217 640 Lex
237 609 273 641 et
307 611 492 653 praecepta
515 608 560 643 ad
587 607 797 654 proximum
818 620 922 645 com-
994 608 1112 642 oderis
1142 609 1234 651 fieri,
1258 618 1302 641 ne
1322 608 1441 649 facias
1472 609 1553 649 alii,
1584 610 1621 643 et
1649 607 1680 642 si
1701 606 1775 643 sint

145 651 334 697 pleantur.
359 655 450 689 Nam
483 654 556 690 alio
588 656 684 699 Ιοεο,
710 656 756 692 de
777 656 922 691 duobus
995 653 1400 700 operarii,sunttamen
1413 653 1771 699 valdepaueitquia‚

142 698 224 735 istis
249 701 459 747 praeceptis,
486 702 625 738 scilicet
656 703 701 738 de
723 702 921 738 dilectione
994 707 1034 736 ut
1073 700 1162 735 dicit
1194 700 1294 735 idem
1332 701 1615 744 Chrysostomus,
1655 711 1725 736 nos
1752 711 1773 736 e

145 745 209 781 Dei
231 750 265 782 et
296 748 453 793 proximi
478 749 647 795 loquens,
673 760 748 784 non
776 753 920 784 tantum
995 747 1183 783 contrario
1205 746 1332 782 omnia
1357 746 1513 783 facimus
1540 746 1770 790 hominibus,

144 792 195 828 ait
215 805 223 828 ε
245 794 316 829 Lex
333 795 471 840 pendet
501 795 538 831 in
559 796 617 831 his
650 799 687 831 et
709 796 919 841 Prophetze,
995 804 1076 839 quae
1108 793 1178 840 ipsi
1199 793 1276 839 pati
1311 794 1498 830 nolumus.
1523 795 1599 829 Hoc
1634 792 1771 840 quippe

144 840 209 875 sed
233 841 375 877 addidit
394 854 401 877 :
423 846 500 878 tota
517 844 601 884 Lex,
625 846 661 878 et
681 853 811 877 omnes
831 843 921 877 Pro·
993 852 1069 876 non
1091 842 1213 876 solum
1239 841 1277 876 in
1308 841 1552 885 secularibus,
1580 840 1647 876 sed
1673 843 1711 876 et
1734 841 1772 876 in

143 887 278 933 phetae,
313 889 416 930 Quod
449 900 531 924 cum
567 889 627 924 hic
661 900 736 924 non
763 888 920 930 addidit,
994 888 1215 933 quibusdam
1228 891 1331 933 patet
1347 887 1547 933 religiosis,
1568 898 1651 933 quae
1672 897 1772 933 saepe

144 934 303 970 servavit
325 935 447 970 locum
469 935 576 971 alteri
598 939 798 981 praecepto,
822 936 921 980 quod
992 934 1029 970 in
1051 935 1221 981 personis
1248 938 1285 970 et
1304 935 1430 978 rebus,
1459 935 1536 970 sive
1558 934 1666 970 utiles
1688 934 1773 970 aliis

143 981 190 1016 ad
217 980 456 1017 dilectionem
480 982 545 1017 Dei
565 984 741 1028 pertinet.
764 982 922 1025 Quidam
994 982 1265 1025 subtrahendo,
1288 982 1364 1017 sive
1399 982 1444 1017 de
1464 981 1661 1017 inutilibus
1689 991 1772 1017 sese

142 1031 271 1062 tamen
292 1029 437 1072 volunt,
465 1029 565 1073 quod
592 1029 652 1064 hic
673 1030 920 1074 comprehen-
994 1029 1239 1074 expediendo,
1278 1028 1455 1064 fratribus
1490 1028 1567 1064 suis
1594 1027 1771 1074 injuriam

142 1074 252 1109 datur
288 1074 400 1109 ctiam
433 1075 581 1111 dilectio
618 1075 698 1119 Dei,
736 1077 817 1112 sine
848 1087 921 1122 qua
992 1075 1144 1112 faciunt.
1169 1075 1302 1121 Sicque
1330 1075 1369 1111 in
1391 1075 1449 1111 his
1473 1078 1510 1111 et
1536 1075 1671 1111 ceteris
1691 1085 1772 1111 mo-

142 1131 218 1156 non
242 1120 419 1167 impletur
438 1123 602 1159 charitas
636 1123 810 1169 proximi,
834 1123 923 1169 quia
993 1122 1049 1158 dis
1066 1123 1193 1167 variis,
1221 1126 1351 1159 contra
1378 1122 1599 1169 praedictum
1619 1121 1769 1158 Domini

139 1177 207 1203 nec.
227 1168 417 1213 proximus
440 1169 519 1205 sine
535 1172 707 1214 Deo,nec
723 1172 820 1206 Deus
839 1170 922 1206 sine
993 1171 1225 1213 mandatum,
1248 1170 1285 1205 id
1306 1169 1458 1214 faciunt,
1485 1170 1585 1215 quod
1604 1168 1675 1215 ipsi
1693 1168 1769 1215 pati

137 1215 321 1260 proximo,
365 1215 547 1261 diligitur.
578 1217 783 1253 Considera
820 1228 921 1253 nunc
994 1217 1163 1261 nollent3
1186 1228 1254 1252 nec
1278 1217 1414 1252 mirum
1446 1217 1476 1253 si
1496 1217 1536 1253 in
1561 1217 1686 1253 futuro
1705 1226 1768 1263 pa-

138 1262 334 1307 przemissa
360 1263 508 1299 Domini
541 1268 744 1311 praecepta,
776 1268 814 1300 et
835 1265 920 1301 vide
991 1264 1132 1300 tientur
1151 1264 1253 1310 quod
1272 1264 1427 1300 nollent.

884 1375 1054 1412 ORATIO

188 1466 348 1503 Domine
367 1468 456 1503 Jesu
483 1466 641 1513 Christe,
665 1468 728 1514 qui
761 1469 919 1505 docuisti
944 1480 1011 1505 nos
1042 1469 1165 1506 facere
1198 1469 1373 1506 omnibus
1399 1467 1711 1514 misericordiam,
1735 1472 1770 1505 et

142 1514 400 1560 nonjudicare
422 1525 666 1560 quemquam3
695 1517 743 1552 da
763 1516 854 1551 mihi
876 1517 975 1562 quod
997 1517 1107 1553 doces
1122 1517 1318 1563 perficere,
1338 1520 1377 1552 ut
1396 1516 1463 1553 tibi
1482 1527 1550 1562 per
1569 1519 1607 1552 te
1622 1515 1769 1552 valeam

141 1561 373 1607 complacere
395 1573 402 1605 ;
426 1562 588 1597 hortaris
606 1574 674 1598 nos
696 1567 734 1599 ut
749 1574 912 1607 oremus,
931 1567 967 1600 et
984 1563 1111 1610 utique
1132 1565 1301 1600 conferre
1322 1564 1390 1609 vis,
1414 1563 1476 1610 qui
1495 1573 1645 1609 semper
1666 1573 1768 1599 com-

140 1617 270 1659 mones
291 1613 331 1643 ut
350 1609 506 1653 rogeris.
540 1609 630 1645 Peto
652 1621 755 1656 ergo,
780 1610 867 1656 quia
884 1612 1012 1656 Jubes3
1038 1621 1178 1656 quaero,
1207 1612 1294 1657 quia
1313 1611 1514 1657 praecipis-3
1537 1610 1658 1656 pulso,
1682 1609 1770 1657 quia

140 1655 318 1705 injungis.
343 1656 409 1698 Qui
442 1666 500 1691 me
525 1655 643 1691 fecisti
676 1661 817 1702 petere,
851 1658 908 1693 fac
929 1658 1119 1703 accipere3
1143 1658 1205 1704 qui
1231 1658 1366 1694 dedisti
1388 1668 1570 1704 quaerere,
1596 1658 1646 1693 da
1665 1657 1768 1693 inve-

140 1711 243 1745 n1re3
267 1701 327 1747 qui
349 1702 506 1737 docuisti
530 1703 695 1748 pulsare,
718 1704 819 1749 aperi
841 1704 1018 1749 pulsanti,
1046 1708 1085 1740 ut
1105 1705 1221 1750 possit
1242 1705 1397 1740 intrare.
1422 1706 1451 1740 A
1472 1709 1508 1740 te
1528 1705 1650 1740 haheo
1672 1703 1768 1740 desi-

140 1746 287 1800 der-are,
310 1759 331 1784 a
352 1752 387 1784 te
407 1749 567 1785 habeam
587 1749 802 1796 impetrare.
825 1753 930 1787 Dona
958 1752 1057 1797 quod
1083 1752 1252 1798 offeram,
1275 1751 1420 1788 custodi
1451 1751 1551 1798 quod
1568 1751 1708 1797 exigas,
1729 1755 1770 1787 ut

141 1795 234 1831 velis
249 1806 431 1832 coronare
453 1797 552 1842 quod
571 1802 742 1843 praestas.
763 1799 897 1834 Amen.

809 1996 990 2043 CAPUT
1024 1997 1100 2043 XL

426 2129 475 2157 DE
507 2129 637 2158 ARCTA
665 2131 745 2168 VIA,
776 2130 880 2167 ETC.,
910 2131 960 2159 ΕΤ
992 2130 1259 2160 CONCLUSIONE
1295 2130 1487 2160 SERMONIS

762 2194 901 2224 DOMINI
929 2195 970 2223 IN
1005 2195 1156 2224 MONTE.

761 2294 926 2331 Matthaei
947 2305 1029 2342 cap.
1048 2296 1125 2331 VII.

191 2410 203 2431 1
235 2396 356 2431 Ponm
385 2408 426 2431 ET
455 2408 516 2432 vm
543 2408 588 2432 An
611 2409 718 2433 mrsu
747 2411 916 2436 Axocsrffi
994 2400 1121 2436 dicens
1149 2412 1158 2435 ε
1182 2399 1403 2441 contendite,
1432 2409 1521 2445 ergo
1549 2402 1586 2435 et
1611 2398 1768 2435 sollicite

143 2453 230 2478 srxr
249 2454 257 2487 ;
281 2455 325 2478 An
349 2455 585 2479 rmmnoxnu
608 2456 700 2480 veno
726 2458 914 2483 SPATIOSAE.
993 2447 1313 2493 satagite,intrare
1321 2457 1386 2492 per
1404 2449 1598 2491 anqustam
1607 2449 1766 2492 portam,

140 2508 184 2515 —
205 2490 248 2525 Et
266 2491 352 2536 quia
369 2491 485 2527 multa
499 2495 535 2527 et
546 2491 767 2527 admiranda
790 2494 915 2529 Domi·
993 2506 1071 2531 non
1091 2505 1157 2541 per
1171 2495 1298 2530 latam.
1316 2494 1427 2537 Quasi
1448 2493 1587 2530 diceret
1611 2493 1769 2536 :Quam-

141 2546 213 2572 nus
232 2542 476 2584 praeceperat,
499 2538 714 2585 cunctisque
735 2540 916 2585 passioni·
992 2553 1048 2577 vis
1068 2541 1248 2588 praedicta
1264 2541 1337 2577 sint
1349 2540 1518 2576 difficilia
1537 2543 1574 2576 et
1595 2543 1766 2586 angusta,

140 2583 211 2636 bus
241 2595 327 2620 suos
341 2596 422 2621 esse
435 2585 574 2622 liberos
586 2586 766 2632 jusserat,
784 2598 831 2622 ne
852 2588 916 2622 ali·
993 2592 1120 2624 tamen
1144 2588 1338 2624 meritoria
1358 2590 1443 2624 sunt
1468 2591 1505 2623 et
1523 2587 1701 2623 introitus
1718 2587 1766 2622 ad

140 2640 226 2682 quis
254 2631 407 2677 diceret,
430 2633 518 2679 quia
550 2632 801 2679 importabilia
828 2638 917 2669 sunt
994 2635 1171 2672 coelestia.
1194 2637 1238 2671 Et
1269 2638 1446 2671 notanter
1466 2634 1694 2678 contendite,
1715 2632 1769 2669 di-

138 2680 211 2728 ista
224 2688 391 2724 prorsus,
411 2691 452 2716 ac
480 2681 574 2717 dura
599 2684 637 2716 et
653 2684 756 2717 arcta
780 2680 839 2716 via
859 2684 916 2716 est
993 2682 1055 2726 cit,
1075 2685 1162 2727 quic
1181 2693 1332 2727 regnum
1345 2683 1511 2718 coelorum
1521 2683 1595 2717 vim
1607 2683 1762 2727 patitur,

138 2727 224 2769 ista,
254 2726 435 2773 valdeque
457 2727 619 2763 difficilis
643 2727 916 2764 observationis
993 2732 1026 2763 et
1054 2731 1203 2765 violenti
1235 2731 1386 2775 rapiunt
1419 2729 1527 2764 illud.
1547 2729 1628 2764 Non
1667 2726 1766 2763 enim

139 2771 302 2808 suntista
313 2774 504 2819 mandata,
519 2774 643 2811 subdit
654 2774 912 2819 monitionem,
991 2779 1113 2821 potest
1136 2776 1219 2811 fieri
1240 2776 1321 2811 sine
1338 2778 1474 2812 conatu
1493 2784 1645 2821 magno,
1666 2773 1767 2820 quod
