1876 3126
171 132 229 166 304
623 126 768 160 PRIMAE
804 126 963 161 PARTIS
1001 125 1137 159 CAPUT
1175 125 1351 158 XXXVII

170 201 348 237 adversus
382 197 568 244 spiritum,
599 196 664 232 sed
697 195 940 242 quemadmo-

169 248 259 283 dum
281 248 399 282 bonus
422 244 572 291 spiritus
597 253 671 278 non
692 241 839 278 resistat
859 242 940 286 tibi,

168 293 221 330 ita
243 298 279 329 et
300 303 433 338 corpus
455 302 530 327 non
554 291 702 326 resistat
723 289 883 335 spiritui,
906 293 942 325 et

167 351 236 388 per
264 349 495 385 consequens
522 348 590 373 nec
618 336 704 380 tibi;
725 339 761 372 et
782 340 941 382 utroque

167 387 293 424 onmia
327 397 408 432 quse
442 385 535 429 odis,
567 383 758 427 odiamus3
794 386 829 419 et
860 394 941 429 quae

168 434 306 479 diligis,
336 433 558 478 diligamus3
583 434 619 467 et
645 441 729 476 quae
754 430 940 476 praecipis,

167 483 403 528 impleamus.
421 481 472 515 De
490 479 682 515 voluntate
702 478 765 513 Dei
784 478 836 513 sic
853 477 942 529 dicit

166 531 370 574 Cyprianus
397 537 509 573 super
537 525 745 562 orationem
775 524 941 560 Domini-

166 586 247 611 cam
271 590 279 611 :
305 588 322 608 «
344 574 522 611 Voluntas
542 573 607 608 Dei
628 577 684 608 est
706 582 817 617 quam
839 570 944 607 Chri-

165 625 243 658 stus
264 622 352 658 fecit
372 624 408 657 et
427 621 570 661 docuit;
591 619 783 655 humilitas
803 620 835 652 in
856 628 941 669 con-

165 669 390 711 versatione,
406 667 590 704 stabilitas
604 667 641 701 in
655 666 742 709 fide,
757 665 941 699 modestia

166 717 205 752 in
219 716 356 757 verbis,
368 715 406 750 in
421 713 698 760 sactisjustitia,
712 714 748 746 in
764 711 941 762 operibus

165 762 436 806 misericordia,
465 762 499 796 in
526 760 691 796 moribus
718 758 937 803 disciplina;

166 811 342 856 injuriam
363 809 486 845 facere
507 818 583 843 non
605 816 728 857 nosse,
748 808 784 840 et
805 805 941 839 factam

164 868 274 904 posse
297 857 478 897 tolerare;
503 864 585 889 cum
607 853 941 904 fratribus-pacem

164 908 307 947 tenere,
322 902 521 938 Dominum
537 903 614 935 toto
634 899 745 934 corde
763 898 939 943 d1ligere3

164 961 292 987 amare
314 949 351 984 in
373 949 435 983 illo
459 947 558 992 quod
587 948 697 981 Pater
716 947 784 988 est,
808 948 940 979 timere

164 997 264 1043 quod
281 997 379 1030 Deus
392 997 466 1037 est;
483 994 626 1029 Christo
639 993 689 1026 nil
705 1002 939 1037 praeponere,

164 1045 251 1089 quia
271 1053 338 1078 nec
360 1040 470 1077 nobis
491 1039 696 1085 quidquam
715 1038 938 1084 praeposuit3

164 1088 336 1126 charitati
371 1089 449 1134 ejus
478 1086 783 1131 inseparabiliter
814 1086 940 1120 adhae-

161 1148 271 1180 rere3
295 1135 396 1171 cruci
424 1135 503 1180 ejus
530 1133 676 1178 fortiter
706 1143 749 1168 ac
780 1132 942 1167 fidenter

163 1184 364 1226 assistere;
390 1182 540 1228 quando
562 1181 608 1216 de
629 1180 708 1225 ejus
732 1179 885 1215 nomine
906 1182 943 1214 et

164 1232 308 1267 honore
350 1232 541 1265 certamen
580 1230 649 1271 est,
687 1226 862 1262 exhibere
903 1226 941 1261 in

164 1288 338 1314 sermone
350 1274 600 1312 constantiam
614 1284 686 1320 qua
702 1274 939 1316 confitemur,

162 1326 202 1361 in
224 1323 429 1371 quaestione
450 1321 627 1358 fiduciam
649 1331 722 1366 qua
743 1320 939 1367 congredi-

164 1383 262 1416 mur,
284 1372 321 1407 in
344 1374 465 1406 morte
493 1368 713 1415 patientiam
736 1378 810 1413 qua
838 1378 942 1403 coro-

168 1430 315 1455 namur.
345 1420 420 1453 Hoc
455 1420 511 1452 est
543 1415 767 1452 coheredem
803 1414 940 1451 Christi

166 1467 261 1502 velle
279 1476 373 1509 esse,
392 1465 462 1500 hoc
479 1466 535 1499 est
553 1465 782 1509 praeceptum
802 1463 939 1505 facere,

166 1514 235 1549 hoc
253 1516 309 1549 est
325 1513 556 1547 voluntatem
573 1509 693 1545 Patris
711 1509 867 1555 implere
888 1521 895 1544 z
921 1522 938 1540 >³

165 1561 245 1596 haec
265 1561 482 1605 Cyprianus.
762 1602 769 1608 ¹

211 1623 230 1654 7
264 1608 410 1650 QUARTA
441 1615 593 1640 PETiTIO.
627 1625 673 1630 —
706 1603 847 1639 Deinde
880 1613 940 1638 se-

164 1656 289 1700 quitur
306 1656 440 1699 quarta
453 1651 583 1697 petitio
601 1662 608 1686 :
627 1653 761 1686 Panem
776 1653 940 1685 nostrum

163 1701 419 1747 quotidianum
445 1699 493 1733 cla
524 1699 627 1733 nobis
654 1698 778 1738 hodie,
811 1697 847 1731 id
883 1700 939 1732 est

160 1748 301 1784 victum
316 1745 580 1792 quotidianum
601 1744 747 1790 corpori
769 1754 939 1779 necessa-

162 1795 277 1838 rium,
312 1793 464 1829 nomine
485 1791 594 1838 panis
626 1791 882 1836 designatum;
903 1795 939 1826 et,

160 1842 199 1878 in
220 1843 289 1877 hoc
317 1840 579 1885 intelliguntur
602 1838 677 1884 peti
699 1837 826 1873 onmia
852 1838 937 1873 vitae

162 1887 385 1925 necessaria.
417 1886 519 1922 Unde
546 1886 776 1929 Auqustinus
803 1896 811 1920 z
839 1899 856 1917 «
880 1884 937 1920 Sic

161 1946 250 1981 ergo
267 1934 325 1970 bic
339 1932 603 1969 sufficientiam
618 1933 779 1978 petimus
797 1942 818 1967 a
832 1934 938 1977 parte

162 1993 246 2029 quie
281 1980 438 2021 excellit,
475 1979 513 2015 id
550 1984 607 2014 est
641 1979 793 2014 nomine
828 1978 938 2024 panis

162 2033 280 2066 totam
318 2027 586 2074 significantes.
613 2039 630 2058 >›
671 2027 810 2061 Panem
850 2036 938 2071 ergo

162 2077 264 2120 dicit,
288 2086 361 2111 non
388 2084 534 2117 carnes,
553 2084 630 2109 non
657 2072 793 2119 pisces,
816 2073 852 2107 id
883 2076 939 2108 est

158 2134 238 2158 non
259 2121 410 2167 aliquod
434 2121 678 2166 superfluum,
700 2120 766 2156 sed
786 2123 935 2156 tautum

162 2170 261 2215 quod
289 2172 344 2204 est
366 2171 510 2203 naturae
540 2168 808 2212 necessarium,
837 2167 938 2213 quod

161 2217 257 2253 bene
289 2215 521 2261 significatur
552 2225 620 2260 per
654 2224 805 2260 panem,
835 2214 936 2260 quia,

164 2262 368 2299 secundum
411 2261 707 2297 Ecclesiasticum
743 2273 751 2296 ι
786 2263 938 2297 Initium

163 2313 247 2345 vitae
276 2310 430 2344 hominis
451 2319 548 2352 aqua
574 2312 607 2343 et
624 2310 749 2354 panis,
770 2310 814 2344 Et
835 2309 939 2344 addit

164 2361 348 2400 nostrum,
381 2358 421 2390 ut
461 2364 571 2389 nemo
609 2355 678 2390 sibi
716 2355 940 2401 temporalia

164 2402 394 2450 appropriet,
420 2400 521 2446 quia,
550 2402 754 2437 secundum
782 2404 940 2449 Chryso-

164 2455 330 2490 stomum,
355 2448 481 2484 omnia
504 2458 586 2494 quae
613 2448 719 2484 nobis
743 2450 804 2484 dat
826 2451 938 2494 DeuS,

165 2497 242 2534 sive
263 2495 472 2539 orantibus,
493 2495 570 2530 sive
592 2494 851 2541 militantibus,
865 2507 940 2532 non

167 2545 287 2581 solum
311 2542 418 2579 nobis
439 2543 523 2586 dat3
547 2541 612 2577 sed
636 2541 747 2577 etiam
771 2543 853 2579 aliis
875 2554 941 2589 per

165 2602 248 2636 nos,
270 2594 311 2627 ut
326 2590 372 2626 de
393 2600 437 2625 eo
457 2589 556 2634 quod
576 2587 788 2634 accepimus
808 2600 830 2625 a
849 2592 939 2634 Deo,

164 2641 310 2685 partem
345 2635 616 2681 impotentibus
650 2635 842 2672 faciamus.
872 2637 939 2680 Qui

167 2696 256 2731 ergo
289 2685 335 2720 de
368 2682 558 2719 laboribus
584 2682 659 2718 suis
688 2682 941 2729 indigentibus

168 2743 246 2768 non
284 2734 461 2778 praestat,
505 2741 580 2766 non
618 2732 765 2766 tantum
805 2740 941 2776 panem

1019 205 1145 236 suum,
1169 195 1234 230 sed
1256 194 1367 230 etiam
1395 193 1559 231 alienum
1582 196 1796 233 manducat.

1019 243 1062 276 Et
1084 241 1146 287 qui
1168 241 1215 277 de
1240 241 1385 287 justitia
1411 252 1547 287 panem
1576 243 1798 289 acquisitum

1018 288 1236 332 manducat,
1259 299 1368 324 suum
1402 299 1539 334 panem
1570 291 1796 335 manducat3

1018 335 1079 380 qui
1095 338 1220 371 autem
1237 346 1320 371 cum
1336 339 1504 381 peccato,
1518 336 1695 373 alienum:
1710 348 1799 373 nam

1016 382 1070 417 illi
1093 384 1189 418 Deus
1212 382 1275 418 dat
1297 393 1445 428 panem,
1469 384 1531 428 qui
1553 394 1635 420 cum
1653 383 1799 430 Justitia

1016 432 1223 475 praeparat;
1244 429 1416 465 diabolus
1433 433 1558 466 autem
1575 431 1607 466 ei
1623 432 1685 476 qui
1705 441 1801 477 prae-

1017 482 1124 521 parat
1146 486 1230 512 cum
1249 479 1412 520 peccato.
1434 478 1648 513 Secundum
1669 478 1800 522 Greqo-

1015 525 1124 563 rium,
1154 526 1325 558 nostrum
1346 525 1447 559 hunc
1467 535 1604 570 panem
1625 524 1798 570 dicimus,

1017 572 1053 604 et
1073 572 1199 604 tamen
1218 572 1259 604 ut
1281 570 1391 605 detur
1411 581 1562 607 oramus
1582 583 1589 607 :
1611 571 1676 608 Dei
1698 571 1798 607 enirn

1016 619 1072 650 est
1093 627 1136 651 ex
1157 626 1327 659 munere,
1350 617 1440 661 quia
1465 619 1512 654 ab
1541 618 1603 654 illo
1631 619 1743 655 datur
1763 621 1800 654 et

1018 666 1146 698 noster
1166 662 1208 697 fit
1226 673 1268 698 ex
1288 663 1546 709 perceptione,
1563 675 1646 701 cum
1663 665 1799 710 accipi-

1015 712 1090 744 tur.
1128 708 1224 744 Dicit
1262 712 1387 744 autem
1423 710 1697 755 quotidianum,
1725 723 1800 747 non

1015 766 1199 801 annuum,
1224 756 1281 791 vel
1311 756 1357 791 ad
1382 757 1509 802 plures
1537 768 1654 794 annos
1674 758 1800 805 provi-

1016 813 1113 846 sum,
1137 806 1173 837 et
1193 802 1230 837 in
1252 802 1400 839 horreis
1420 808 1669 849 reservatum,
1689 815 1801 851 quem

1016 850 1215 885 Matthaeus
1233 849 1322 885 dicit
1342 852 1744 896 supersubstantialem,
1760 851 1799 888 id

1016 899 1070 932 est
1096 897 1377 941 superadditum
1399 899 1619 935 substantiae
1647 899 1695 935 ad
1722 909 1799 935 sus-

1014 943 1274 979 tentationem.
1296 945 1353 987 Et,
1385 945 1591 981 secundum
1605 947 1796 990 Cyrillum,

1015 1001 1057 1025 ex
1072 1001 1114 1026 eo
1128 990 1240 1026 etiam
1256 991 1357 1036 quod
1370 991 1630 1036 quotidianum
1644 992 1798 1028 alimen-

1014 1040 1094 1072 tum
1129 1037 1243 1083 J'ussit
1282 1048 1468 1083 quaerere,
1512 1038 1660 1075 videtur
1697 1039 1799 1085 quod

1017 1083 1107 1119 nihil
1131 1085 1311 1120 concedat
1332 1096 1396 1121 eos
1418 1086 1572 1131 babere,
1591 1087 1656 1122 sed
1677 1086 1798 1132 magis

1014 1131 1212 1167 honestam
1246 1132 1370 1167 colere
1401 1137 1680 1179 paupertatem.
1716 1135 1799 1169 Non

1015 1178 1116 1213 enim
1145 1182 1199 1214 est
1234 1178 1455 1214 habentium
1484 1190 1622 1226 panem
1652 1183 1796 1226 petere,

1016 1225 1082 1260 sed
1104 1236 1373 1271 oppressorum
1397 1227 1566 1271 penuria.
1584 1229 1628 1263 Et
1647 1228 1798 1273 subjun-

1015 1273 1068 1318 git
1095 1284 1102 1307 z
1126 1274 1179 1308 Da
1204 1274 1311 1309 nobis
1338 1273 1465 1314 hodie,
1490 1274 1580 1319 quia
1598 1285 1668 1310 nec
1689 1274 1796 1310 mini-

1016 1330 1118 1355 mum
1145 1320 1284 1356 habere
1312 1330 1528 1365 possumus,
1552 1320 1622 1356 nisi
1646 1321 1709 1357 det
1733 1320 1796 1357 ille

1016 1369 1080 1411 qui
1096 1368 1161 1402 dat
1180 1377 1296 1403 escam
1315 1369 1413 1402 omni
1429 1370 1544 1403 carni.
1564 1368 1668 1404 Unde
1682 1369 1796 1404 homo

1015 1414 1175 1449 devotus
1210 1413 1276 1450 tali
1322 1417 1449 1450 monte
1489 1415 1605 1451 debet
1649 1426 1797 1451 sumere

1015 1461 1155 1505 cibum,
1178 1472 1221 1497 ac
1250 1461 1280 1497 si
1313 1461 1383 1497 sibi
1417 1462 1462 1497 de
1498 1472 1615 1498 manu
1649 1461 1796 1498 Domini

1014 1508 1305 1554 praesentialiter
1340 1508 1585 1545 ministretur.
1615 1511 1660 1545 Et
1692 1508 1797 1545 addit

1015 1555 1140 1599 hodie,
1159 1556 1195 1591 id
1218 1558 1275 1591 est
1298 1556 1334 1590 in
1358 1556 1558 1601 praesenti3
1577 1557 1651 1602 vel,
1668 1556 1795 1599 hodie,

1014 1602 1052 1637 id
1073 1607 1129 1638 est
1149 1602 1253 1638 illum
1276 1602 1338 1648 qui
1359 1603 1468 1639 nobis
1492 1603 1604 1639 hodie
1631 1606 1796 1639 tantum·

1014 1650 1125 1685 modo
1147 1649 1297 1695 sufficit,
1319 1653 1359 1685 ut
1380 1650 1426 1685 de
1448 1650 1611 1686 crastino
1635 1661 1711 1686 non
1732 1660 1797 1685 co-

1014 1697 1188 1741 gitemus,
1201 1696 1288 1742 quia
1299 1696 1486 1732 nescimus
1497 1696 1577 1732 siin
1589 1697 1795 1733 crastinum

1012 1743 1293 1788 proveniamus
1317 1743 1344 1779 O
1370 1743 1555 1789 sapientia
1576 1754 1665 1780 vera
1681 1747 1718 1780 et
1738 1744 1794 1779 di-

1016 1789 1099 1825 vina
1110 1790 1361 1836 providentia,
1374 1801 1456 1836 quae
1469 1790 1597 1826 docuit
1611 1794 1648 1826 et
1659 1801 1795 1837 panem

1014 1837 1133 1872 solum
1148 1841 1290 1882 petere,
1307 1841 1343 1873 et
1360 1837 1471 1873 hodie
1486 1837 1701 1874 nominare!
1720 1839 1796 1873 Hoc

1014 1884 1113 1919 enim
1136 1884 1234 1919 dicto
1253 1887 1289 1919 et
1306 1884 1463 1920 aviditas
1485 1888 1521 1920 et
1543 1884 1700 1921 avaritia
1719 1885 1790 1920 tol-

1014 1931 1114 1975 litur,
1135 1934 1171 1966 et
1194 1932 1370 1966 humanae
1391 1931 1476 1967 vitae
1497 1931 1682 1968 incertum
1702 1931 1792 1967 insi-

1012 1981 1160 2014 nuatur.
1188 1978 1267 2020 Vel,
1295 1989 1426 2023 panem
1446 1981 1607 2014 nostrum
1637 1979 1795 2024 quotidi-

1013 2036 1122 2060 anum
1149 2026 1197 2059 da
1227 2026 1330 2060 nobis
1361 2026 1478 2067 hodie,
1508 2025 1546 2061 id
1572 2028 1629 2061 est
1654 2036 1792 2071 panem

1014 2072 1261 2118 spiritualem,
1285 2072 1423 2108 scilicet
1443 2075 1632 2119 praecepta
1652 2072 1791 2117 divina,

1014 2129 1096 2165 quae
1115 2119 1281 2165 quotidie
1300 2122 1447 2165 oportet
1463 2118 1637 2156 meditari
1655 2123 1692 2155 et
1709 2130 1794 2165 ope-

1013 2166 1103 2202 rari.
1134 2168 1225 2202 Nam
1255 2166 1302 2202 de
1332 2166 1423 2212 ipsis
1457 2166 1638 2202 Dominus
1668 2165 1790 2202 dicit:

1014 2214 1225 2259 Operaminz'
1241 2214 1360 2248 cibum
1375 2215 1439 2258 qui
1455 2224 1526 2248 non
1538 2215 1648 2259 perit3
1677 2212 1797 2259 quoti·

1014 2261 1147 2296 dianus
1186 2260 1321 2296 dicitur
1356 2259 1426 2295 iste
1464 2259 1589 2306 panis,
1618 2259 1798 2306 quamdiu

1014 2308 1126 2343 durat
1138 2308 1218 2343 haec
1232 2307 1309 2342 vita
1324 2307 1559 2353 temporalis.
1576 2307 1723 2343 Dictum
1741 2309 1797 2342 est

1015 2360 1155 2398 autem,
1179 2355 1227 2390 da
1248 2353 1359 2390 nobis
1382 2353 1509 2399 hodie,
1532 2353 1635 2400 quod
1658 2353 1796 2390 intelli-

1015 2403 1114 2447 gitur
1145 2412 1213 2448 pro
1249 2404 1328 2437 toto
1360 2404 1531 2447 tempore
1566 2402 1678 2447 hujus
1709 2400 1795 2436 vitae

1014 2450 1209 2492 humanae3
1233 2448 1270 2483 in
1291 2448 1416 2484 futura
1439 2448 1538 2483 enim
1553 2447 1617 2488 eis,
1646 2446 1709 2493 qui
1734 2447 1796 2483 hic

1014 2498 1247 2540 meruerunt,
1265 2506 1341 2531 non
1369 2495 1571 2540 auferetur,
1595 2494 1683 2541 quia
1710 2495 1792 2530 cibo

1015 2542 1198 2588 spirituali
1224 2541 1263 2577 in
1295 2545 1479 2578 aeternum
1507 2543 1791 2578 saturabuntur.

1016 2590 1097 2632 Vel,
1120 2600 1253 2635 panem
1279 2593 1441 2624 nostrum
1463 2589 1717 2635 quotidianum
1745 2588 1794 2624 da

1014 2637 1117 2672 nobis
1133 2637 1251 2677 hodie,
1264 2635 1302 2672 id
1318 2639 1373 2672 est
1387 2646 1524 2682 panem
1542 2637 1792 2672 sacramenta-

1015 2684 1087 2719 lem
1110 2686 1146 2719 et
1168 2682 1291 2719 vivum
1316 2682 1378 2729 qui
1405 2683 1451 2719 de
1471 2682 1563 2719 coelo
1585 2681 1790 2726 descendit,

1017 2729 1080 2776 qui
1095 2734 1151 2766 est
1163 2729 1548 2776 supersubstantialis,
1559 2728 1598 2765 id
1609 2731 1665 2765 est
1678 2738 1792 2774 super
