1943 3141
180 226 218 257 (LS
698 220 844 253 PRIMAE
884 220 1043 254 etr-TIS
1081 221 1218 253 CAl'l‘T
1259 221 1301 252 {1¹}

182 289 391 333 tributu-ia,
415 300 478 324 scu
506 287 763 333 stipendiaria.
793 290 878 325 llaec
899 289 961 325 de-

181 337 332 382 scriptio
372 335 589 382 quotannis,
633 335 669 371 id
709 339 764 371 est
802 336 960 381 siugulis

180 385 306 426 anuis,
336 388 469 429 postea
496 382 593 418 sacta
617 382 776 426 videtur,
806 383 892 428 quia
925 385 960 418 in

180 431 382 475 Evangelio
409 429 544 475 legitur
585 441 592 463 :
637 431 812 474 Mung'ster
846 434 961 465 vester

181 491 253 515 non
271 480 380 512 solt-it
407 478 636 512 didrachma.

229 529 248 561 5
268 527 348 560 ITsn
376 526 502 560 Mmiffi:
524 536 564 559 ET
587 526 721 560 Josizrn
744 525 959 558 anmmt

179 576 280 610 Jt'DAE
296 583 524 607 x‘izxiizxrnm.
548 592 576 596 ο-
598 573 642 606 Et
659 571 761 605 ibant
775 580 906 610 omnes,
922 573 960 604 ut

180 622 436 666 profiterentur
448 619 587 662 singyztlt'
600 620 636 652 in
649 628 749 652 suam
761 619 959 657 civitatem,

181 667 282 703 unde
319 667 500 702 duxerant
524 664 723 716 originem.
750 664 958 709 Appropin-

181 718 321 760 quante
348 717 472 748 autem
501 717 659 747 termino
693 720 825 745 novem
856 720 959 744 men-

182 762 294 803 sium,
316 760 493 799 ascendit,
517 758 721 794 secuudum
742 756 812 792 loci
833 756 959 799 situm,

183 812 218 844 ct
236 809 366 852 Joseph
388 819 409 841 ιι
434 807 585 842 Gulilzra
611 805 653 839 de
677 806 825 839 civitate
843 805 890 840 Nc
903 815 962 838 za·

183 857 274 895 reth,
287 854 346 890 ubi
365 854 555 896 manebat,
572 854 607 886 in
629 851 791 886 ‚lactatam
814 853 850 885 in
870 852 960 885 eivi-

184 906 293 938 tatem
314 901 446 939 nat-m,
467 899 553 944 quia
575 898 622 933 ibi
648 902 757 933 natus
775 902 844 939 est,
868 900 904 932 et
925 897 961 932 in

185 959 311 994 regent
326 953 458 983 unctus
473 947 558 988 t⁴uit;
576 956 654 990 1111ae
669 949 814 980 coeatur
825 945 960 979 Bethle-

185 998 263 1031 hem
278 1008 287 1030 :
300 1006 336 1029 e«)
349 995 447 1039 quod
461 994 505 1027 de
520 993 635 1033 rlomo,
653 992 687 1027 id
701 995 755 1026 est
767 990 959 1037 progenie,

185 1047 219 1078 et
232 1044 381 1085 familia
399 1041 516 1075 Dru-iet
529 1043 617 1073 essct
633 1039 773 1084 Joseph
789 1049 830 1073 ac
849 1039 961 1073 ctiam

186 1089 316 1130 Maria,
331 1092 364 1123 et
383 1087 430 1123 ibi
443 1086 635 1121 habitabat
651 1096 779 1120 eorum
796 1095 915 1130 genus
927 1088 962 1120 et

185 1135 345 1177 familia3
360 1139 399 1168 ut
414 1137 448 1168 et
467 1134 558 1178 ipsc,
573 1134 666 1167 sicut
680 1131 808 1174 ceteri,
820 1134 964 1177 profite-

184 1187 285 1218 retur
302 1193 381 1216 cum
398 1182 436 1216 M
439 1183 519 1215 aria
533 1182 750 1224 desponsata
766 1179 838 1213 sibi
851 1189 964 1214 uoeore

182 1232 406 1276 praeyrmnte.
430 1228 496 1263 Ubi
522 1226 605 1261 vide
635 1226 848 1267 Dominum,
875 1236 962 1271 pro-

185 1280 268 1323 pter
290 1280 340 1318 te,
364 1275 476 1310 etiam
504 1272 623 1319 capite
649 1271 778 1308 censui
802 1271 963 1307 adscribi

186 1326 222 1360 in
243 1322 368 1366 terris,
382 1325 421 1357 ut
434 1325 471 1357 et
493 1330 630 1356 nomen
648 1322 756 1355 tuum
776 1318 964 1355 adscriba-

188 1378 246 1407 tur
266 1370 301 1405 in
326 1369 440 1404 coelis.
465 1370 503 1403 In
529 1378 601 1413 quo
623 1365 724 1402 dedit
751 1366 963 1411 exemplum

186 1415 410 1454 humilitatis
430 1415 618 1461 perfectae,
645 1424 667 1449 a
694 1423 768 1458 qua
795 1413 965 1449 Salvator

187 1463 314 1510 incipit
334 1474 355 1499 a
378 1461 584 1504 nativitate,
606 1463 642 1496 et
663 1470 746 1496 eam
767 1459 963 1496 continua-

187 1513 239 1547 vit
265 1521 381 1555 usque
415 1509 462 1545 ad
483 1512 656 1550 mortem,
682 1507 719 1542 in
754 1518 826 1552 qua
845 1508 963 1542 humi-

188 1561 295 1594 liat-it
331 1559 581 1602 semetipsum,
622 1556 743 1597 factus
799 1554 965 1589 obediens

187 1617 301 1651 usque
321 1617 340 1638 a
358 1608 518 1645 mortem,
533 1606 680 1637 'mortem
701 1605 817 1636 autem
834 1603 962 1637 crucis.

190 1653 294 1689 Unde
309 1652 430 1687 Berlzc:
453 1665 465 1681 ιι
482 1650 592 1695 Cujus
609 1660 683 1683 non
697 1651 967 1692 proetereunter

188 1704 295 1736 tanta
326 1703 477 1743 tamque
503 1695 667 1741 benigna
691 1699 745 1730 est
773 1694 966 1730 humilitas

188 1746 395 1783 intuenda:
417 1744 502 1790 quia
534 1754 605 1778 non
633 1743 752 1778 solum
775 1741 965 1777 incarnari

187 1805 256 1840 pro
277 1792 399 1835 nobis,
424 1791 488 1827 scd
509 1794 545 1826 et
571 1801 614 1825 eo
638 1796 804 1835 tempore
837 1788 966 1834 digna-

189 1845 249 1877 tus
289 1840 335 1876 sit
371 1837 558 1874 incarnari
580 1866 587 1877 ,
629 1847 700 1882 quo
741 1846 824 1871 mox
857 1839 966 1871 natus

190 1887 318 1924 censui
350 1885 508 1922 Caesaris
543 1883 832 1926 adscriberetur,
854 1887 965 1928 atque

190 1936 237 1971 ob
265 1933 383 1969 nostri
416 1931 678 1968 liberationem
704 1929 784 1976 ipse
813 1929 965 1965 servitio

189 1981 425 2018 subderetur.
449 1994 465 2010 »

237 2033 255 2072 4
277 2030 391 2063 Hesus
418 2037 568 2061 ITINERIS
589 2036 787 2059 musmo.
809 2045 855 2049 —
875 2025 969 2060 Con-

190 2076 314 2111 sidera
341 2075 452 2110 etiam
474 2072 586 2118 quod,
606 2071 692 2106 licet
714 2072 825 2107 beata
852 2070 965 2116 Virgo

191 2122 308 2159 Maria
323 2123 401 2168 J'am
418 2119 649 2164 concepisset
667 2120 806 2163 Regem
825 2118 908 2153 coeli
930 2121 966 2152 et

190 2174 315 2212 terrae,
344 2168 425 2213 ipsa
457 2171 584 2202 tamen
611 2176 686 2201 una
715 2175 798 2201 cum
828 2175 965 2211 sponso

189 2228 257 2253 suo
295 2215 447 2260 Joseph,
483 2212 666 2257 imperiali
697 2211 818 2247 edicto
848 2211 965 2247 voluit

190 2263 358 2306 obedire,
380 2266 418 2298 ut
442 2263 566 2307 posset
587 2269 671 2295 cum
698 2259 789 2294 Filio
808 2258 931 2294 dicere
955 2270 962 2293 ε

190 2313 250 2348 Sic
262 2311 359 2345 decet
376 2319 438 2344 nos
452 2308 600 2353 implere
609 2307 962 2350 omnemjzcstitiam:

189 2369 234 2394 ac
253 2368 320 2404 per
339 2358 410 2392 hoc
426 2355 532 2391 daret
548 2353 654 2389 nobis
671 2353 881 2397 exemplum
903 2353 966 2387 oh-

190 2402 427 2450 temperandi
448 2401 550 2437 omni
571 2399 743 2446 potestati
764 2399 962 2445 superiori.

189 2453 353 2488 Laborat
389 2460 483 2495 ergo.
515 2448 650 2483 iterum
690 2447 848 2482 Domina
894 2447 964 2482 hoc

187 2500 301 2545 longo
322 2497 470 2533 itinere.
493 2497 584 2531 Nam
603 2505 624 2530 a
644 2494 827 2529 Nazareth
846 2503 963 2539 usque

188 2546 228 2582 in
246 2544 456 2582 Jerusalem
491 2545 575 2578 sunt
612 2541 764 2586 triginta
793 2541 962 2586 quinque

190 2592 379 2636 milliaria,
393 2594 430 2627 et
450 2589 582 2625 deinde
601 2589 638 2623 in
655 2587 810 2623 declivio
827 2586 966 2623 montis

188 2640 409 2683 Jerusalem,
431 2647 560 2674 versus
583 2634 792 2678 meridiem,
814 2634 884 2669 sita
911 2637 966 2670 est

189 2687 422 2730 Bethlehem,
442 2695 524 2730 quae
543 2686 578 2719 et
598 2683 762 2728 Ephrata
776 2685 831 2717 est
852 2680 964 2733 dicta,

188 2735 331 2771 distans
346 2745 367 2770 a
381 2731 603 2774 Jerusalem,
620 2740 687 2776 per
707 2728 870 2780 quinque
887 2728 967 2780 mil-

187 2782 308 2825 liaria,
325 2781 381 2817 vel
397 2780 508 2815 circa.
528 2779 577 2813 Ex
594 2777 759 2812 hocloco
780 2775 966 2820 colligitur

188 2830 286 2875 quod
300 2830 409 2865 beata
429 2827 540 2872 Virgo
564 2823 693 2868 Maria,
707 2822 791 2859 licet
811 2821 967 2868 gravida

1032 293 1148 331 esset,
1184 292 1219 324 et
1243 289 1321 334 jam
1352 287 1476 324 vicina
1502 289 1640 334 partui,
1662 300 1738 326 non
1763 294 1818 328 ta-

1034 346 1118 371 men
1144 347 1185 371 ex
1214 335 1283 371 hoc
1313 336 1545 381 gravabatur
1572 335 1609 371 in
1643 347 1815 384 corpore,

1035 382 1123 428 quin
1146 382 1215 417 iret
1236 383 1281 418 de
1302 382 1544 428 provinciam
1559 383 1812 429 provinciam:

1034 429 1136 474 quia,
1160 433 1198 465 ut
1223 428 1311 464 dicit
1335 430 1580 472 Achzcstinus,
1604 441 1689 466 cum
1717 435 1817 468 esset

1035 475 1147 521 Virgo
1176 475 1345 521 gravida,
1367 476 1504 512 salubri
1531 476 1683 513 levitate
1714 478 1818 524 plau-

1034 522 1159 558 debat.
1182 524 1324 558 Lumen
1345 522 1445 558 enim
1465 524 1563 568 quod
1586 523 1624 559 in
1642 535 1682 560 se
1699 525 1816 562 habe-

1034 570 1097 605 bat
1120 597 1128 613 ,
1169 569 1316 614 pondus
1358 569 1497 604 habere
1535 581 1612 606 non
1652 575 1813 617 poterat.

1034 615 1245 651 Referendo
1284 615 1430 661 singula
1471 615 1642 661 singulis,
1675 619 1816 665 Joseph

1033 662 1164 697 volens
1203 662 1349 697 solvere
1392 672 1547 698 censum
1593 663 1813 709 imperatori

1034 707 1379 752 terreno‚ascendit
1397 708 1442 744 de
1463 709 1655 754 provincia
1675 710 1713 746 in
1733 722 1818 758 pro-

1033 755 1211 798 vinciam,
1244 755 1385 791 scilicet
1420 756 1464 791 de
1502 756 1653 793 Galilaea
1686 757 1725 793 in
1749 760 1815 795 Ju-

1035 803 1169 845 daeam,
1204 805 1239 837 et
1274 802 1319 837 de
1354 801 1501 838 civitate
1529 803 1569 838 in
1608 803 1815 851 civitatem,

1035 849 1177 885 scilicet
1197 849 1242 884 de
1263 850 1447 885 Nazareth
1470 849 1508 884 in
1532 850 1766 888 Bethlehem.

1083 900 1102 931 5
1145 898 1302 931 Mysum
1351 908 1627 933 INTERPRETATIO
1663 900 1813 945 Josnpn,

1034 944 1223 979 NAZARETH
1243 955 1283 978 ΕΤ
1304 944 1532 986 BETHLEHEM.
1553 964 1593 970 —
1607 945 1814 990 Mor-aliter,

1033 992 1051 1026 J
1057 991 1188 1036 oseph,
1202 990 1262 1036 qui
1279 990 1552 1036 interpretatur
1566 996 1815 1035 auymentum,

1035 1038 1071 1073 id
1092 1041 1160 1081 est,
1178 1037 1335 1082 quilibet
1354 1041 1539 1082 nostrum,
1559 1038 1691 1075 volens
1711 1039 1819 1086 spiri-

1033 1084 1187 1120 tualiter
1202 1084 1345 1130 augeri,
1357 1084 1385 1119 si
1406 1085 1551 1121 solvere
1567 1085 1645 1121 vult
1663 1097 1818 1123 censum

1035 1131 1246 1167 devotionis
1283 1135 1423 1167 {eterno
1465 1131 1570 1178 Regi,
1611 1133 1725 1170 debet
1762 1133 1818 1170 ire

1035 1177 1210 1224 passibus
1244 1178 1439 1222 virtutum,
1469 1182 1505 1214 et
1535 1180 1739 1216 ascendere
1770 1181 1816 1217 de

1036 1225 1203 1268 Galilaea,
1225 1224 1262 1260 id
1296 1229 1366 1268 est,
1389 1226 1435 1261 de
1456 1226 1595 1262 mundo
1616 1229 1653 1263 et
1673 1227 1817 1264 volubi-

1036 1271 1140 1307 litate
1179 1271 1381 1307 mundanae
1419 1273 1727 1319 conversationis,
1770 1275 1818 1311 ad

1035 1319 1203 1355 Judaeam
1220 1318 1464 1354 consessionis
1477 1322 1513 1355 et
1526 1319 1647 1356 laudis
1666 1320 1815 1357 divinae.

1036 1367 1128 1401 Nam
1140 1364 1293 1401 Galitaea
1304 1365 1571 1412 interpretatur
1580 1369 1818 1413 transmiqra-

1036 1414 1099 1454 tio,
1129 1412 1186 1448 vel
1223 1416 1316 1453 rota,
1355 1423 1420 1448 seu
1454 1414 1648 1458 volubili35
1683 1415 1815 1452 Judaea

1036 1470 1139 1503 vero,
1162 1461 1350 1503 confessio.
1374 1461 1416 1495 Et
1449 1459 1501 1495 sic
1523 1461 1659 1506 eundo,
1680 1472 1816 1499 ascen·

1037 1507 1091 1543 dit
1111 1507 1157 1542 de
1179 1505 1361 1542 Nazareth
1376 1506 1414 1542 in
1426 1507 1661 1554 Bethlehem,
1683 1508 1721 1544 id
1741 1512 1813 1553 est,

1037 1564 1059 1589 a
1079 1553 1213 1589 florida
1232 1553 1409 1589 virtutum
1430 1554 1589 1599 actione,
1603 1555 1651 1591 ad
1666 1560 1815 1601 pastum

1038 1599 1365 1646 contemplationis
1383 1600 1554 1645 internae,
1573 1601 1613 1637 in
1634 1612 1708 1648 qua
1727 1613 1816 1639 vera

1037 1647 1189 1683 refectio
1201 1658 1244 1682 an
1254 1649 1410 1682 imarum
1420 1647 1620 1684 invenitur.
1631 1649 1815 1685 Nazareth

1037 1695 1137 1730 enim
1158 1696 1234 1738 Ῑῑος,
1258 1698 1294 1730 et
1315 1694 1530 1730 Bethlehem
1550 1696 1675 1732 domus
1689 1699 1814 1742 panis.

1038 1741 1074 1776 id
1090 1745 1160 1785 est,
1171 1742 1296 1776 (lomus
1309 1743 1515 1784 refectionis
1528 1741 1812 1789 interpretatur.

1037 1788 1214 1824 Ascendit
1248 1791 1371 1823 autem
1404 1790 1543 1834 Joseph
1579 1800 1662 1825 cum
1683 1789 1815 1834 Maria,

1038 1836 1124 1881 quia
1148 1845 1296 1880 semper
1325 1835 1504 1871 debemus
1531 1836 1727 1873 nobiscum
1748 1838 1815 1874 ha-

1038 1883 1126 1918 bere
1145 1882 1527 1928 poenitentiam,sicut
1541 1884 1680 1930 Joseph
1696 1894 1818 1930 usque

1037 1929 1084 1965 ad
1105 1933 1263 1965 mortem
1289 1928 1418 1965 habuit
1448 1929 1618 1975 Mariam,
1648 1941 1730 1977 quae
1757 1931 1815 1967 in-

1036 1979 1266 2021 terpretatur
1286 1987 1385 2011 mare
1407 1987 1585 2012 amarum.
1737 1979 1740 1983 ’

1084 2027 1104 2058 6
1130 2025 1325 2058 Hospmmt
1363 2035 1433 2058 Nox
1473 2035 1676 2067 INVENIENS,
1697 2025 1816 2060 MAmA

1037 2082 1239 2105 PRAESEPIL'M
1256 2082 1395 2105 INTRAT.
1414 2091 1454 2095 —
1469 2071 1634 2116 Cumque
1654 2070 1693 2106 in
1706 2071 1815 2107 Beth-

1037 2117 1162 2153 lehem
1199 2121 1336 2161 essent,
1359 2116 1445 2163 quia
1477 2127 1662 2163 pauperes
1691 2121 1813 2162 erant,

1036 2163 1241 2210 hospitium
1280 2163 1450 2200 invenire
1482 2175 1556 2199 non
1594 2167 1812 2210 potuerunt,

1037 2215 1191 2259 propter
1228 2214 1450 2246 conventum
1489 2215 1524 2247 et
1562 2210 1814 2257 frequentiam

1038 2258 1253 2302 multorum,
1285 2257 1348 2304 qui
1375 2259 1422 2294 ob
1453 2258 1625 2294 eamdem
1661 2269 1813 2294 causam

1038 2309 1319 2341 concurrerant.
1364 2305 1585 2350 Compatere
1640 2304 1702 2341 hic
1739 2306 1812 2342 Do-

1036 2353 1162 2396 minae,
1179 2356 1214 2388 et
1235 2352 1406 2398 conspice
1419 2351 1618 2388 delicatam
1634 2353 1814 2398 ¹juvencu-

1037 2400 1111 2435 lam
1147 2410 1330 2435 annorum
1373 2399 1600 2445 quindecim,
1628 2410 1671 2435 ex
1700 2399 1812 2445 longo

1036 2447 1171 2483 itinere
1192 2446 1399 2492 fatigatam,
1423 2450 1459 2482 et
1479 2457 1562 2482 cum
1589 2446 1815 2482 verecundia

1037 2494 1136 2530 inter
1150 2493 1322 2529 homines
1339 2497 1561 2537 versantem,
1582 2495 1812 2539 quaerentem

1037 2540 1100 2577 ubi
1117 2540 1383 2586 requiesceret,
1399 2544 1436 2576 et
1449 2551 1525 2576 non
1539 2539 1810 2576 invenientem.

1038 2588 1177 2624 Omnes
1201 2598 1284 2623 eam
1320 2591 1354 2623 et
1376 2587 1517 2623 socium
1554 2585 1749 2623 licentiant
1777 2590 1815 2623 et

1037 2634 1233 2679 abdicunt3
1252 2638 1288 2670 et
1305 2634 1358 2670 sic
1377 2634 1416 2670 in
1432 2633 1618 2670 communi
1634 2633 1812 2676 transitu,

1037 2682 1075 2716 in
1104 2681 1351 2717 diversorium
1383 2691 1423 2718 se
1451 2683 1688 2726 receperunt,
1711 2681 1812 2726 quod

1037 2727 1136 2763 intra
1165 2728 1366 2772 civitatem,
1388 2727 1427 2763 in
1453 2727 1541 2771 fine,
1562 2727 1669 2773 juxta
1699 2738 1811 2763 unam

1037 2779 1229 2821 portarum
1246 2776 1313 2811 sub
1333 2785 1424 2820 rupe
1445 2785 1607 2810 concava
1622 2777 1717 2819 erat,
1735 2785 1812 2810 non

1038 2823 1182 2858 habens
1193 2823 1353 2868 desuper
1373 2825 1526 2866 tectum,
1544 2825 1583 2857 ut
1601 2820 1714 2858 hodie
1732 2831 1814 2858 cer-
