1902 3126
674 132 725 165 DE
764 131 986 166 BAPTISMO
1025 131 1203 167 DOMINI.
1703 134 1760 168 185

172 207 193 241 8
213 205 343 241 Novtm
381 213 607 240 HUMILITATIS
645 211 834 236 excurrunt
869 212 905 236 nv

125 252 293 290 Cnmsro.
330 271 375 277 —
415 249 526 286 Vides
556 248 683 300 itaque
716 247 905 292 quomodo

125 300 371 345 augmentata
396 299 453 333 est
484 296 632 331 Domini
663 293 857 330 humilitas
883 304 906 330 a

123 344 436 393 praecedentibus.
467 343 519 378 Ibi
555 341 654 378 enim
685 340 906 387 parentibus

124 393 298 430 subditus
324 393 430 433 erat;
468 387 530 424 hic
567 389 680 424 verbo
718 398 757 424 se
792 388 905 424 etiam

125 449 234 476 servo
254 436 417 483 subjicit,
440 446 554 482 seque
575 435 743 479 vilificat,
764 445 807 470 ac
826 445 905 470 ser-

124 496 211 522 vum
233 483 417 531 justificat
451 485 488 518 et
518 482 747 529 magnificat.
778 482 850 518 Sed
871 485 907 518 et

122 532 162 569 in
181 531 255 568 alio
276 530 478 566 considera
499 529 690 576 quomodo
724 529 806 574 ejus
830 539 908 565 cre-

122 578 176 615 vit
194 577 399 614 humilitas.
421 578 514 612 Nam
542 587 660 622 usque
682 576 791 612 modo
813 587 906 612 con-

121 627 294 662 versatus
309 627 367 660 est
387 623 555 667 humilis,
575 624 682 669 quasi
710 623 853 659 inutilis
871 626 908 659 et

122 671 306 754 abiectus.
336 670 403 707 Hic
435 676 562 707 autem
592 670 705 707 etiam
733 673 908 716 peccator

119 729 167 755 vo
185 718 239 754 uit
259 728 444 764 apparere
466 717 698 754 110111111111115.
728 719 906 754 Peccato-

120 765 226 802 ribus
241 765 341 801 enim
353 764 585 811 praedicabat
598 766 768 801 Joannes
783 764 906 810 1110111-

126 812 297 856 tentiam,
319 815 357 848 et
378 822 443 848 eos
470 811 698 858 baptizabat,
722 815 759 847 et
780 811 905 847 Domi-

121 869 194 896 nus
213 860 324 896 Jesus
345 858 445 895 inter
471 869 535 894 eos
554 864 589 894 et
617 869 744 894 coram
765 858 820 895 eis
842 860 906 895 ba-

120 905 256 990 Etizari
270 905 400 950 voluit,
423 909 616 951 tamquam
646 916 739 941 unus
754 916 796 941 ex
818 905 904 941 illis.

152 956 167 989 t
185 952 272 989 licet
292 952 392 988 idem
407 952 478 988 dici
502 956 628 999 posset
647 952 694 988 de
714 952 907 988 eircumci-

122 999 246 1045 sione‚
263 999 354 1046 quia
369 999 486 1036 voluit
498 1003 674 1046 peccator
693 1009 877 1046 apparere
895 1011 903 1044 ;

122 1049 250 1084 tamen
270 1047 330 1083 hic
346 1046 428 1093 plus
443 1051 499 1083 est
515 1058 524 1091 3
538 1047 628 1092 quia
643 1057 771 1082 coram
794 1047 906 1083 turba

120 1093 285 1141 publice,
311 1095 376 1130 sed
412 1093 463 1130 ibi
497 1093 617 1139 magis
645 1094 805 1130 occulte.
833 1094 905 1130 Sed

122 1151 254 1178 nonne
269 1140 479 1177 timendum
500 1141 635 1186 fuerat,
657 1152 740 1177 cum
764 1141 841 1187 ipse
867 1152 905 1176 se

122 1188 259 1225 amodo
275 1187 388 1224 vellet
409 1188 604 1224 intendere
632 1188 679 1224 ad
700 1188 906 1234 praedican-

122 1234 227 1279 dum,
242 1246 289 1271 ne
311 1240 504 1281 tamquam
517 1239 692 1282 peccator
711 1245 906 1281 spernere-

120 1282 207 1318 tur?
226 1283 307 1318 Non
327 1286 530 1328 propterea
551 1282 691 1318 dimisit
713 1282 902 1318 humilita-

119 1328 166 1366 tis
192 1330 387 1376 magister,
413 1329 503 1375 quin
536 1329 826 1376 profundissime
864 1340 904 1366 se

120 1375 352 1412 humiliaret.
391 1378 473 1422 Ipse
511 1387 600 1422 ergo
648 1380 802 1423 propter
836 1387 904 1413 nos

121 1422 366 1460 instruendos
382 1423 499 1459 voluit
513 1434 695 1470 apparere
709 1424 810 1469 quod
828 1434 904 1459 non

119 1473 215 1515 erat,
252 1470 290 1506 iu
322 1470 379 1506 sui
413 1471 668 1517 abjectionem
700 1475 737 1506 et
770 1470 903 1517 despe-

119 1517 304 1561 ctionem;
320 1520 358 1553 at
377 1528 445 1553 nos
460 1528 480 1553 e
498 1521 628 1553 contra
646 1517 819 1553 volumus
837 1527 902 1563 ap-

117 1574 256 1611 parere
283 1564 382 1610 quod
411 1575 485 1600 non
508 1575 650 1609 sumus,
671 1564 709 1600 in
733 1568 903 1600 nostram

116 1610 279 1658 gloriam
301 1614 338 1647 et
364 1611 526 1647 laudem.
549 1611 586 1647 Si
613 1612 703 1657 quid
733 1611 769 1646 id
794 1611 903 1647 nobis

115 1657 265 1694 videtur
285 1668 366 1694 esse
394 1658 608 1704 probitatiS‚
633 1657 871 1694 ostendimus
892 1669 900 1702 ;

115 1705 286 1742 defectus
320 1715 425 1749 vero,
464 1705 527 1751 qui
567 1705 606 1740 in
634 1706 743 1741 nobis
783 1708 871 1742 sunt
891 1732 901 1750 ,

117 1752 299 1789 celamus.
333 1753 385 1788 Ex
410 1753 482 1788 hoc
512 1751 626 1788 etiam
652 1752 796 1799 poteris
820 1753 902 1799 ejus

113 1798 370 1836 humilitatem
407 1799 648 1836 considerare
668 1828 677 1845 ,
723 1800 822 1846 quod
862 1799 902 1836 in

113 1845 351 1893 suscipiendo
388 1847 632 1893 baptismum,
671 1851 709 1883 et
746 1848 783 1882 in
817 1846 902 1883 aliis

113 1903 198 1940 quae
233 1893 440 1929 secundum
478 1895 616 1939 Legem
650 1894 900 1939 debebantur,

112 1939 296 1978 Dominus
324 1939 431 1985 Legis
458 1943 495 1976 et
519 1950 632 1986 supra
655 1942 792 1985 Legem
824 1941 901 1978 exi-

111 1991 216 2024 stens
243 1987 406 2023 faciebat
427 1991 466 2022 ut
492 1987 605 2023 ceteri
621 1987 810 2031 homines,
832 1998 902 2024 nec

110 2034 265 2071 volebat
304 2034 403 2070 ullas
450 2035 592 2070 habere
628 2034 901 2080 praerogativas
935 2035 937 2052 l

110 2081 308 2129 speciales.
343 2082 424 2117 Non
446 2084 499 2117 sic
521 2081 627 2117 multi
649 2081 687 2116 in
709 2083 901 2117 communi

110 2129 410 2182 congregatione
431 2128 545 2175 positi
563 2129 717 2172 faciunt,
738 2128 801 2174 qui
823 2139 901 2175 prae
935 2131 937 2143 ⁴

109 2179 248 2213 ceteris
274 2179 546 2223 praerogativas
583 2177 799 2222 singulares
833 2177 900 2212 ha-

110 2223 202 2261 bere
225 2225 370 2259 volunt.

162 2285 183 2318 9
198 2271 425 2307 Barrizuun
446 2271 637 2315 CHRISTUS,
654 2281 824 2306 CORPORIS
843 2281 903 2306 TA-

117 2328 181 2354 CTU
203 2329 319 2358 AQUAS
348 2330 392 2353 AD
422 2320 629 2354 BAPTffiMUM
657 2329 897 2354 CONSECRANS.

120 2385 167 2391 -
183 2365 276 2401 Cum
297 2375 386 2410 ergo
402 2367 571 2402 Joannes
586 2367 825 2410 cognovisset
839 2365 902 2410 ju-

120 2411 262 2448 stitiam
303 2411 377 2456 sic,
423 2418 459 2448 et
487 2413 550 2448 tali
597 2412 730 2448 ordine
764 2412 902 2448 debere

120 2458 323 2505 compleri;
345 2459 505 2506 Spiritus
527 2459 626 2496 enim
651 2459 688 2494 in
710 2462 902 2495 momento

121 2516 208 2543 eum
255 2506 382 2543 docuit.
420 2507 519 2553 quod
571 2506 675 2552 prius
715 2505 903 2551 nescivit,

122 2556 222 2595 tunc,
252 2554 440 2590 consensit
466 2558 504 2590 et
532 2554 675 2589 dimisit
701 2564 794 2595 eum,
822 2563 844 2589 a
864 2564 902 2590 se

121 2600 318 2648 baptizari,
341 2601 377 2637 id
399 2605 469 2645 est,
501 2612 577 2637 11011
608 2600 766 2637 ulterius
794 2600 903 2637 resti-

118 2647 178 2693 tit,
200 2658 276 2685 non
314 2648 470 2685 ulterius
507 2647 746 2693 contradixit,
781 2647 903 2694 quini-

119 2705 197 2741 mo,
235 2698 274 2732 111
322 2696 579 2743 baptizaretur
620 2695 821 2742 acquievit,
869 2699 905 2732 et

121 2752 207 2781 eum
234 2743 442 2781 secundum
463 2753 570 2781 suam
596 2744 829 2781 voluntatem
847 2742 905 2780 fa-

980 211 1065 237 cere
1089 202 1271 247 permisit.
1295 202 1406 246 Quasi
1429 203 1580 239 tenebat
1596 212 1682 239 eum
1702 203 1763 240 Jo-

981 258 1112 291 anneS‚
1133 252 1170 283 et
1194 250 1405 285 reverentia
1428 250 1674 294 prohibendo,
1697 250 1763 286 sed

980 294 1119 329 dimisit
1153 305 1254 340 eum,
1294 297 1524 340 obe‹liendo;
1550 308 1637 333 vera
1663 296 1763 334 enim

980 344 1038 377 est
1065 341 1269 386 humilitas,
1293 353 1403 387 quam
1430 354 1555 379 comes
1581 343 1763 380 obedien·

981 389 1033 423 tia
1072 398 1148 423 non
1182 388 1321 424 deserit
1342 401 1350 432 ;
1392 394 1427 425 01
1467 392 1549 426 ideo
1596 390 1763 428 officium

981 435 1083 481 quod
1120 434 1223 480 prius
1260 435 1397 471 timens
1438 440 1474 472 et
1511 449 1764 483 expavescens

980 481 1174 518 humiliter
1200 482 1400 526 recusavit,
1436 487 1565 528 postea
1602 495 1762 521 consen-

982 529 1080 565 tiens
1118 532 1155 563 01
1191 529 1372 564 obediens
1409 531 1540 565 devote
1580 531 1760 577 implevit.

982 576 1086 612 Unde
1108 576 1315 611 Bernartius
1340 588 1350 610 :
1386 590 1403 608 «
1423 577 1618 621 Acquievit
1643 580 1758 614 Joan—

982 633 1047 659 nes
1061 627 1097 658 et
1113 622 1292 666 obedivit,
1313 622 1513 668 baptizavit
1527 625 1674 669 Agnum
1693 625 1757 661 Dei

981 673 1018 706 et
1041 670 1148 716 aquis
1169 669 1271 706 lavit.
1293 671 1366 705 Nos
1384 669 1500 706 abluti
1522 681 1664 715 sumus,
1684 682 1760 707 non

979 717 1061 761 ille;
1092 716 1179 762 quia
1207 717 1316 752 nobis
1343 716 1513 753 lavandis
1541 727 1648 762 aquae
1675 728 1762 764 cog-

981 768 1187 800 noscuntur
1207 763 1344 799 ablutae
1362 776 1370 800 :
1395 778 1412 795 »
1438 765 1517 799 baec
1539 765 1762 801 Bernartius.

980 813 1084 847 Nunc
1121 821 1211 857 ergo
1253 811 1348 847 bene
1388 811 1510 857 ipsum
1562 811 1764 847 Dominum

980 857 1169 904 conspice.
1199 858 1345 904 Spoliat
1377 868 1416 894 se
1442 857 1621 894 Dominus
1648 859 1763 904 maJe·

980 905 1087 942 statis
1105 905 1199 941 sicut
1212 905 1367 950 quilibet
1382 905 1478 941 alius
1496 905 1764 950 homunculus,

980 956 1017 988 et
1051 954 1207 988 Creator
1239 952 1514 988 elementorum
1546 951 1699 999 subjicit
1725 963 1766 989 se

979 999 1110 1035 humili
1129 999 1316 1035 elemento
1335 1009 1457 1044 aquae,
1471 1004 1507 1035 et
1527 999 1709 1046 mergitur
1727 1000 1763 1035 in

979 1046 1087 1092 aquis
1112 1046 1271 1092 frigidis,
1301 1049 1471 1092 tempore
1492 1046 1618 1091 magni
1645 1046 1763 1093 frigo-

979 1093 1044 1136 ris,
1068 1104 1135 1139 pro
1166 1097 1294 1129 nostro
1325 1104 1467 1129 amore.
1490 1094 1676 1139 Operatur
1699 1104 1766 1130 no-

979 1145 1095 1177 stram
1136 1141 1309 1185 salutem,
1338 1143 1437 1176 tactu
1467 1141 1562 1176 sacri
1595 1140 1765 1187 corporis

978 1199 1096 1234 aquas
1114 1188 1299 1223 mundans
1319 1191 1354 1223 et
1375 1198 1612 1231 consecrans,
1626 1198 1669 1223 ac
1686 1187 1762 1223 vim

979 1234 1280 1281 regenerationis
1307 1238 1341 1271 et
1358 1236 1419 1281 jus
1446 1234 1687 1281 Baptismatis
1710 1235 1764 1271 eis

979 1283 1548 1328 conseret]s,sacramentumque
1560 1282 1764 1328 Baptisma-

979 1329 1026 1365 tis
1046 1329 1291 1365 sanctificans
1312 1334 1348 1365 01
1369 1329 1614 1373 constituens,
1631 1340 1674 1365 ae
1689 1328 1761 1365 cri-

978 1376 1079 1412 mina
1108 1380 1237 1412 nostra
1258 1376 1386 1412 lavans
1415 1379 1452 1411 01
1494 1386 1672 1423 purgans,
1696 1376 1760 1412 de-

978 1426 1133 1470 sponsat
1159 1423 1229 1459 sibi
1265 1423 1519 1459 universalem
1540 1423 1759 1468 Ecclesiam,

977 1475 1014 1507 et
1034 1482 1166 1506 omnes
1183 1470 1329 1506 animas
1349 1470 1480 1505 fideles
1496 1482 1503 1513 3
1522 1471 1662 1506 namin
1683 1470 1760 1506 fide

976 1517 1219 1563 Baptismatis
1261 1517 1539 1563 desponsamur
1598 1516 1758 1553 Domino

977 1569 1106 1600 nostro
1129 1566 1220 1600 Jesu
1235 1564 1398 1608 Christo,
1422 1564 1664 1610 Prophetain
1676 1573 1758 1610 per-

976 1622 1071 1647 sona
1089 1611 1205 1657 ipsius
1226 1611 1376 1647 dicente
1400 1624 1410 1646 .·
1431 1612 1619 1656 sponsabo
1641 1614 1673 1646 te
1689 1612 1759 1646 mi-

977 1660 1015 1694 m·
1047 1660 1084 1694 in
1111 1659 1204 1704 fiale,-
1229 1658 1329 1694 unde
1364 1659 1443 1694 haec
1468 1657 1690 1694 solemnitas
1724 1662 1762 1694 et

975 1707 1057 1742 haee
1077 1705 1246 1752 operatio
1280 1706 1389 1741 valde
1416 1705 1517 1741 utilis
1550 1708 1606 1741 est
1628 1707 1666 1741 et
1684 1715 1764 1741 ma·

975 1764 1063 1800 gna,
1086 1758 1123 1789 01
1138 1753 1222 1789 11100
1239 1753 1413 1789 laetanter
1426 1756 1553 1788 cantat
1564 1751 1733 1788 Ecclesia
1750 1764 1758 1787 t

974 1802 1092 1836 Hodie
1115 1801 1248 1836 coelestz·
1274 1801 1413 1846 Sponso
1444 1801 1577 1845 juncta
1613 1803 1665 1836 est
1690 1801 1761 1836 Ec-

976 1849 1085 1884 clesia
1107 1876 1116 1889 ,
1155 1849 1330 1893 quoniam
1375 1849 1414 1883 in
1468 1848 1627 1883 Jorclane
1671 1848 1764 1882 lavit

977 1896 1142 1933 Christus
1169 1895 1249 1940 ejus
1290 1896 1458 1930 crimina.
1502 1895 1606 1930 Unde
1633 1894 1763 1930 Ansel-

975 1953 1055 1978 mus
1078 1955 1088 1977 .·
1113 1957 1131 1974 «
1151 1943 1197 1978 At
1218 1952 1306 1977 vero
1330 1941 1391 1977 ubi
1418 1940 1644 1977 robustioris
1669 1944 1762 1977 aeta-

975 1989 1023 2025 tis
1056 1988 1250 2035 plenitudo
1280 1987 1447 2031 advenit,
1471 1987 1654 2023 missurus
1680 1997 1761 2024 ma-

976 2047 1046 2071 nus
1064 2036 1111 2071 ad
1135 2035 1261 2079 fortia,
1290 2046 1466 2081 egressus
1487 2034 1579 2070 05111
1599 2034 1760 2071 salutem

978 2082 1101 2128 populi
1128 2082 1195 2126 tui,
1219 2085 1261 2117 ut
1281 2083 1387 2128 gigas
1412 2082 1519 2117 fortis
1543 2082 1590 2117 ad
1610 2092 1762 2118 curren-

976 2130 1062 2165 dam
1086 2129 1183 2165 viam
1207 2128 1321 2164 totius
1350 2132 1488 2164 nostrae
1519 2128 1695 2165 miserice.
1718 2129 1762 2164 Et

976 2177 1139 2223 primum
1162 2176 1313 2222 quidem
1335 2180 1373 2211 111
1395 2186 1460 2222 per
1481 2177 1608 2212 omnia
1629 2179 1665 2212 te
1686 2175 1762 2212 fra-

977 2224 1098 2260 tribus
1132 2223 1378 2266 assimilares,
1404 2233 1553 2259 servum
1572 2227 1677 2259 tuum
1695 2223 1761 2259 ba-

977 2271 1180 2317 ptizantem
1198 2274 1414 2317 peccatores
1430 2270 1466 2305 in
1485 2269 1762 2316 poenitentiam,

978 2324 1171 2364 tamquam
1209 2321 1382 2363 peccator
1419 2317 1545 2361 adisti,
1579 2317 1762 2364 baptizari

978 2376 1128 2411 quoque
1150 2371 1184 2401 tc
1206 2365 1419 2411 postulasti.
1442 2366 1629 2400 Innocens
1655 2366 1763 2410 Agne

978 2412 1058 2456 Dei,
1081 2423 1193 2458 quem
1213 2413 1316 2448 nulla
1336 2411 1477 2458 peccati
1499 2412 1598 2447 stilla
1618 2412 1675 2447 vel
1697 2421 1762 2447 co-

976 2459 1108 2507 gitatio
1125 2470 1301 2506 umquam
1318 2459 1531 2504 maculavit,
1551 2458 1762 2504 baptizatus

978 2518 1032 2552 es,
1056 2518 1131 2543 non
1154 2512 1189 2544 te
1213 2507 1251 2543 111
1277 2507 1399 2554 aquis,
1422 2507 1487 2542 scd
1521 2516 1639 2551 aquas
1658 2504 1696 2540 in
1724 2508 1763 2542 te

979 2555 1233 2601 sanctificans,
1255 2560 1294 2591 ut
1329 2565 1394 2600 per
1415 2564 1478 2589 cas
1505 2552 1763 2588 sanctificares

978 2613 1058 2639 1105.
1071 2616 1088 2634 >>
1112 2603 1217 2638 Unde
1236 2605 1272 2638 et
1288 2603 1579 2646 chrysostomus:
1601 2614 1618 2631 «
1639 2598 1763 2646 Bapti-

979 2653 1084 2686 zatus
1105 2653 1162 2686 est
1189 2649 1358 2687 Christus
1377 2646 1536 2685 Joannis
1559 2647 1761 2692 baptismo,

980 2701 1021 2734 ut
1050 2708 1093 2734 ex
1116 2697 1198 2744 ipsa
1221 2700 1356 2733 natura
1385 2693 1626 2741 Baptismatis
1648 2693 1760 2737 scias,

980 2745 1068 2792 quia
1105 2755 1227 2792 neque
1265 2744 1407 2792 peccati
1455 2751 1567 2778 causa
1589 2768 1599 2787 ,
1638 2750 1761 2788 neque
