1902 3126
673 196 727 230 DE
766 196 1003 230 EPIPIIANIA
1042 197 1210 232 DOMINI.
1725 209 1765 243 93

129 268 210 306 dies
248 269 316 305 sub
351 266 609 314 perseeutione
660 265 795 301 finivit.
834 267 907 302 Nec

132 317 253 352 Puero
285 313 483 351 tolerantia
507 312 709 359 passionis,
732 323 798 349 nec
823 324 907 358 pas-

130 374 218 400 suro
258 361 375 398 defuit
413 360 664 396 mansuetudo
704 360 857 406 puerilis
897 373 904 396 ε

129 410 231 446 unde
250 412 329 446 tota
348 407 569 444 Christiana}
582 406 778 453 sapientiae
799 407 909 444 disci-

129 457 245 512 plina,
270 465 345 492 non
376 454 414 490 in
435 454 666 491 abundantia
690 454 808 500 verbi,
832 466 905 491 non

127 514 166 541 in
183 502 320 540 astutia
341 501 575 548 disputandi,
599 512 722 547 neque
741 502 779 538 in
797 512 907 549 appe-

127 550 197 587 titu
224 549 405 586 laudis'et
436 549 580 595 gloriae,
606 549 672 585 sed
698 549 734 585 in
762 561 850 586 vera
871 554 904 585 et

125 596 339 634 voluntaria
358 597 569 633 humilitate
587 596 770 640 consistit,
793 607 904 643 quam

126 643 307 682 Dominus
327 646 436 681 Jesus
448 646 494 680 ab
516 649 620 680 utero
634 644 906 690 Matris,usque

126 691 174 728 ad
194 691 416 738 supplicium
441 691 562 727 crucis
583 701 650 737 pro
673 692 774 727 omni
798 692 904 728 sorti-

125 738 255 776 tudine
276 742 313 775 et
333 738 458 784 elegit,
475 743 509 775 et
525 738 651 774 docuit
668 750 676 774 :
698 753 715 771 >1
740 740 818 775 liaec
836 741 905 775 Leo

125 786 239 832 Papa.
265 787 310 822 Ut
330 797 419 833 ergo
446 785 567 832 possis
587 789 624 822 et
644 789 683 821 tu
710 786 903 823 diabolum

122 837 162 870 et
186 833 369 870 mundum
395 833 556 877 vincere,
576 832 739 873 coneris,
761 844 828 879 pro
850 833 903 869 vi-

123 881 244 925 ribus,
268 880 492 916 humilitatis
531 891 574 915 ac
607 880 797 926 patientiae
830 880 903 915 vir-

123 931 223 964 tutes
250 927 420 972 exemplo
453 926 588 963 Christi
620 938 791 963 servare:
817 927 905 973 quia

124 974 184 1012 his
217 974 387 1010 munitus
413 973 555 1020 poteris
583 974 743 1010 faciliter
775 976 905 1010 adver-

124 1022 245 1059 sarios
257 1026 293 1058 et
311 1021 483 1057 inimicos
500 1025 576 1057 tam
595 1021 775 1066 visibiles,
792 1032 904 1068 quam

126 1069 346 1113 invisibiles,
369 1079 561 1115 superare.

176 1131 214 1153 12
231 1117 316 1160 Qua-3
330 1128 474 1152 numana
488 1116 904 1162 uitifeacxr—EtMagi,

123 1163 275 1200 invento
296 1165 431 1207 Puero,
454 1166 590 1210 (niel-tis
613 1166 793 1200 thesauris
813 1167 904 1204 suis,

125 1213 163 1248 in
183 1222 258 1258 quo
279 1211 472 1247 moraliter
490 1211 751 1255 insorinamur,
770 1215 811 1247 ut
829 1212 908 1247 the-

124 1269 258 1296 sauros
279 1262 429 1295 nostros
447 1258 485 1294 in
507 1258 566 1294 via
586 1269 660 1294 non
682 1259 905 1305 pandamus,

129 1306 250 1343 donec
263 1305 466 1352 praeteritis
484 1305 670 1349 hostibus,
685 1305 753 1342 soli
773 1308 849 1343 Deo
865 1318 907 1342 ex

128 1354 284 1390 occultis
316 1353 484 1389 cordium
513 1353 736 1397 otieramus;
769 1354 906 1389 obtule-

128 1405 216 1437 runt
252 1400 390 1446 singuli
423 1403 456 1435 ei
483 1411 600 1447 puero
630 1402 733 1444 Jesu,
761 1412 905 1442 (iurum,

130 1449 214 1484 thus
242 1453 274 1484 et
298 1449 497 1493 myrrham.
525 1447 690 1483 Traditio
720 1447 788 1484 suit
815 1448 908 1483 anti-

129 1506 308 1542 quorum,
331 1499 369 1531 ut
398 1495 523 1531 nullus
551 1494 596 1529 ad
620 1496 750 1539 Deum,
776 1495 833 1530 vel
860 1495 907 1530 ad

128 1553 272 1589 regem,
291 1541 438 1578 veniret
455 1552 606 1585 vacuus,
626 1545 663 1577 et
680 1542 759 1577 sine
780 1553 908 1578 mune-

128 1589 245 1627 ribus.
266 1589 412 1625 Arabes
433 1592 559 1624 autem
581 1599 672 1625 auro
692 1592 729 1625 et
749 1588 907 1625 diversis

128 1637 330 1683 generibus
366 1640 580 1672 aromatum
620 1636 827 1681 abundant,
871 1640 906 1673 et

126 1684 218 1721 talia
229 1694 387 1720 munera
403 1683 541 1719 offerre
559 1690 849 1725 consueverunt,
870 1688 907 1720 et

127 1732 211 1768 ideo
247 1730 345 1778 Magi
374 1730 448 1767 ista
483 1731 715 1767 obtulerunt.
751 1733 794 1767 Et
821 1731 908 1767 licet

127 1789 274 1816 morem
294 1789 370 1815 suae
395 1777 519 1825 gentis
539 1777 577 1814 in
609 1778 720 1814 donis
747 1779 907 1815 offeren-

127 1826 186 1863 dis
221 1828 484 1872 sequerentur,
513 1826 584 1862 hoc
618 1829 746 1862 tamen
781 1826 907 1863 divina

126 1873 376 1920 inspiratione
412 1877 469 1908 est
505 1873 661 1917 sactum,
697 1877 736 1909 ut
763 1874 905 1920 aliquid

128 1920 296 1968 mysterii
336 1919 555 1956 muneribus
582 1920 904 1965 demonstrarent,

127 1972 164 2005 et
183 1969 298 2005 fidem
317 1977 422 2003 suam
445 1967 611 2012 mysticis
630 1968 742 2004 rebus
757 1972 907 2015 prolite-

125 2020 259 2052 rentur
281 2027 289 2051 ε
312 2018 391 2050 tum
415 2015 558 2050 seilicet
578 2014 772 2052 Trinitatis
792 2016 905 2052 fidem

126 2067 162 2100 et
178 2062 396 2116 mysterium
414 2063 637 2105 revelantes,
653 2066 689 2098 et
704 2063 740 2098 in
757 2064 905 2099 Christo

126 2111 347 2148 Trinitatem
369 2109 594 2153 adorantes;
617 2113 694 2145 tum
719 2121 803 2146 eum
830 2112 904 2147 Re-

127 2169 212 2205 gem
239 2160 275 2194 et
314 2158 512 2193 Dominum
545 2159 677 2202 Deum,
711 2158 777 2194 sed
809 2169 906 2194 mor-

126 2206 240 2243 talem
256 2204 534 2252 significantes;
555 2208 590 2240 et
606 2205 740 2241 Christi
762 2206 903 2252 regiain

124 2256 371 2301 potestatem,
404 2262 447 2288 ac
473 2252 638 2288 divinam
669 2253 903 2299 majestatem

126 2304 163 2338 et
196 2301 400 2337 humanam
427 2299 695 2336 mortalitatem
725 2311 904 2337 veneran-

125 2351 195 2385 tes.
218 2349 304 2384 Haec
336 2346 437 2383 enim
460 2349 531 2383 tria
555 2347 651 2392 Magi
677 2348 723 2384 de
756 2349 903 2385 Christo

123 2398 395 2442 cognoverunt,
418 2398 458 2429 ut
479 2405 591 2441 supra
608 2396 779 2431 dixerunt
804 2407 811 2431 :
836 2397 904 2432 Ubi

125 2447 178 2479 est
213 2445 278 2488 qui
310 2446 419 2478 natus
453 2446 518 2483 est,
549 2452 634 2478 ecce
669 2443 901 2487 humanita>1;

123 2501 191 2526 rea:
216 2490 436 2530 Judaeorum,
465 2500 551 2525 ecce
584 2489 688 2536 regia
716 2494 902 2537 potestas3

125 2539 288 2574 venimus
310 2537 465 2572 adorare
485 2548 576 2579 cum,
601 2548 684 2573 ecce
714 2537 901 2574 divinitas.

128 2585 369 2632 Significatur
400 2584 500 2620 enim
539 2584 575 2620 in
615 2585 761 2622 Christo
801 2587 905 2632 regia

127 2636 294 2679 potestas
315 2642 383 2678 per
403 2643 551 2676 aurum,
574 2633 674 2678 quod
698 2633 774 2679 regi
796 2634 905 2670 solvi-

128 2678 247 2716 tuF‘in
268 2679 472 2716 tributum:
489 2691 575 2715 nam
597 2691 729 2716 aurum
752 2685 906 2727 propter

129 2727 186 2763 sui
213 2726 447 2763 nobilitatem
477 2739 609 2764 munus
630 2732 686 2763 est
708 2728 846 2775 regale,
869 2733 905 2765 et

130 2773 214 2810 ideo
234 2775 395 2810 ostendit
420 2776 581 2811 Puerum
605 2786 731 2821 regem
753 2787 848 2820 esse,
868 2780 905 2812 et

131 2831 171 2858 se
190 2820 281 2858 illud
301 2821 448 2859 decere.
472 2822 648 2870 signatur
669 2833 755 2860 vero
779 2824 905 2860 divina

990 267 1167 320 majestas
1188 279 1255 322 per
1271 271 1370 315 thus,
1393 274 1491 318 quod
1511 276 1585 312 Deo
1607 276 1764 314 offertur

989 324 1027 348 in
1055 315 1296 359 sacrificium,
1319 322 1355 353 et
1376 319 1459 356 ideo
1481 324 1645 360 ostendit
1667 326 1761 362 Pue-

988 371 1071 396 rum
1110 371 1192 398 esse
1230 364 1364 408 Deum;
1401 369 1498 412 quod
1533 370 1645 407 etiam
1681 377 1760 409 erat

988 408 1128 444 oblatio
1150 410 1407 455 sacerdotalis,
1426 418 1461 448 et
1483 416 1578 452 Puer
1599 418 1659 455 ille
1679 423 1759 456 erat

988 455 1177 502 sacerdos,
1215 457 1272 492 cui
1314 459 1440 496 nullus
1479 473 1654 509 uinquam
1694 466 1761 502 suit

987 502 1155 548 aequalis.
1193 504 1372 549 Signatur
1413 518 1561 554 quoque
1599 512 1762 550 humana

987 550 1196 602 mortalitas
1235 561 1303 598 per
1337 555 1543 599 myrrham,
1573 568 1645 603 qua
1672 571 1759 596 con-

986 597 1207 650 diri-solent
1244 610 1405 646 corpora
1441 607 1689 651 mortuorum,
1725 611 1762 643 et

986 645 1169 689 ChristuS,
1190 656 1252 682 rex
1271 650 1307 682 et
1329 649 1518 692 sacerdos,
1534 652 1650 687 voluit
1667 654 1759 689 mori

986 702 1053 738 pro
1086 692 1205 729 salute
1244 694 1425 731 omnium.
1457 697 1559 733 Unde
1586 699 1763 744 Augusti-

985 750 1082 792 nus:
1120 741 1302 777 «Aurum
1337 752 1426 788 ergo
1463 744 1620 781 solvitur
1655 747 1762 792 quasi

986 797 1064 833 regi
1088 797 1238 832 magn0‚
1261 789 1350 824 thus
1369 789 1588 827 immolatur
1611 797 1651 829 ut
1671 795 1762 838 Deo,

986 835 1177 879 myrrham
1230 837 1420 881 praebetur
1464 842 1656 885 tamquam
1697 851 1765 888 pro

986 882 1106 917 salute
1121 882 1288 918 omnium
1308 884 1502 921 morituro.
1527 899 1544 920 »
1566 888 1769 933 Unusquis-

986 939 1058 974 que
1076 932 1202 965 autem
1217 941 1349 966 eorum
1371 933 1551 977 praedicta
1566 934 1636 971 tria
1657 937 1765 972 obtu-

987 976 1042 1019 lit,
1056 976 1157 1021 quia,
1176 980 1212 1012 ut
1233 976 1371 1013 dictum
1394 984 1463 1020 est,
1479 981 1655 1027 mysterio
1675 993 1765 1018 con—

987 1024 1099 1068 gruit.
1134 1023 1265 1060 Nullus
1288 1024 1387 1060 enim
1419 1037 1505 1063 vere
1533 1029 1768 1066 Christianus

988 1070 1136 1114 dicitur,
1171 1071 1234 1116 qui
1261 1082 1336 1107 non
1364 1073 1550 1111 Christum
1576 1081 1613 1112 et
1635 1078 1765 1121 Deum,

989 1121 1024 1154 et
1064 1128 1218 1162 regem,
1261 1122 1298 1154 et
1337 1130 1488 1165 passum
1528 1124 1765 1168 confiteatur,

989 1165 1088 1210 quod
1111 1166 1184 1201 illis
1200 1165 1321 1202 tribus
1338 1169 1558 1205 muneribus
1579 1171 1767 1217 signitica-

988 1216 1062 1248 tur.
1094 1213 1198 1249 Unde
1233 1217 1270 1249 et
1301 1216 1487 1259 Remiyz‘ns
1511 1228 1518 1252 :
1545 1232 1561 1248 r<
1583 1218 1645 1254 Isti
1669 1219 1764 1265 Magi

989 1270 1063 1295 non
1103 1260 1239 1306 singuli
1270 1261 1416 1307 singula
1445 1264 1675 1310 obtulerunt,
1701 1267 1765 1302 sed

989 1307 1126 1352 singuli
1148 1310 1233 1351 tria,
1256 1312 1293 1344 et
1313 1309 1450 1355 singuli
1475 1323 1558 1347 euin
1579 1313 1655 1349 suis
1682 1324 1766 1349 mu-

990 1355 1142 1390 neribus
1181 1366 1323 1401 regem,
1345 1358 1460 1393 Deum
1503 1363 1538 1394 et
1574 1360 1765 1396 hominem

988 1402 1310 1448 praedicaverunt:
1335 1418 1352 1435 »
1373 1405 1451 1441 haec
1473 1407 1670 1451 Remigius.
1692 1409 1766 1443 Hos

988 1449 1110 1485 omnis
1134 1460 1222 1485 vere
1244 1450 1479 1488 Christianus
1500 1452 1684 1497 imitatur,
1703 1455 1763 1500 qui

989 1497 1178 1532 Christum
1204 1508 1334 1533 verum
1365 1500 1481 1535 Deum
1513 1511 1608 1544 esse,
1638 1512 1765 1547 regem

988 1547 1023 1579 et
1044 1554 1195 1589 passum
1210 1545 1427 1582 confitetur.
1446 1548 1657 1584 Offeramus
1675 1560 1764 1594 ergo

987 1590 1020 1626 ei
1069 1601 1229 1636 aurum,
1275 1594 1315 1627 ut
1362 1603 1447 1629 eum
1490 1595 1658 1631 omnium
1704 1607 1763 1631 re-

987 1648 1072 1683 gem
1094 1649 1191 1682 esse,
1224 1642 1261 1674 et
1283 1639 1421 1686 ubique
1449 1652 1607 1688 regnare
1637 1644 1767 1679 creda-

988 1696 1089 1729 mus;
1119 1687 1220 1730 thus,
1254 1689 1293 1722 ut
1319 1688 1436 1724 Deum
1458 1700 1587 1725 verum
1609 1693 1646 1725 et
1666 1701 1768 1727 crea-

987 1736 1107 1769 torem
1158 1733 1329 1770 omnium
1373 1746 1455 1771 esse
1497 1737 1763 1781 confiteamur;

987 1781 1193 1827 myrrham,
1225 1784 1267 1817 ut
1303 1781 1356 1818 sic
1383 1782 1488 1819 illum
1529 1786 1644 1821 Deum
1683 1796 1766 1821 esse

987 1828 1199 1871 credamus,
1228 1838 1340 1874 quem
1371 1830 1578 1876 hominem,
1603 1836 1639 1868 et
1666 1843 1765 1868 mor-

987 1875 1101 1911 talem
1130 1879 1285 1922 propter
1317 1888 1386 1913 nos
1413 1878 1551 1914 sactum
1582 1890 1664 1915 esse
1692 1891 1767 1915 non

986 1923 1213 1959 dubitemus.
1238 1923 1374 1960 Omnia
1399 1926 1501 1961 enim
1530 1927 1610 1963 haec
1636 1931 1767 1963 sancta

987 1970 1081 2006 fides
1120 1972 1305 2006 veraciter
1341 1973 1488 2009 Christo
1522 1975 1658 2010 otl'erre
1692 1985 1767 2010 non

986 2017 1139 2061 desinit,
1153 2018 1241 2053 dnm
1256 2029 1371 2054 unum
1391 2021 1638 2067 eumdemque
1649 2023 1765 2057 Deum

986 2075 1130 2108 verum,
1148 2076 1354 2110 verumque
1373 2067 1565 2103 hominem
1581 2069 1712 2112 credit,
1731 2072 1767 2104 et

988 2122 1072 2148 vere
1101 2123 1169 2158 pro
1206 2112 1314 2148 nobis
1354 2119 1543 2151 mortuum
1584 2116 1767 2152 veraciter

985 2159 1232 2206 recognoscit.
1262 2161 1450 2197 Habemus
1475 2162 1614 2209 itaque,
1637 2174 1767 2199 secun-

985 2206 1075 2242 dum
1106 2208 1305 2249 Hilarium,
1328 2207 1367 2244 in
1394 2208 1451 2245 his
1480 2221 1555 2246 non
1577 2210 1765 2247 modicam

983 2258 1306 2291 sacramentorum
1337 2256 1608 2302 cognitionem,
1634 2258 1671 2293 in
1698 2259 1764 2294 ho-

984 2301 1084 2338 mine
1112 2301 1257 2346 moi-tis,
1285 2302 1322 2338 in
1350 2305 1426 2339 Deo
1463 2305 1763 2349 resurrectionis,

983 2348 1021 2385 in
1043 2360 1130 2396 rege
1153 2349 1299 2396 Judicii.
1319 2352 1363 2386 Et
1389 2362 1472 2397 ego,
1489 2352 1646 2389 Domine
1660 2355 1763 2398 Jesu,

982 2396 1021 2432 in
1034 2401 1199 2433 extremo
1216 2397 1373 2444 vestigio
1390 2409 1583 2435 servorum
1599 2404 1763 2442 tuorum,

981 2444 1098 2480 adoro
1123 2448 1158 2480 te
1184 2445 1377 2481 sedentem
1404 2445 1442 2481 in
1463 2446 1585 2493 gloria
1605 2447 1670 2483 Dei
1693 2448 1765 2483 Pa-

982 2492 1064 2537 tris,
1087 2492 1224 2538 ubique
1246 2498 1482 2538 regnantem,
1503 2498 1537 2529 et
1559 2496 1677 2530 offero
1699 2494 1763 2529 tibi

983 2540 1222 2586 splendorem
1246 2540 1348 2585 fidei,
1383 2552 1456 2586 qua
1492 2546 1526 2577 te
1557 2542 1668 2577 credo
1699 2543 1767 2577 Ite-

983 2597 1068 2631 gem
1103 2587 1271 2624 omnium
1313 2589 1538 2628 seculorum,
1577 2591 1689 2624 boum
1719 2588 1765 2624 de

985 2636 1075 2679 Deo,
1103 2638 1140 2670 et
1178 2635 1370 2671 hominem
1397 2636 1443 2671 de
1479 2635 1644 2679 Virgine,
1670 2645 1767 2671 mor-

983 2685 1088 2718 tuum
1108 2693 1176 2728 pro
1198 2683 1362 2728 peccatis
1379 2683 1530 2718 nostris.
1554 2683 1766 2719 Secundum

982 2731 1223 2771 Domai-dum,
1252 2730 1467 2766 obtulerunt
1496 2730 1576 2765 auri
1605 2730 1766 2776 pretium

984 2778 1032 2813 ob
1054 2781 1328 2824 paupertatem,
1351 2777 1486 2813 scilic-et
1516 2777 1562 2812 ad
1590 2777 1766 2824 pauperis

987 2824 1115 2861 Matris
1141 2829 1178 2861 et
1211 2824 1290 2860 Filii
1325 2824 1657 2871 susteiitati01ien15
1681 2825 1765 2861 thu-
