1902 3126
366 104 555 138 JOANNES
591 104 615 136 Α
653 102 736 136 DEO
773 101 934 136 MISSUS
972 103 1105 137 VENIT
1142 105 1195 138 An
1233 104 1474 138 PUBLICUM.
1695 105 1748 136 155

115 178 185 218 est,
204 177 242 211 ct
261 173 344 210 ideo
367 174 413 209 ab
434 173 606 208 omnibus
625 175 680 207 est
700 170 894 217 proposita

115 221 288 269 persectae
301 221 421 257 forma
431 218 589 261 virtutis,
603 229 647 254 ne
658 217 893 254 vestimentis

113 268 376 314 alimentisque
395 266 471 302 suis
490 268 660 311 parcant.
683 263 892 300 Misericor-

114 315 185 353 diae
222 318 347 352 tamen
384 312 501 360 ipsius
537 322 606 359 pro
642 311 891 358 possibilitate

961 172 1190 209 conditionis
1214 174 1389 210 humanae
1414 184 1591 210 mensura
1614 183 1742 209 serva-

960 222 1097 271 tur,·ut
1124 231 1200 255 non
1227 220 1296 256 sibi
1331 221 1590 267 unusquisque
1624 223 1746 256 totum

961 269 1110 311 eripiat,
1130 267 1192 302 sed
1216 267 1315 313 quod
1335 268 1447 304 habet
1467 279 1551 304 cum
1572 266 1744 315 pauperi-

960 312 1031 349 bus
1050 313 1234 359 partiatur
1257 326 1265 350 z
1288 329 1306 347 »
1333 315 1413 351 lucc
1439 317 1670 352 Ambrosius.

847 429 1018 467 ORATIO

156 525 378 565 Beatissime
402 527 570 563 Joannes
595 524 775 572 Baptista,
796 535 1009 572 praecursor
1037 523 1175 561 Christi
1204 526 1242 560 et
1274 523 1379 570 virgo
1411 525 1660 572 sanctissime,
1709 526 1747 563 ui

110 574 368 622 poenitentiam
389 574 650 619 peccatoribus
674 574 787 610 verbo
814 571 1026 619 praedicasti
1053 575 1090 608 et
1116 582 1198 608 eam
1225 571 1470 608 nihilominus
1491 575 1660 619 exemplo
1682 537 1746 610 ge-

110 621 341 664 monstrasti,
361 621 502 657 scilicet
522 625 712 657 austeram
732 620 770 656 in
790 621 890 656 victu
911 623 947 656 et
966 619 1103 656 vestitu
1120 619 1235 655 vitam
1257 619 1443 662 ducendo,
1465 623 1502 654 et
1522 623 1558 655 te
1574 631 1595 655 a
1617 620 1747 657 mundi

108 669 295 705 illecebris
313 668 547 715 elongand03
569 669 725 704 obsecro
746 671 796 711 te,
817 667 943 704 obtine
964 677 1031 713 pro
1052 677 1124 710 me,
1144 666 1217 702 tuis
1237 666 1354 702 sacris
1372 666 1560 712 precibus,
1578 670 1618 702 ut
1635 667 1750 703 donet

110 715 203 752 mihi
225 717 404 752 Dominus
424 719 692 761 congruentem
713 714 980 751 abstinentiam
998 713 1069 750 cibi
1087 719 1124 750 et
1143 718 1266 760 potus,
1283 713 1535 759 cogitationis,
1551 713 1749 750 locutionis

109 766 222 810 atque
241 762 366 809 operis
380 775 388 806 ;
404 763 591 799 custodiat
606 773 664 798 me
680 763 726 798 ab
741 761 844 798 omni
862 761 1067 808 pollutione
1088 761 1224 797 mentis
1243 764 1279 797 et
1299 762 1481 807 corporis,
1494 761 1749 806 concedatque

107 809 214 854 mihi,
235 810 414 856 quamdiu
434 810 472 846 in
502 811 572 846 hac
603 809 680 846 vita
704 809 902 856 temporali
924 809 1100 853 subsisto,
1124 808 1315 854 segregari
1344 819 1366 843 a
1392 807 1504 852 vitiis,
1523 818 1566 843 ac
1587 807 1748 844 militare

109 856 195 902 sihi,
218 860 256 893 et
280 857 332 893 ita
352 858 486 903 dignos
509 857 653 893 fructus
672 856 904 904 poenitentiae
925 857 1062 901 facere,
1083 859 1124 892 ut
1144 856 1290 892 valeam
1314 855 1480 891 omnium
1507 858 1747 902 peccatorum

108 914 279 942 meorum
300 905 448 942 veniam
469 905 663 951 consequi,
686 907 723 942 et
743 905 791 941 ad
812 903 926 941 vitam
948 907 1130 940 aetcrnam
1153 902 1363 951 pervenire.
1389 904 1522 939 Amen.

758 1115 943 1162 CAPUT
965 1115 1105 1162 XVIII

190 1255 241 1283 DE
263 1254 314 1285 ΕΟ
339 1255 444 1289 QUOD
468 1256 642 1286 JOANNES
665 1255 745 1286 NON
768 1256 839 1284 PER
859 1255 1041 1294 SEIPSUM,
1064 1254 1135 1283 SED
1155 1253 1182 1282 A
1204 1252 1281 1283 DEO
1302 1252 1458 1291 mssus,
1481 1253 1599 1283 VENIT
1618 1253 1668 1281 AD

821 1309 1032 1338 PUBLICUM.

776 1408 932 1446 Joannis
951 1419 1033 1456 cap.
1053 1411 1081 1446 Ι.

163 1556 175 1578 ι
208 1542 362 1578 JOANNIS
399 1542 582 1576 BApnsm
616 1552 732 1576 M1ss1o
769 1552 891 1576 DIVINA

113 1598 206 1625 rum
222 1609 267 1614 —
285 1588 390 1631 Quod
405 1592 530 1624 autem
545 1590 711 1624 Joannes
727 1587 893 1624 officium

111 1634 304 1682 baptismi,
350 1646 427 1671 non
467 1636 620 1682 propria
670 1634 894 1671 auctoritate

113 1682 363 1729 usurpaverit,
415 1684 480 1718 sed
523 1683 568 1719 ad
614 1681 894 1718 testificandum

112 1729 249 1767 Christi
276 1730 513 1776 majestatem
545 1729 696 1774 missus,
732 1732 895 1766 testatur

111 1778 278 1814 Joannes
316 1778 567 1823 Evangelista,
601 1777 731 1813 dicens
768 1789 778 1812 .-
810 1779 895 1812 Fuit

112 1825 215 1860 homo
246 1827 380 1860 missus
412 1837 433 1860 ιι
460 1827 544 1866 Deo,
579 1827 638 1860 cui
666 1835 792 1860 nomen
816 1827 895 1860 erat

110 1873 279 1907 Ioannes.
314 1871 407 1915 Quia
441 1871 542 1907 enim
570 1873 687 1908 Lucas
713 1870 889 1907 dixerat:

112 1920 261 1954 Factum
279 1923 329 1954 cst
347 1919 491 1953 verbnm
506 1921 650 1954 Domini
667 1929 775 1964 super
788 1920 898 1954 Joan-

113 1976 193 2001 nem
219 1967 406 2001 Zacharia²
427 1968 544 2010 filium
570 1968 609 2001 in
630 1966 781 2006 deserto,
805 1965 895 2011 quid

115 2013 187 2049 hoc
212 2012 412 2059 significet,
441 2014 605 2048 Joannes
631 2013 692 2048 hic
715 2012 895 2057 declarat,

113 2070 198 2096 cum
219 2059 309 2096 dicit
332 2072 339 2095 ε
361 2060 441 2096 Fuit
463 2060 589 2103 homo,
614 2059 651 2095 id
673 2063 742 2103 est,
766 2059 896 2096 vivens

115 2106 191 2143 vita
232 2107 412 2151 hominis,
457 2108 663 2143 secundum
709 2106 897 2142 dictamen

115 2156 225 2190 rectae
244 2155 415 2198 rationis,
439 2155 575 2190 missus
597 2166 618 2190 a
641 2156 732 2198 Deo,
757 2153 898 2189 scilicet

113 2201 161 2238 de
180 2201 346 2246 deserto,
369 2203 415 2238 ad
445 2202 710 2248 baptizandum
735 2204 771 2237 et
791 2200 896 2237 testi-

113 2248 282 2284 monium
323 2249 598 2295 perhibendum
641 2249 688 2284 de
731 2247 894 2284 Christo.

117 2295 186 2332 Ubi
204 2296 429 2332 obedieutiae
446 2296 562 2332 virtus
583 2296 620 2331 in
634 2298 780 2332 Joanne
800 2305 898 2331 com-

114 2342 332 2387 mendatur;
357 2354 430 2379 non
453 2344 553 2379 enim
576 2354 598 2379 a
618 2342 835 2388 semetipso,
858 2342 897 2378 id

115 2392 186 2434 est,
216 2400 239 2426 a
265 2401 331 2426 sua
360 2390 652 2436 praesumptione
680 2391 800 2434 venit;
831 2389 897 2426 sed

116 2436 252 2473 missus
273 2448 294 2473 a
315 2439 413 2481 Deo‚·
441 2438 497 2473 cui
524 2448 661 2474 nomen
683 2441 762 2473 erat
782 2439 896 2474 Joan—

117 2494 199 2530 nes,
215 2487 252 2520 et
271 2485 444 2521 convenit
464 2485 533 2520 hoc
548 2496 685 2521 nomen
703 2484 771 2529 rei,
786 2486 898 2521 Joan-

115 2541 183 2568 nes
202 2533 304 2568 enim
326 2532 462 2568 dicitur
483 2535 519 2567 in
541 2543 610 2578 quo
628 2537 679 2568 est
695 2534 837 2577 Ψαΐὶας
861 2535 899 2568 et

115 2578 201 2615 ideo
228 2579 296 2615 suit
326 2579 485 2616 idoneus
513 2581 560 2615 ad
587 2579 897 2626 praecurrendum

115 2628 204 2662 ante
224 2625 330 2662 illum
351 2627 411 2672 qui
432 2632 487 2663 est
509 2629 647 2663 Auctor
664 2627 808 2674 gratiae.
829 2629 898 2663 Hic

116 2675 215 2709 venit
243 2675 282 2710 in
309 2677 567 2716 testimonium,
592 2675 748 2719 scilicet,
775 2678 816 2710 ut
843 2678 896 2710 te-

117 2721 327 2758 stimonium
340 2723 546 2769 perhiberet
564 2723 607 2758 de
628 2724 775 2765 lumine,
797 2721 895 2758 scili-

968 1543 1026 1576 cet
1047 1539 1210 1584 Christo,
1231 1543 1273 1575 ut
1294 1550 1361 1585 per
1381 1540 1501 1580 illum,
1525 1538 1562 1574 id
1589 1541 1659 1583 est,
1683 1548 1753 1584 per

969 1588 1049 1633 ejus
1070 1586 1345 1630 testimonium,
1367 1597 1487 1622 omnes
1509 1586 1694 1621 crederent
1714 1584 1753 1621 in

969 1634 1170 1671 Christum.
1203 1635 1247 1669 Et
1276 1637 1365 1670 nota
1392 1634 1492 1679 quod
1514 1631 1754 1679 Evangelista

969 1682 1196 1728 quandoque
1230 1681 1290 1717 hic
1317 1685 1437 1717 mutat
1461 1691 1601 1716 nomen
1625 1680 1750 1723 verbi;

970 1740 1068 1765 nunc
1095 1729 1195 1765 enim
1223 1729 1386 1776 appellat
1416 1729 1551 1773 lucem,
1577 1738 1676 1763 nunc
1697 1726 1752 1763 lu-

969 1787 1078 1821 men;
1099 1779 1136 1812 et
1156 1776 1226 1812 hoc
1247 1777 1346 1820 ideo,
1371 1776 1458 1822 quia
1483 1776 1544 1812 lux
1567 1774 1656 1811 dicit
1677 1773 1752 1810 cla-

969 1823 1120 1860 ritatem
1141 1824 1179 1859 in
1201 1824 1364 1870 puritate
1386 1834 1467 1867 sua,
1495 1823 1576 1859 sine
1598 1821 1753 1858 alterius

971 1875 1115 1907 naturae
1137 1871 1399 1917 adjunctione;
1423 1870 1489 1907 sed
1516 1871 1643 1906 lumen
1665 1868 1755 1904 dicit

971 1918 1179 1954 claritatem
1206 1916 1291 1954 c'um
1318 1918 1445 1963 aliqua
1470 1928 1510 1953 re
1538 1917 1752 1962 conjuncta,

972 1965 1066 2001 sicut
1100 1965 1252 2001 claritas
1275 1965 1374 2000 aeris
1400 1975 1475 2001 non
1502 1968 1558 2000 est
1583 1965 1657 2007 lux,
1688 1962 1755 1999 sed

971 2013 1111 2049 lumen.
1147 2014 1192 2048 Et
1221 2011 1398 2057 quoniam
1428 2014 1592 2048 Joanncs
1617 2011 1755 2046 missus

972 2059 1054 2103 suit,
1091 2064 1130 2095 ut
1164 2059 1419 2095 testimonium
1458 2058 1675 2105 perhiberet
1707 2057 1754 2093 de

973 2106 1135 2150 Christo,
1157 2106 1195 2142 in
1219 2117 1291 2151 quo
1310 2110 1366 2142 est
1387 2106 1474 2142 unio
1497 2107 1672 2142 liumanae
1692 2114 1756 2140 na-

973 2158 1066 2189 turae
1092 2165 1176 2189 cum
1197 2154 1334 2197 Verbo,
1366 2153 1451 2189 ideo
1473 2153 1562 2189 dicit
1586 2154 1755 2198 Evange-

972 2201 1058 2237 lista
1084 2212 1168 2237 eum
1195 2200 1394 2248 perhibere
1423 2200 1682 2237 testimonium
1709 2199 1755 2235 de

973 2247 1128 2284 lumine.

1021 2309 1039 2331 2
1062 2297 1140 2332 Nox
1167 2307 1257 2331 ERAT
1284 2307 1361 2331 IPSE
1385 2307 1467 2332 ch.
1496 2316 1542 2322 —
1568 2295 1641 2332 Sed
1669 2293 1757 2341 quia

971 2342 1090 2379 Judaei
1127 2343 1410 2379 aestimaverunt
1446 2344 1492 2379 de
1526 2345 1673 2380 Joanne
1709 2352 1755 2377 ne

974 2391 1070 2427 l'orte
1089 2390 1169 2437 ipse
1190 2395 1289 2426 esset
1310 2391 1493 2435 Christus,
1519 2391 1602 2426 ideo
1624 2399 1754 2426 corum

973 2438 1105 2474 salsam
1138 2437 1354 2485 opinionem
1387 2441 1554 2475 removet
1587 2439 1754 2481 Evange-

973 2485 1072 2531 lista,
1095 2484 1225 2522 dicens
1248 2497 1256 2521 :
1278 2488 1359 2523 Non
1377 2490 1455 2522 erat
1476 2487 1538 2520 ille
1559 2487 1637 2525 lua),
1660 2482 1757 2519 scili-

973 2537 1031 2569 cet
1048 2543 1136 2570 vera
1153 2543 1220 2580 per
1239 2533 1458 2577 essentiam,
1475 2537 1509 2567 ct
1526 2543 1568 2568 ex
1591 2542 1629 2567 se
1650 2534 1755 2566 natu-

973 2580 1101 2617 raliter
1135 2580 1280 2625 lucens,
1313 2585 1350 2617 et
1383 2581 1430 2616 ad
1466 2578 1755 2615 illuminandum

972 2628 1066 2664 alios
1101 2628 1184 2664 luce
1220 2628 1350 2674 gratia}
1383 2638 1449 2674 per
1475 2637 1513 2662 se
1538 2625 1753 2667 sufficiens;

973 2676 1039 2711 sed
1055 2675 1115 2712 lux
1132 2686 1200 2722 per
1217 2675 1557 2722 participationem,
1574 2677 1610 2709 et
1630 2683 1652 2709 a
1672 2673 1755 2709 luce

972 2733 1062 2760 vera
1088 2723 1165 2768 illa,
1191 2734 1275 2769 quae
1299 2724 1412 2758 lucem
1439 2722 1623 2757 inhabitat
1651 2723 1754 2757 inac-
