1876 3126
501 198 720 232 SERMONts

115 268 185 309 est,
214 264 301 311 quia
335 264 455 302 oratio
491 267 548 301 est
582 264 741 301 elevatio
762 264 899 301 mentis

115 312 153 348 in
180 314 311 356 Deum,
340 323 446 348 mens
471 315 597 348 autern
624 311 733 348 eitius
764 316 799 348 et
821 323 897 348 me-

113 359 185 396 lius
203 360 369 396 elevatur
393 359 431 394 in
452 360 583 404 Deum,
606 359 757 404 quando
785 359 898 395 homo

114 411 170 443 est
196 407 233 443 in
253 410 397 443 secreto
419 406 499 441 loeo
521 409 557 442 et
573 417 595 441 a
615 406 776 442 tumultu
796 417 901 452 sepa-

112 458 236 497 ratus;
259 453 333 490 alia
353 456 408 489 est
435 453 482 488 ad
515 453 757 490 evitationem
792 465 899 490 vanae

111 501 255 546 gloriae,
283 511 366 546 quae
387 500 434 536 de
456 499 554 536 sacili
583 500 745 547 insurgit
769 501 808 537 in
829 511 898 547 pu-

110 547 221 584 blico.
244 548 366 584 Orare
380 547 505 593 itaque
524 547 735 585 volentibus
749 549 900 585 salubre

110 594 175 631 dat
193 594 363 631 Christus
394 594 609 640 consilium,
633 599 673 631 ut
699 595 841 632 intrent
861 596 898 631 in

110 641 337 685 cubiculum,
373 641 515 678 scilicet
550 643 674 679 cordis
713 647 898 680 secretum

110 692 148 725 et
173 689 351 725 claudant
381 689 532 734 ostium,
563 690 703 726 scilicet
729 691 898 727 carnales

110 747 258 780 sensus,
274 747 341 783 per
358 748 450 782 quos
469 737 655 774 exteriora
669 738 840 784 improbe
859 749 898 774 se

108 782 300 830 ingerunt,
350 788 386 820 et
427 785 546 820 turbae
592 786 897 831 phantasmatum

111 830 308 867 orantibus
329 832 574 878 obstrepunt;
619 836 660 868 ut
696 832 748 869 sie
783 833 897 869 etiam

109 878 237 914 clauso
250 878 346 914 ostio
360 880 509 922 mentis,
524 883 559 915 et
574 880 740 916 collectis
759 880 897 916 animae

109 925 266 971 viribus,
303 925 423 962 oratio
451 926 657 972 spiritualis
679 928 744 963 [iat
779 927 816 963 in
840 927 897 963 in-

110 972 213 1009 timis
247 973 384 1017 cordis,
427 976 464 1008 et
502 973 588 1009 inde
627 974 812 1020 dirigatur
851 975 897 1010 ad

111 1021 230 1056 Deum
251 1019 469 1064 ferventius,
489 1020 552 1056 ubi
576 1024 706 1056 oratur
728 1022 839 1057 Pater
859 1021 897 1056 in

110 1067 330 1104 abscondito
349 1079 357 1111 ;
379 1067 468 1114 quia
491 1068 753 1104 absconditum
783 1071 819 1103 et
838 1079 898 1104 cu-

108 1114 274 1151 biculum
301 1118 357 1150 est
394 1119 542 1150 secreta
567 1115 692 1151 cordis
722 1115 895 1151 intentio.

107 1162 297 1205 Quantum
318 1162 419 1197 enim
439 1162 551 1197 homo
570 1162 778 1198 contemnit
797 1162 898 1208 quod

108 1213 166 1245 est
185 1213 289 1245 extra
310 1220 364 1252 se,
394 1212 540 1245 tantum
574 1213 699 1255 potest
721 1221 760 1246 se
780 1210 898 1245 recol-

107 1255 224 1303 ligere
243 1256 342 1292 intra
363 1260 471 1300 se;et
493 1260 676 1302 quantum
692 1268 732 1293 se
753 1257 897 1293 recolli-

107 1303 161 1351 git
182 1303 282 1339 intra
310 1314 363 1349 se,
395 1306 540 1340 tantum
571 1308 694 1350 potest
717 1315 830 1351 supra
858 1315 897 1341 se

108 1351 156 1387 ad
170 1351 379 1387 orationem
399 1355 435 1387 et
450 1351 515 1387 Dei
537 1352 896 1398 contemplationem

107 1399 329 1435 ascendere.
359 1398 499 1434 Deinde
529 1398 628 1435 circa
658 1399 892 1444 orationem,

109 1446 271 1483 excludit
300 1446 503 1482 Gentilium
525 1457 709 1491 errorem,
744 1447 893 1483 dicens:

108 1494 262 1530 Orantes
279 1498 398 1530 autem
410 1495 521 1529 nolite
536 1496 694 1530 maltum
711 1496 897 1540 loqui‚sz·c-

106 1546 147 1577 ut
175 1542 320 1584 faciunt
344 1542 506 1577 Ethnici:
534 1545 667 1587 putant
691 1545 786 1578 enim
799 1543 896 1588 quod

107 1590 146 1624 in
168 1589 415 1634 multiloquio,
441 1592 477 1624 et
497 1588 708 1634 altiloquio‚
732 1600 775 1625 ae
806 1600 894 1626 sua-

106 1635 290 1681 viloquio,
331 1647 394 1671 suo
433 1637 696 1681 exaudiantur,
727 1641 764 1672 et
796 1637 895 1682 quod

104 1682 176 1730 ipsi
203 1683 255 1719 ita
275 1683 401 1719 verbis
422 1684 574 1719 flectere
594 1687 733 1729 queant
760 1685 893 1729 Deum,

105 1731 203 1767 sicut
226 1734 354 1766 orator
370 1729 551 1776 Judicem.
573 1732 651 1768 Scit
674 1733 768 1766 enim
786 1733 896 1767 Patet·

105 1782 223 1815 vester
253 1779 421 1822 caelestis,
454 1778 545 1823 quid
579 1789 669 1825 opus
695 1781 744 1814 sit
776 1780 893 1823 vobis,

105 1829 302 1871 antequam
344 1827 479 1871 petatis
518 1836 598 1861 eum
623 1838 630 1861 ;
655 1825 745 1871 quia
789 1827 895 1862 audit

105 1872 423 1920 praeparationem
473 1873 597 1909 cordis
643 1873 892 1920 singulorum.

105 1922 183 1956 Hoc
203 1919 308 1956 addit
341 1920 388 1955 ad
420 1920 695 1956 excludendum
730 1921 892 1957 istorum

105 1967 313 2004 Gentilium
335 1967 471 2002 salsum
494 1966 739 2011 intellectum,
762 1979 894 2004 seeun-

103 2015 193 2051 dum
210 2025 321 2061 quem
343 2014 486 2060 aliquid
508 2016 583 2050 Deo
615 2015 831 2051 notificatur
848 2016 894 2052 de

104 2073 217 2106 novo,
234 2061 322 2108 quia
343 2061 472 2097 omnia
492 2061 562 2097 scit
578 2062 624 2098 ab
637 2066 791 2098 (eterno.
816 2064 895 2099 Non

103 2110 278 2157 prohibet
308 2109 486 2145 Dominus
508 2109 545 2144 in
581 2109 751 2145 oratione
774 2110 897 2146 multi-

104 2156 346 2205 plicationem
374 2158 588 2201 verborum,
613 2156 832 2203 simpliciter
859 2161 896 2193 et

106 2205 291 2248 absolute,
322 2203 411 2250 quia
429 2208 465 2240 et.
496 2204 574 2250 ipse
595 2205 828 2250 pernoctavit
858 2204 895 2241 in

106 2252 296 2295 oratione,
317 2255 353 2287 et
372 2254 495 2295 faetus
509 2254 547 2287 in
560 2254 693 2296 agonia
710 2254 896 2297 prolixius

107 2300 261 2342 orabam
284 2299 350 2335 sed
374 2299 549 2345 prohibet
578 2310 625 2335 ne
655 2299 892 2345 multiloquio

105 2350 259 2383 utamur
279 2346 318 2382 in
339 2348 527 2390 oratione,
552 2358 596 2383 eo
620 2347 746 2382 lineet
767 2358 812 2383 ea
834 2347 891 2383 in-

105 2394 287 2437 tentione,
322 2393 458 2439 quibus
489 2395 694 2430 utebantur
723 2394 890 2430 Gentiles

105 2440 330 2482 idololatrae,
362 2441 424 2486 qui
454 2441 590 2488 triplici
612 2442 658 2477 de
686 2452 799 2477 causa
818 2447 894 2478 ute-

106 2488 245 2525 bantur
265 2488 383 2524 vocali
404 2489 575 2525 oratione
594 2489 631 2524 iu
654 2489 890 2535 multiloquio

105 2536 216 2572 faeta.
235 2535 374 2579 Prima,
396 2536 484 2582 quia
503 2537 662 2572 orabant
683 2537 889 2579 daemones,

105 2583 168 2629 qui
200 2583 388 2619 nescirent
407 2584 496 2629 quid
518 2583 569 2618 illi
592 2588 775 2630 peterent,
804 2584 888 2629 nisi,

104 2630 229 2666 verbis
250 2635 287 2666 et
306 2630 412 2676 signo
440 2630 614 2667 exteriori
638 2630 810 2667 instructi
832 2643 890 2668 es-

108 2682 214 2714 sent:
251 2683 395 2714 secreta
413 2678 554 2715 etenim
594 2679 718 2715 cerdis
736 2679 890 2716 humani

102 2730 302 2772 penetrare
344 2736 418 2761 non
462 2726 598 2762 valent.
634 2747 679 2752 —
706 2727 889 2772 Secunda,

105 2772 195 2818 quia
220 2773 406 2819 putabant
431 2773 679 2817 daemonibus,
697 2774 803 2820 quasi
822 2775 889 2811 ho-

106 2819 284 2866 minibus,
297 2820 420 2857 verbis
428 2820 736 2868 persuasibilibus
751 2826 788 2859 et
800 2823 892 2860 mul-

759 198 799 230 IN
838 198 985 232 MONTE
1023 199 1343 233 CONTINUATIO.
1693 197 1754 231 297

974 265 1020 300 tis
1039 267 1343 311 persuadendum
1370 277 1466 312 esse,
1489 270 1526 303 et
1552 266 1603 302 sie
1624 277 1688 302 eos
1708 265 1757 302 ad

974 313 1227 349 miserandum
1244 315 1451 360 provocari.
1463 334 1508 340 -
1519 313 1657 357 Tertia,
1669 313 1757 360 quia

973 359 1178 404 dzemoues,
1206 373 1298 406 quos
1333 363 1507 405 orabant,
1529 362 1757 407 quaudoque

973 407 1148 442 absentes
1174 419 1254 443 esse
1276 410 1470 454 putabant,
1506 413 1541 444 et
1562 409 1660 455 quod
1690 419 1756 454 per

973 454 1086 489 talem
1121 455 1329 491 orationem
1380 456 1545 491 revocari
1589 459 1756 502 possent.

974 502 1048 536 Ista
1068 504 1156 536 sunt
1188 502 1300 545 mala,
1329 507 1365 538 et
1399 503 1482 538 ideo
1504 504 1550 538 ab
1582 503 1756 539 oratione

973 547 1140 584 fidelium
1162 550 1401 585 removenda.
1433 550 1611 586 Similiter
1629 554 1755 585 autem

973 595 1104 642 triplex
1127 600 1184 631 est
1217 607 1343 640 causa,
1377 607 1493 641 quare
1517 608 1584 632 nos
1604 602 1756 632 utamur

973 642 1090 678 vocali
1116 642 1300 679 oratione.
1332 664 1378 669 —-
1409 643 1548 687 Prima,
1578 649 1616 679 ut
1651 645 1756 679 obse-

971 690 1099 735 quium
1129 690 1218 734 oris,
1248 690 1344 726 sicut
1366 694 1403 726 et
1421 691 1543 725 cordis
1566 696 1602 726 et
1632 690 1755 736 operis

971 739 1047 773 Deo
1072 737 1358 783 impendamus:
1381 737 1514 783 triplex
1529 737 1628 772 euim
1644 737 1757 773 saeri-

971 785 1098 820 fieium
1120 787 1194 821 Deo
1217 785 1412 829 debemus,
1438 784 1580 820 scilicet
1607 784 1753 819 sacrifi-

971 832 1070 868 cium
1101 832 1239 873 cordis,
1274 832 1364 876 oris,
1393 835 1429 868 et
1449 831 1586 878 operis.
1614 851 1658 856 —
1690 832 1754 866 Se-

971 880 1107 924 cunda,
1146 883 1187 915 ut
1207 880 1254 915 ad
1284 878 1507 915 memoriam
1536 888 1757 914 revocemus

970 927 1070 973 quod
1093 931 1218 972 petere
1245 927 1441 970 debemus,
1471 931 1507 962 et
1527 930 1569 961 ut
1589 925 1670 971 ipsa
1696 935 1757 960 vo-

971 974 1063 1010 calis
1078 974 1198 1010 oratio
1219 974 1410 1020 pigritiam
1422 977 1590 1009 nostram
1607 972 1755 1016 excitet,

972 1021 1060 1067 quia
1077 1021 1107 1057 si
1130 1022 1241 1057 homo
1264 1032 1412 1067 semper
1437 1020 1477 1056 in
1500 1019 1649 1056 silentio
1670 1030 1755 1055 ora-

972 1074 1042 1111 ret,
1065 1069 1110 1104 de
1130 1068 1227 1104 sacili
1242 1068 1487 1112 obdormiret,
1510 1067 1647 1103 oblitus
1665 1066 1757 1112 quid

971 1119 1128 1161 peteret.
1153 1136 1197 1142 —
1220 1115 1358 1159 Tertia,
1381 1120 1421 1151 ut
1443 1114 1559 1151 vocali
1587 1114 1757 1150 oratione

972 1162 1163 1208 proximus
1184 1162 1405 1206 instruatur,
1427 1166 1465 1197 et
1487 1163 1532 1197 ad
1560 1161 1758 1197 consimile

971 1220 1066 1255 opus
1097 1209 1286 1246 invitetur.
1322 1209 1408 1245 Vult
1436 1214 1561 1245 autem
1584 1210 1682 1244 Deus
1716 1211 1757 1243 ut

971 1268 1136 1299 oremus,
1160 1268 1208 1292 ne
1230 1257 1330 1302 quod
1351 1257 1397 1292 ab
1425 1267 1468 1292 eo
1495 1255 1604 1292 nobis
1630 1256 1754 1299 datur,

971 1304 1043 1340 vile
1060 1306 1290 1348 habeamus3
1320 1304 1386 1340 sed
1413 1315 1455 1339 eo
1486 1303 1566 1349 ipso
1594 1302 1755 1349 amplius

972 1363 1057 1388 eum
1091 1352 1307 1396 adoremus,
1345 1351 1602 1388 desideremus
1636 1354 1672 1386 et
1704 1349 1756 1386 ita

970 1399 1132 1445 amplius
1148 1410 1373 1435 mereamur.
1391 1401 1465 1435 Nee
1482 1398 1529 1434 ad
1544 1408 1630 1433 eum
1647 1407 1756 1433 oran-

971 1450 1027 1482 tes
1072 1447 1211 1482 srustra
1249 1446 1379 1482 scienti
1410 1446 1611 1492 loquimur,
1653 1443 1755 1490 quia,

970 1494 1178 1530 secundum
1198 1495 1470 1538 Hieronymum,
1490 1504 1564 1528 non
1583 1496 1755 1528 narrato—

970 1552 1043 1585 res,
1070 1542 1135 1577 sed
1169 1544 1363 1587 rogatores
1390 1551 1518 1577 sumus
1539 1552 1546 1574 :
1570 1539 1671 1575 aliud
1702 1542 1760 1575 est

970 1589 1070 1624 enim
1091 1599 1246 1624 narrare
1283 1587 1485 1634 ignoranti,
1507 1586 1609 1623 aliud
1631 1590 1759 1632 petere

968 1635 1116 1672 scienti.
1142 1636 1246 1671 Unde
1275 1641 1311 1671 et.
1347 1637 1624 1680 Clwysostomus
1653 1632 1758 1677 dicit,

970 1683 1071 1729 quod
1093 1686 1240 1729 oportet
1262 1693 1388 1725 orare,
1417 1686 1460 1717 ut
1480 1681 1621 1717 scilicet
1641 1682 1759 1716 Deum

969 1742 1042 1766 non
1067 1730 1219 1774 doceas,
1241 1730 1306 1766 sed
1331 1729 1514 1770 inflectas,
1541 1732 1580 1764 ut.
1600 1727 1760 1764 familia-

969 1778 1021 1814 ris
1043 1777 1224 1813 efficiaris
1244 1776 1565 1824 interpellationis
1586 1775 1763 1821 frequen-

969 1826 1034 1870 tia,
1061 1829 1102 1861 ut
1123 1824 1335 1861 humilieris
1356 1824 1514 1868 orando,
1544 1826 1663 1868 utque
1682 1832 1764 1868 pee-

968 1878 1142 1910 catorum
1181 1877 1332 1908 tuorum
1366 1870 1592 1908 recorderis.
1628 1871 1671 1905 Et
1691 1880 1762 1922 ne:-

968 1921 1126 1957 tandum
1173 1920 1275 1965 qued
1316 1923 1474 1965 possunt
1515 1916 1760 1969 multiplicam

968 1969 1083 2004 verba
1103 1967 1141 2002 in
1163 1967 1348 2011 oratione,
1371 1972 1412 2001 ut
1426 1977 1493 2011 per
1512 1965 1756 2010 significatio-

970 2025 1056 2051 nem
1099 2015 1301 2050 verborum
1341 2014 1561 2049 devotorum
1606 2011 1756 2047 animus

969 2062 1102 2097 melius
1124 2061 1289 2097 elevetur
1316 2060 1354 2095 in
1384 2062 1514 2103 Deum,
1538 2063 1574 2095 et
1594 2069 1669 2094 non
1691 2068 1754 2094 so-

969 2110 1045 2145 lum
1068 2113 1208 2148 mente.
1235 2108 1300 2144 sed
1321 2107 1436 2144 etiam
1457 2106 1643 2153 corporali
1662 2115 1753 2141 voce

969 2157 1081 2192 homo
1114 2157 1280 2192 elevetur
1318 2155 1355 2190 in
1395 2165 1494 2199 eum,
1545 2153 1753 2190 secundum

968 2204 1080 2240 illud:
1105 2206 1314 2243 Cor-meum,
1335 2207 1367 2238 et
1388 2212 1471 2239 caro
1488 2212 1567 2237 mea
1585 2202 1753 2236 eaesulta—

968 2255 1095 2287 verunt
1125 2254 1163 2286 in
1197 2253 1309 2286 Deum
1341 2252 1477 2285 vivum.
1512 2250 1593 2284 Non
1625 2252 1752 2284 tamen

968 2303 1090 2345 potest
1112 2298 1162 2335 ibi
1180 2297 1262 2334 dari
1274 2298 1406 2344 regula
1423 2303 1538 2340 certa,
1559 2296 1624 2332 sed
1639 2296 1752 2332 debet

967 2348 1080 2382 homo
1102 2345 1240 2382 talibus
1271 2345 1323 2381 uti
1356 2345 1395 2381 in
1422 2344 1606 2387 oratione,
1632 2353 1749 2388 quan-

967 2398 1046 2430 tum
1082 2393 1238 2440 percipit
1269 2393 1370 2439 quod
1396 2392 1536 2428 faciunt
1562 2392 1608 2427 ad
1637 2391 1749 2425 devo-

966 2441 1081 2478 tionis
1095 2441 1413 2477 exercitationem.
1429 2440 1465 2476 Si
1481 2443 1606 2475 autem
1625 2448 1644 2472 e
1666 2447 1750 2472 con-

966 2489 1097 2534 trario,
1136 2488 1320 2536 percipiat
1352 2487 1452 2533 quod
1489 2483 1749 2536 multiplicatio

966 2537 1168 2573 verborum
1213 2536 1398 2572 distrahat
1447 2537 1609 2569 mentem
1639 2541 1747 2583 ‘ej-us,

965 2584 1055 2631 quia
1072 2584 1274 2630 aliquando
1295 2580 1574 2626 multiloquium
1592 2590 1669 2614 oris
1685 2588 1750 2614 im-

964 2632 1068 2679 pedit
1095 2631 1335 2668 devotionem
1359 2627 1507 2671 mentis,
1531 2632 1619 2662 tune
1637 2626 1750 2662 debet

965 2690 1114 2716 cessare
1134 2689 1155 2714 a
1171 2678 1308 2720 verbis,
1324 2681 1358 2713 et
1381 2686 1490 2712 orare
1513 2676 1626 2710 Deum
1645 2683 1747 2709 men-

963 2727 1011 2764 tis
1045 2726 1254 2763 affectibus,
1289 2724 1404 2766 Unde,
1442 2722 1646 2771 secundum
1668 2721 1746 2756 Au-

962 2777 1162 2820 qustinum,
1204 2772 1352 2819 quando
1399 2780 1574 2817 rogamus
1612 2770 1746 2822 lJeum,

962 2822 1099 2870 pietate
1133 2831 1227 2868 opus
1251 2824 1320 2864 est,
1368 2829 1441 2854 non
1481 2818 1744 2860 verbositate3
