1897 3167
533 163 782 197 PROOEMIUM
822 163 861 195 lx
901 163 1034 196 vluit
1072 164 1177 197 JESU
1215 164 1413 198 Cllnls'rl.
1776 171 1795 202 7

147 235 236 272 erit.
260 235 440 270 Percurre
467 242 556 277 ergo
577 231 743 277 singulas
765 242 934 278 quasque

151 285 282 319 aetates
308 279 458 323 Christi,
485 279 717 324 virtutesque
753 279 834 324 ejus
869 289 936 325 per

151 328 333 375 singulas,
375 330 413 363 et
451 326 546 362 sicut
581 325 704 361 fidelis
730 325 936 372 disciputus

149 387 219 423 pro
246 384 358 422 posse
384 373 535 410 studeas
560 372 713 408 imitari.
742 374 782 408 ln
807 373 936 409 labore

149 422 263 459 etiam
305 420 480 457 exteriori
517 423 553 456 et
592 419 776 464 interiori,
810 430 936 456 recor-

148 469 239 505 dare
251 468 423 505 laborum
440 471 475 504 et
491 467 761 517 adversitatum
777 466 935 511 Christi3

147 519 185 552 et
201 516 515 562 quandocumque
539 516 576 550 in
604 514 728 560 aliquo
751 513 936 560 gravaris,

147 563 275 599 statim
296 563 344 599 ad
368 563 489 609 ipsum
509 562 611 608 pium
637 565 783 607 patrem
801 572 938 608 paupe-

148 620 247 654 rum,
279 613 472 656 tamquam
506 609 684 656 parvulus
718 609 766 645 ad
806 608 937 645 matris

148 657 336 704 gremium
359 667 492 700 curre3
516 660 636 692 totum
660 659 696 692 te
720 655 772 692 illi
795 656 935 700 revela,

148 707 270 741 totum
308 704 503 740 committe
526 732 534 748 ,
575 706 696 739 totum
736 702 774 738 in
813 703 935 749 ipsum

143 751 245 798 jacta
265 755 302 788 et
323 751 479 798 projice,
505 754 541 787 et
563 750 643 796 ipse
670 750 799 796 procul
821 750 935 787 dubio

146 802 410 846 tempestatem
433 798 592 841 sedabit,
618 801 654 833 et
677 797 860 833 relevabit
884 801 933 834 te.

146 847 227 882 Non
257 846 380 882 solum
415 848 541 882 autem
577 845 737 891 vigilans
775 844 934 881 Domino

143 894 237 930 Jesu
274 893 467 937 intendas,
508 893 574 929 sed
614 896 650 928 et
686 903 769 928 cum
801 903 935 939 corpus

146 943 265 977 strato
282 941 484 987 recolligis,
507 944 544 976 et
565 942 675 986 caput
692 939 934 976 reclinatorio

146 987 325 1035 imponis,
366 988 413 1024 sit
449 987 515 1024 tibi
553 986 662 1033 quasi
702 997 785 1022 cum
823 988 934 1023 beato

145 1036 292 1072 Joanne
334 1046 447 1082 super
485 1039 615 1081 pectus
657 1036 747 1070 Jesu
785 1045 933 1070 recum-

146 1082 277 1126 bente;
294 1083 421 1129 sicque
440 1083 663 1118 recumbens
678 1092 791 1127 super
804 1086 934 1128 pectus

143 1131 234 1166 Jesu
261 1140 352 1176 suge
379 1131 497 1166 ubera
519 1131 614 1176 eJ'us,
638 1132 674 1165 et
700 1129 738 1164 in
767 1139 860 1174 pace
896 1129 932 1164 111

145 1176 308 1230 idipsum
347 1177 512 1213 dormies
549 1180 586 1212 et
624 1175 853 1222 requiesces,
889 1178 933 1212 Et

145 1224 410 1260 universaliter
448 1224 486 1259 in
533 1223 708 1260 omuibus
749 1223 859 1259 dictis
896 1228 931 1259 et

145 1270 252 1307 sactis
288 1271 389 1315 tuis,
430 1271 536 1317 quasi
570 1271 618 1306 ad
652 1270 843 1316 exemplar
871 1281 932 1307 re-

143 1317 280 1365 spicias
309 1318 348 1354 in
379 1320 521 1362 Jesum,
549 1317 728 1353 incedens
749 1321 784 1353 et
812 1321 930 1360 stans,

143 1365 282 1402 sedens
301 1366 495 1411 etJacens‚
509 1364 710 1401 comedens
729 1367 765 1400 et
784 1364 930 1408 bibens,

147 1412 307 1459 loquens
325 1416 361 1449 et
382 1417 523 1456 tacens,
547 1413 647 1447 solus
662 1415 699 1446 et
719 1422 802 1447 cum
824 1411 929 1447 aliis:

145 1470 190 1496 ex
221 1461 291 1496 hoc
326 1459 427 1495 enim
462 1459 582 1505 magis
614 1469 698 1494 eum
725 1458 873 1503 diliges,
896 1462 931 1494 et

145 1507 412 1544 familiaritatis
426 1507 506 1552 ejus
520 1506 680 1552 gratiam
697 1510 733 1542 et
755 1505 931 1541 fiduciam

145 1555 328 1601 maj0rem
349 1554 576 1599 assequeris,
599 1557 635 1588 et
671 1553 707 1588 111
738 1552 839 1588 0111111
861 1552 932 1588 vir-

143 1605 222 1638 tute
255 1601 458 1648 perfectior
484 1600 572 1637 eris.
601 1601 644 1635 Et
671 1601 751 1636 hsee
788 1599 836 1635 sit
870 1611 929 1636 sa-

142 1648 285 1696 pientia
302 1651 380 1692 tua,
404 1651 439 1684 et
461 1647 625 1684 studium
656 1651 759 1683 tuum
781 1657 931 1694 semper

143 1696 192 1732 de
211 1696 299 1732 Jesu
320 1695 447 1741 aliqua
472 1695 652 1741 cogitare,
676 1694 775 1731 unde
798 1705 931 1741 provo-

143 1742 241 1780 ceris
262 1743 310 1779 ad
333 1742 572 1786 imitandum,
597 1742 655 1778 vel
685 1742 861 1778 efficiaris
881 1742 930 1778 ad

141 1791 351 1827 amandum
381 1790 517 1837 ipsum.
549 1789 653 1825 Talia
682 1789 782 1825 enim
810 1789 929 1825 medi-

142 1838 282 1882 tando,
310 1841 346 1874 et
376 1841 526 1884 tempus
552 1837 693 1873 utiliter
719 1837 930 1883 expendes,

143 1885 234 1922 dum
253 1884 450 1931 occuparis
475 1884 514 1920 in
536 1884 643 1920 bonis
670 1884 803 1920 studiis
824 1888 860 1920 et
880 1884 933 1920 di-

144 1932 254 1977 vinis,
279 1931 379 1968 circa
401 1931 603 1968 Dominum
627 1934 775 1975 Jesum,
799 1935 836 1968 et
856 1942 934 1968 mo—

144 1990 205 2017 res
224 1983 310 2016 tuos
334 1979 555 2016 emendabis
585 1979 632 2015 ad
659 1980 819 2015 formam
846 1979 932 2015 vitre

143 2026 275 2075 ipsius,
298 2026 386 2063 dum
406 2026 443 2063 in
461 2026 638 2063 omnibus
660 2026 817 2072 agendis
839 2037 934 2063 sem-

143 2085 212 2122 per
242 2074 291 2111 ad
324 2074 447 2121 ipsum
475 2074 645 2120 respicis,
667 2074 789 2110 omnis
809 2074 932 2121 perfe-

143 2121 280 2159 ctionis
317 2122 508 2169 speculum
547 2125 582 2157 et
611 2121 857 2168 exemplum:
897 2125 932 2157 et

106 2207 110 2210 ,
145 2173 287 2217 quanto
334 2169 454 2216 magis
508 2169 577 2205 has
634 2169 933 2215 frequentaveris

143 2216 426 2258 meditationes,
464 2219 570 2252 tanto
607 2217 727 2262 magis
763 2227 828 2253 eas
865 2216 932 2253 tibi

144 2264 282 2301 reddes
303 2264 525 2308 familiares,
548 2268 585 2300 et
605 2264 753 2300 facilius
780 2263 847 2300 tibi
871 2275 932 2300 oc-

145 2315 315 2356 current,
337 2316 373 2347 et
389 2311 594 2358 jucundius
617 2315 652 2347 te
676 2310 859 2348 reficient.

199 2373 234 2395 11
256 2360 454 2395 tux-:monus
469 2370 540 2399 Quo
555 2370 758 2394 xil-:nirANDA
775 2370 837 2394 EsT
851 2370 933 2395 vnn&

144 2406 305 2443 Cnmsri.
330 2426 376 2432 —
396 2405 530 2441 Vidisti
556 2417 645 2452 ergo
667 2406 715 2442 ad
737 2416 848 2452 quem
869 2417 931 2443 ex-

147 2453 289 2489 celsum
331 2453 492 2499 gradum
532 2453 800 2490 meditationes
848 2453 932 2490 vitae

145 2500 287 2537 Christi
308 2501 519 2546 perducunt
539 2512 546 2536 :
567 2511 664 2536 nunc
685 2500 724 2536 in
742 2500 842 2547 ipsas
858 2511 933 2538 me-

146 2547 351 2584 ditationes
380 2551 416 2584 te
444 2548 659 2594 aliqualiter
691 2548 932 2585 introducere

145 2596 314 2639 tentabo,
332 2606 406 2631 non
424 2597 552 2631 omnia
573 2606 655 2641 quse
676 2595 713 2631 in
729 2596 932 2641 Evangelio

146 2642 287 2689 scripta
319 2647 408 2679 sunt
433 2643 715 2689 pertractando,
738 2644 804 2679 sed
834 2654 934 2690 quae-

146 2690 233 2726 dam
272 2690 468 2726 devotiora
493 2701 535 2726 ex
558 2689 616 2726 his
640 2690 827 2736 eligendo.
861 2693 933 2727 Nec

147 2737 279 2774 credas
316 2738 417 2784 quod
452 2737 593 2783 omnia,
622 2748 704 2784 quae
744 2738 932 2775 Christum

147 2784 284 2821 dixisse
298 2785 356 2821 vel
379 2785 510 2822 fecisse
529 2785 700 2822 meditari
717 2796 930 2833 possumus,

1012 232 1151 278 scripta
1171 236 1270 275 sunt,
1290 233 1354 268 sed
1372 233 1419 269 ad
1439 235 1620 281 majorem
1641 234 1797 282 impres-

1013 278 1158 331 sionem
1176 290 1219 314 ea
1241 280 1306 315 tibi
1329 280 1380 316 sic
1401 282 1563 318 narrabo
1581 287 1690 328 prout
1713 294 1798 319 cou-

1013 329 1191 371 tigerunt‚
1217 327 1271 361 vel
1295 327 1495 373 contigisse
1517 329 1574 374 pie
1592 330 1693 365 credi
1715 341 1799 376 pos-

1013 376 1112 416 sunt,
1122 373 1326 425 secundum
1340 376 1521 419 quasdam
1533 376 1798 422 imaginativas

1012 423 1383 466 repraesentationes,
1401 432 1492 466 quas
1510 423 1660 460 animus
1674 424 1797 461 diver-

1013 466 1354 513 simodepercipit.
1379 469 1470 504 Nam
1505 470 1603 506 circa
1631 471 1797 508 divinam

1013 514 1245 560 Scripturam
1281 514 1471 559 meditari,
1509 516 1733 564 intelligere,
1762 523 1799 555 et

1012 572 1214 608 exponere,
1234 560 1437 597 multifarie
1456 573 1668 608 possumus,
1688 570 1801 612 prout

1012 609 1204 658 credimus
1219 608 1409 655 expedire,
1433 610 1636 647 dummodo
1660 624 1732 648 11011
1752 613 1800 648 sit

1012 661 1143 692 contra
1179 656 1376 692 veritatem
1411 656 1511 701 vitre,
1547 658 1602 693 vel
1626 659 1799 705 justitiar,

1012 708 1077 740 aut
1104 703 1301 747 doctrinae,
1327 702 1364 739 id
1391 707 1461 747 est,
1489 715 1564 740 non
1597 705 1644 740 sit
1672 711 1801 743 contra

1012 751 1141 795 fidem,
1164 750 1221 786 vel
1256 751 1376 786 bonos
1404 761 1543 788 mores.
1570 752 1801 799 Quicumque¹

1012 809 1101 834 vero
1120 797 1256 834 asserit
1276 798 1322 834 de
1345 799 1421 833 Deo
1440 798 1583 845 aliquid
1605 801 1704 846 quod
1727 813 1800 836 11011

1013 849 1069 881 est
1106 845 1173 881 tibi
1206 848 1364 889 certum,
1395 846 1453 881 vel
1486 856 1554 892 per
1590 848 1801 884 naturalem

1012 892 1213 937 rationem,
1253 893 1310 928 vel
1350 903 1418 939 per
1452 894 1702 939 synderesim,
1744 895 1800 931 vel

1010 951 1078 987 per
1116 940 1246 984 fidem,
1277 940 1335 975 vel
1362 950 1430 986 per
1461 951 1607 977 sacram
1634 942 1801 988 Scriptu-

1011 998 1107 1032 ram,
1133 986 1328 1034 praesumit
1355 991 1391 1023 et
1418 991 1561 1033 peccat.
1590 990 1680 1025 Cum
1711 1000 1800 1035 ergo

1011 1045 1071 1071 me
1095 1038 1312 1071 narrantem
1328 1034 1501 1071 invenies
1526 1047 1533 1071 :
1559 1037 1613 1072 Ita
1633 1036 1724 1072 dixit
1744 1037 1801 1073 vel

1010 1082 1097 1118 fecit
1117 1082 1299 1118 Dominus
1327 1084 1449 1126 ι105115,
1473 1093 1538 1119 seu
1559 1083 1621 1119 alii
1655 1084 1717 1130 qui
1748 1084 1800 1119 in-

1009 1130 1282 1174 troducuntur3
1325 1129 1355 1165 si
1388 1129 1425 1165 id
1452 1140 1520 1176 per
1562 1131 1792 1177 Scripturam

1008 1177 1160 1223 probari
1181 1187 1253 1212 non
1269 1177 1481 1223 possit,non
1501 1178 1611 1213 aliter
1630 1178 1793 1225 accipias

1008 1235 1121 1270 quam
1162 1224 1298 1260 devota
1330 1224 1524 1260 meditatio
1559 1225 1687 1271 exigit,
1723 1227 1794 1262 1100

1007 1276 1078 1315 est,
1105 1271 1263 1317 perinde
1288 1271 1416 1317 accipe
1450 1282 1493 1307 ae
1530 1272 1560 1307 si
1592 1273 1756 1309 dicerem
1783 1285 1791 1309 z

1008 1318 1167 1354 Meditor
1201 1318 1303 1363 quod
1330 1318 1382 1354 ita
1405 1318 1538 1354 dixerit
1575 1320 1630 1355 vel
1666 1320 1794 1356 fecerit

1006 1366 1128 1402 bonus
1153 1367 1283 1408 Jesus;
1308 1369 1343 1401 et
1365 1365 1417 1401 sie
1443 1366 1489 1401 de
1516 1366 1716 1404 similibus.
1740 1369 1794 1404 Tu

1006 1417 1147 1456 autem,
1159 1413 1188 1448 si
1202 1423 1244 1449 ex
1262 1412 1321 1448 his
1333 1412 1495 1448 fructum
1509 1424 1658 1450 sumere
1674 1415 1793 1460 cupis,

1006 1464 1083 1496 toto
1111 1460 1249 1495 mentis
1273 1459 1425 1503 affectu,
1449 1460 1666 1506 diligenter,
1692 1462 1794 1498 dele-

1007 1506 1206 1552 ctabiliter,
1234 1510 1270 1542 et
1303 1517 1467 1551 morose,
1500 1508 1676 1544 omnibus
1711 1509 1796 1545 aliis

1006 1553 1107 1590 curis
1127 1557 1163 1589 et
1183 1553 1502 1590 sollicitudinibus
1518 1558 1608 1591 tunc
1629 1556 1794 1601 omissis,

1005 1601 1058 1637 ita
1083 1604 1310 1648 praesentem
1340 1605 1376 1637 te
1409 1601 1587 1638 exhibeas
1621 1603 1679 1638 his
1711 1613 1796 1649 quae

1004 1659 1073 1695 per
1103 1648 1307 1684 Dominum
1328 1650 1457 1685 Jesum
1479 1649 1578 1686 dicta
1609 1650 1667 1686 vel
1698 1650 1797 1687 sacta

1006 1698 1106 1741 sunt,
1132 1699 1166 1731 et
1189 1707 1231 1732 ex
1256 1696 1315 1732 his
1343 1707 1428 1743 quae
1461 1701 1680 1742 narrantur,
1702 1709 1744 1734 ae
1765 1698 1796 1734 si

1004 1743 1080 1779 tuis
1095 1743 1252 1780 auribus
1266 1744 1433 1787 audires,
1448 1747 1483 1780 et
1496 1744 1613 1780 oculis
1634 1745 1794 1790 videres,

1006 1790 1096 1837 quia
1113 1790 1340 1827 suavissima
1358 1795 1448 1827 sunt
1465 1803 1508 1827 ex
1523 1792 1711 1829 desiderio
1734 1804 1795 1829 co-

1007 1838 1158 1885 gitanti,
1180 1842 1219 1874 et
1245 1839 1362 1875 multo
1385 1839 1504 1886 magis
1538 1840 1718 1885 gustanti.
1752 1842 1796 1876 Et
1833 1871 1840 1883 ‚

1005 1886 1091 1922 ideo
1113 1886 1286 1932 quamvis
1308 1886 1428 1922 multa
1447 1897 1490 1922 ex
1512 1887 1571 1923 his
1601 1891 1795 1934 tamquam
1835 1887 1839 1890 ’

1006 1933 1045 1969 111
1077 1933 1270 1979 praeterito
1292 1933 1391 1970 facta
1425 1938 1644 1980 narrantur,
1677 1939 1715 1971 tu
1739 1939 1794 1970 ta-

1007 1991 1095 2017 men
1144 1980 1272 2017 omnia
1307 1984 1501 2028 tamquam
1541 1982 1580 2018 in
1617 1982 1795 2028 praesenti

1007 2028 1156 2072 fierent,
1171 2028 1365 2064 mediteris
1388 2040 1396 2064 :
1419 2029 1509 2075 quia
1529 2040 1571 2065 ex
1592 2031 1662 2066 1100
1681 2030 1796 2076 majo-

1007 2086 1088 2112 rem
1109 2075 1192 2111 sine
1219 2075 1333 2112 dubio
1361 2076 1587 2112 suavitatem
1609 2077 1792 2123 gustabis.

1008 2124 1104 2169 Lege
1131 2134 1221 2169 ergo
1243 2134 1328 2169 quae
1352 2124 1451 2160 facta
1475 2128 1577 2169 sunt,
1601 2128 1796 2171 tamquam

1008 2170 1121 2214 fiant;
1144 2180 1244 2217 pone
1260 2174 1348 2207 ante
1369 2171 1500 2207 oculos
1517 2176 1624 2218 gesta
1645 2176 1798 2219 praeter-

1007 2217 1059 2254 ita
1084 2221 1280 2264 tamquam
1306 2218 1523 2264 praesentia,
1543 2223 1579 2256 et
1600 2220 1654 2256 sic
1676 2218 1797 2266 magis

1007 2265 1140 2311 sapida
1159 2265 1299 2301 senties
1323 2269 1359 2301 et
1378 2266 1564 2312 jucunda.

1059 2326 1097 2349 12
1119 2314 1203 2348 Lom
1222 2324 1445 2349 xorlricnm
1464 2325 1669 2355 Aniouxxno
1691 2325 1797 2350 PROD-

1006 2372 1082 2396 Esr.
1107 2381 1153 2386 -
1175 2360 1280 2396 Unde
1300 2364 1336 2396 et
1358 2362 1588 2407 quandoque
1615 2361 1794 2397 annotavi

1006 2407 1102 2452 loca,
1114 2407 1151 2443 in
1167 2408 1306 2453 quibus
1322 2408 1402 2444 haec
1419 2410 1476 2444 vel
1496 2409 1559 2445 illa
1574 2413 1663 2445 sunt
1683 2410 1794 2453 facta,

1007 2455 1096 2501 quia
1118 2455 1278 2491 multum
1296 2455 1395 2491 valet
1416 2456 1670 2501 homini,cum
1691 2455 1797 2492 audit

1006 2502 1252 2549 Evangelium
1289 2502 1362 2549 legi
1387 2531 1396 2548 ,
1443 2508 1480 2539 et
1520 2504 1591 2540 hoe
1631 2503 1687 2539 vel
1725 2504 1796 2539 hoe

1006 2550 1145 2586 factum
1185 2550 1249 2586 tali
1288 2550 1370 2586 loco
1409 2555 1571 2598 gestum,
1601 2561 1685 2586 cum
1715 2560 1794 2586 rem

1006 2602 1153 2644 gestam
1177 2597 1247 2633 scit
1269 2601 1306 2634 et
1332 2598 1403 2634 loci
1425 2598 1553 2634 situm.
1576 2598 1631 2633 Ad
1653 2601 1794 2633 terram

1007 2645 1108 2682 enim
1128 2648 1312 2690 sanctam,
1324 2655 1436 2691 quam
1452 2645 1637 2681 universa}
1657 2644 1794 2681 Christi

1007 2692 1176 2729 ecclesiae
1215 2696 1325 2729 nocte
1360 2693 1495 2738 dieque
1532 2692 1676 2728 sociare
1718 2703 1794 2728 non

1007 2739 1199 2785 desinunt,
1222 2750 1335 2786 quam
1362 2741 1482 2776 bonus
1519 2739 1580 2776 ille
1611 2741 1718 2775 Jesus
1740 2739 1794 2775 in-

1007 2787 1228 2830 habitando,
1255 2791 1291 2824 et
1311 2788 1425 2823 verbo
1446 2787 1501 2822 vel
1523 2786 1697 2823 doctrina
1713 2786 1796 2823 illu-
