1861 3167
137 212 156 244 2
512 204 764 238 PROOEMIUM
803 206 842 240 lx

137 279 228 316 deas
249 277 429 324 pietatem
452 273 490 310 in
509 274 704 310 moribus?
718 288 735 306 »
753 275 858 311 Unde
879 278 916 311 et

138 327 410 369 chrysostomus
431 334 442 357 :
467 334 485 355 «
513 320 584 364 Qui
606 320 735 366 legens
755 321 801 358 de
822 323 913 366 Deo,

136 374 215 410 vult
247 369 416 407 invenire
451 369 582 412 Deum,
611 367 763 404 festinet
790 368 914 404 vivere

138 421 249 466 digne
273 419 366 461 De03
389 419 427 452 et
451 415 533 462 ipsa
556 415 788 451 conversatio
815 416 915 451 bona

133 467 181 503 sit
206 464 313 511 quasi
336 464 480 509 lampas
501 461 654 498 luminis
677 465 766 498 aute
787 462 914 498 oculos

131 513 255 550 cordis
276 510 484 558 ejus‚siam
499 509 667 546 veritatis
687 508 875 555 aperiens.
893 524 910 541 »

177 565 198 597 5
213 561 303 595 Vin
311 559 453 594 Cnmsri
464 568 621 592 PROPTER
632 568 763 591 SEPTEM
776 568 914 591 oEsmE-

130 619 262 644 RANDA.
278 626 324 632 -
338 607 412 641 Ista
427 604 503 640 vita
515 604 553 639 in
567 614 712 639 summo
726 602 912 638 desiderio

130 655 242 691 debet
263 663 345 690 esse
366 650 567 698 peccatori,
595 653 749 696 propter
780 650 910 685 multa.

131 701 272 745 Primo,
299 703 453 746 propter
487 697 749 733 remissionem
779 707 911 742 pecca-

128 752 266 785 torum.
290 749 380 784 Cum
410 744 510 781 enim
539 743 669 780 fecerit
695 744 741 779 de
763 754 801 779 se
816 743 913 789 judi-

129 796 292 837 cium,se
311 804 378 840 per
391 791 665 828 consessionem
683 790 910 834 accusando,

128 853 196 889 per
221 841 420 888 justitiam,
456 837 717 886 poenitentiam
741 837 912 873 volunta-

128 890 224 925 riam
239 887 481 930 assumendo,
499 887 579 932 J'am
601 884 759 920 sollicite
778 885 909 920 ambu-

128 937 213 973 lans
251 946 334 972 cum
362 936 437 970 Deo
476 944 542 969 suo
581 931 760 978 praedicto
797 931 909 966 modo

129 983 360 1026 meditando,
382 984 563 1027 purgatur
583 990 659 1014 non
679 977 868 1014 modicum
889 988 911 1014 a

129 1031 304 1067 sordibus
324 1032 578 1075 peccatorum.
602 1028 691 1061 Deus
710 1027 803 1061 enim
824 1036 907 1060 nos·

129 1082 195 1119 ter,
243 1076 300 1113 cui
342 1076 523 1118 adhaeret,
567 1075 665 1117 iqtzis
702 1083 909 1108 consumens

130 1129 195 1166 est,
216 1125 470 1169 purqationem
496 1123 727 1167 peccatorum
752 1121 906 1162 faciens.

126 1193 172 1197 -
208 1170 392 1212 Secundo,
412 1172 567 1215 propter
588 1166 644 1202 sui
665 1165 908 1202 illuminatio-

125 1229 226 1254 nem.
254 1217 318 1253 Ille
350 1215 447 1252 enim
476 1214 534 1250 cui
565 1212 720 1256 assistit,
752 1214 831 1264 lucc·
857 1215 911 1247 est

126 1268 165 1301 in
185 1265 339 1300 tenebris
365 1264 498 1306 lucem,
527 1260 632 1305 cujus
655 1259 796 1311 lumine
825 1259 907 1294 illu-

128 1315 267 1349 stratus
305 1310 460 1346 docetur
498 1307 669 1343 ordinate
708 1306 909 1357 disponere

127 1359 241 1395 vitam
261 1367 367 1393 suam
387 1356 435 1391 ad
456 1354 658 1397 Christum,
683 1356 719 1388 et
741 1352 909 1388 coelestia

128 1407 176 1442 ad
204 1405 368 1452 seipsum
391 1413 435 1438 ac
460 1401 684 1448 proximum,
708 1402 907 1452 etlterres-

126 1453 212 1489 tria.
233 1472 278 1478 —
298 1451 436 1493 Tertio,
471 1451 625 1495 propter
664 1450 824 1499 gratiam
858 1446 910 1481 la-

127 1509 355 1546 crymarum,
392 1496 501 1533 valde
540 1504 793 1546 necessariam
825 1503 910 1539 pec-

125 1546 244 1584 catori
284 1545 323 1581 in
362 1545 432 1580 hac
464 1543 561 1578 valle
596 1543 773 1584 miseriae,
797 1550 908 1585 quam

130 1594 315 1637 Christus,
347 1591 409 1637 qui
436 1593 493 1626 est
524 1589 846 1641 fonshortorum,
876 1590 912 1638 et

129 1645 265 1688 puteus
286 1648 467 1685 aquarum
487 1636 911 1688 viventiurmconsuevit

131 1687 391 1736 peccatoribus
413 1683 483 1721 sibi
506 1683 795 1734 adhaerentibus
806 1681 909 1716 dare.

131 1757 177 1762 -—
227 1736 363 1778 Quarto
382 1761 390 1776 ,
433 1735 586 1778 propter
632 1735 910 1781 reparationem

131 1783 305 1829 lapsuum
333 1779 653 1826 quotidianorum,
691 1777 736 1812 de
755 1776 912 1828 *qmbus

133 1840 282 1876 semper
315 1828 456 1863 relevat
487 1824 667 1861 Dominus
693 1823 763 1859 sibi
785 1822 910 1858 adhae-

130 1881 270 1920 rentes,
309 1876 414 1921 juxta
454 1873 576 1908 illud:
604 1873 675 1907 Fae
711 1873 912 1924 serpentem

131 1935 280 1965 aeneum,
306 1926 339 1958 et
372 1931 462 1967 pone
493 1930 571 1954 eum
600 1929 668 1965 pro
702 1920 821 1961 siqn03
847 1928 911 1962 qm

128 1981 320 2018 percussus
358 1969 544 2014 aspexerit
590 1977 682 2006 eum,
719 1967 829 2016 vivet.
865 1985 910 1989 —

132 2018 283 2062 Quinto,
307 2019 461 2063 propter
485 2014 632 2049 dulcem
658 2016 695 2048 et
718 2011 910 2047 desidera-

130 2066 246 2103 bilem
290 2061 605 2108 degustationem,
645 2069 757 2105 quam
791 2058 832 2094 in
871 2055 926 2094 se'

130 2114 259 2156 habet,
277 2112 382 2157 juxta
407 2109 524 2145 illud:
549 2108 699 2144 Gustate
727 2109 760 2142 et
778 2106 909 2146 videte,

132 2161 305 2206 quoniam
321 2159 446 2193 suavis
458 2159 510 2191 est
526 2156 712 2190 Dominus.
728 2173 773 2179 --
786 2153 909 2205 Sexto,

131 2210 286 2254 propter
312 2203 565 2251 cognitionem
595 2203 763 2247 paternae
794 2209 911 2252 maJe5

131 2253 254 2297 statis,
280 2263 362 2298 quae
385 2261 452 2297 per
478 2249 599 2296 ipsum
630 2248 751 2283 solum
780 2246 912 2282 haberi

131 2300 384 2348 potest,juxta
403 2297 495 2333 illud
512 2298 640 2333 :Nemo
657 2296 758 2330 novit
768 2295 912 2329 Patrem

131 2350 207 2384 nisi
226 2348 400 2386 Filius,et
417 2346 476 2380 cui
498 2344 615 2380 Filius
637 2343 791 2377 voluerit
811 2351 910 2375 reve-

134 2397 224 2432 lare.
252 2415 298 2420 -
329 2391 508 2438 Septimo,
550 2392 702 2436 propter
739 2397 911 2440 securum

133 2442 274 2479 exitum
289 2441 335 2476 ab
357 2440 426 2475 hac
440 2437 517 2473 vita
538 2435 760 2483 periculosa.
775 2434 912 2470 Fidelis

132 2498 295 2534 namque
318 2488 505 2533 peccator,
528 2483 590 2530 qui
612 2480 911 2534 mod-otquotidie

134 2535 289 2581 suscipit
317 2532 504 2570 Christum
533 2531 571 2566 in
598 2531 760 2575 hosp1t1o
788 2528 912 2564 cordis

133 2583 204 2627 sui,
228 2585 265 2618 et
290 2580 468 2618 lectulum
492 2577 667 2614 floridum
690 2586 758 2622 per
779 2585 912 2611 suaves

132 2628 399 2667 meditationes
436 2626 559 2662 eidem
590 2622 859 2676 praeparandoe
891 2632 911 2658 e

133 2687 314 2714 converso
335 2677 420 2722 post
441 2676 600 2709 mortem
628 2673 856 2722 requiretur,
876 2672 913 2705 et

134 2724 358 2770 suscipietur
383 2732 406 2758 a
434 2719 580 2757 Christo
603 2730 611 2754 :
640 2721 681 2754 ut
707 2719 802 2753 51cut
823 2726 910 2768 con-

135 2771 256 2807 suevit
288 2773 325 2806 et
357 2766 568 2814 concupIVit
601 2774 763 2812 semper,
798 2767 833 2800 et
873 2773 909 2798 1n

134 2822 318 2855 :eternum
340 2816 386 2852 sit
411 2825 493 2852 cum
514 2813 608 2861 ipso.

879 207 1015 242 VITAM
1051 209 1155 241 JESU
1192 208 1385 242 CllRlSTl.

1036 280 1056 320 [4
1079 278 1193 313 Huius
1218 289 1306 312 viTAE
1330 289 1495 313 FRUCTUS.
1514 298 1559 302 —-
1579 279 1665 314 Haec
1690 278 1771 314 vita

989 327 1045 359 est
1055 323 1129 359 vita
1143 325 1241 360 bona
1257 327 1293 359 et
1306 324 1684 370 irrigua,peccatores
1694 324 1765 361 sibi

988 371 1225 407 adhaerentes
1242 371 1427 407 mundans
1447 375 1484 407 et
1505 382 1705 415 renovans,
1729 376 1767 407 et

989 428 1053 453 eos
1082 417 1180 453 cives
1213 419 1447 461 Sanctorum,
1476 421 1512 453 et
1538 418 1765 455 domesticos

989 464 1053 500 Dei
1075 464 1228 500 faciens.
1252 466 1315 500 Est
1335 464 1507 500 amabilis
1525 468 1561 501 et
1581 465 1699 501 dulcis
1716 465 1764 501 ad

989 511 1313 547 conversandum:
1333 513 1412 548 Non
1434 513 1527 546 enim
1548 512 1654 547 habet
1667 517 1766 548 ama-

987 558 1185 593 ritudinem
1220 559 1440 593 conversatio
1478 559 1595 599 illius,
1620 569 1683 594 nee
1703 561 1764 594 tae-

988 604 1090 639 dium
1126 606 1308 640 convictus
1340 606 1476 650 ipsius;
1510 605 1572 640 sed
1599 606 1765 641 laetitiam

988 654 1021 686 et
1046 652 1235 695 qauch‘um.
1263 652 1327 686 Est
1350 650 1540 695 deliciosa,
1569 654 1605 687 et
1625 651 1764 695 suavis,

988 701 1112 733 cetera
1137 708 1218 743 quae
1251 698 1347 733 hanc
1374 708 1450 733 non
1481 696 1630 744 sapiunt
1659 697 1764 734 fasti-

987 744 1094 780 diens
1115 743 1304 788 exercitia,
1334 755 1418 780 cum
1445 744 1676 790 aliquamdiu
1701 744 1763 791 pio

986 792 1099 827 corde
1119 791 1231 827 suerit
1250 791 1500 836 frequentata.
1522 793 1586 827 Est
1605 802 1767 838 pascens

986 841 1022 874 et
1048 838 1236 882 reficiens,
1264 849 1351 874 nam
1379 839 1585 874 secundum
1607 839 1764 875 Ambro-

984 886 1092 926 sium,
1116 885 1178 931 qui
1203 885 1392 921 domicilio
1415 885 1605 921 Christum
1631 884 1765 931 recipit

986 931 1151 976 interno,
1166 931 1338 968 maximis
1351 932 1665 968 delectationibus
1679 943 1765 969 exu-

985 979 1197 1015 berantium
1226 979 1392 1025 pascitur
1423 980 1670 1025 voluptatum.
1699 980 1765 1015 Est

984 1026 1235 1062 consolatoria
1288 1026 1454 1062 solitario
1472 1054 1480 1070 ,
1531 1029 1568 1062 et
1613 1025 1763 1072 quidem

984 1073 1146 1119 optimus
1159 1084 1284 1109 comes
1294 1073 1395 1119 jugis
1410 1073 1655 1119 jucunditatis
1669 1073 1768 1109 sola-

983 1120 1112 1166 tiique,
1134 1124 1170 1156 et
1184 1120 1483 1164 confortationis,
1497 1131 1540 1156 ac
1558 1122 1671 1155 turris
1690 1121 1766 1164 for-

984 1167 1155 1202 titudinis
1173 1178 1194 1202 a
1215 1169 1312 1210 facie
1331 1169 1484 1209 inimici,
1507 1171 1540 1203 et
1561 1178 1583 1202 α
1606 1167 1764 1203 tribula-

984 1215 1078 1248 tione
1102 1217 1138 1249 et
1158 1214 1364 1249 tentatione
1377 1216 1590 1259 peccatoris.
1608 1215 1693 1250 Haec
1707 1217 1764 1250 est

982 1260 1059 1296 vita
1091 1260 1204 1306 plana
1233 1264 1268 1296 et
1292 1260 1411 1296 facilis
1437 1261 1485 1297 ad
1508 1260 1765 1306 contemplan-

983 1306 1072 1342 dum
1102 1308 1331 1350 Creatorem,
1353 1308 1399 1342 de
1420 1318 1493 1353 qua
1513 1308 1638 1343 nullus
1658 1317 1765 1343 excu-

984 1363 1068 1388 sare
1098 1363 1137 1388 se
1162 1357 1309 1399 potest3
1340 1353 1434 1389 sicut
1457 1354 1503 1389 de
1531 1355 1763 1400 contempla-

983 1399 1084 1435 tione
1119 1410 1274 1436 summae
1307 1401 1528 1446 maJestatis‚
1570 1401 1618 1437 ad
1650 1412 1762 1448 quam

984 1457 1095 1483 nemo
1122 1447 1258 1492 raptim
1284 1450 1407 1493 potest
1434 1448 1663 1495 pertingere,
1689 1448 1762 1485 nisi

984 1492 1216 1540 proficiendo
1252 1504 1320 1540 per
1359 1494 1470 1530 istam
1499 1495 1614 1531 vitam
1643 1495 1762 1532 nostri

985 1540 1257 1587 Redemptoris.
1289 1543 1392 1577 Hane
1421 1542 1645 1588 quicumque
1667 1542 1764 1579 inci-

956 1612 971 1643 ,ι
984 1587 1133 1640 pientes
1156 1591 1192 1623 et
1214 1588 1372 1641 parvul-i,
1399 1599 1623 1635 qmcumque
1645 1590 1763 1636 profi-

951 1640 957 1657 *
986 1637 1126 1671 cientes
1146 1638 1182 1670 et
1198 1635 1352 1681 perfecti
1369 1639 1528 1681 possunt
1546 1637 1700 1682 habere,
1726 1640 1763 1673 et

985 1682 1023 1718 in
1038 1693 1083 1718 ea
1101 1681 1272 1718 invenire
1293 1683 1434 1718 bonum
1455 1683 1584 1719 nidum
1602 1683 1761 1728 sibi,ubi

985 1732 1177 1774 tamquam
1198 1732 1364 1765 turtures
1395 1734 1594 1776 reponant,
1617 1734 1654 1767 et
1675 1732 1762 1768 abs-

987 1776 1149 1812 condant
1170 1776 1260 1812 casti
1282 1777 1423 1812 amoris
1442 1778 1577 1822 pullos,
1603 1778 1761 1824 quisque

985 1834 1053 1870 pro
1080 1834 1148 1859 sua
1164 1823 1382 1870 capacitate.
1406 1826 1491 1860 Haec
1510 1825 1585 1861 vita
1603 1825 1760 1862 multum

984 1870 1107 1907 reddit
1134 1871 1288 1906 Sanctos
1316 1870 1379 1906 Dei
1404 1871 1642 1917 favorabiles,
1662 1871 1759 1919 pios,

985 1920 1021 1953 et
1043 1917 1229 1963 benignos
1259 1917 1464 1955 cultoribus
1493 1919 1582 1962 suis,
1600 1923 1762 1966 vpropter

983 1964 1105 2011 ipsum
1134 1964 1196 2010 qui
1225 1965 1335 2001 nobis
1357 1976 1440 2002 cum
1468 1966 1539 2002 illis
1563 1975 1763 2003 commune

985 2015 1041 2048 est
1066 2012 1256 2057 gaudium.
1280 2013 1479 2058 Numquid,
1501 2013 1605 2050 verbi
1626 2014 1760 2060 gratia,

984 2060 1095 2095 beata
1115 2059 1242 2105 VirgQ
1256 2064 1376 2096 mater
1390 2061 1673 2106 misericordiae,
1686 2062 1763 2108 pie-

984 2106 1085 2151 tatis,
1112 2110 1149 2142 et
1177 2106 1306 2150 gratiae
1329 2107 1467 2153 poterit
1491 2111 1527 2144 te
1554 2108 1762 2155 despicere,

984 2153 1042 2189 vel
1063 2153 1189 2189 oculos
1207 2164 1296 2190 suos
1317 2158 1385 2190 ate
1399 2159 1581 2199 avertere,
1595 2155 1764 2202 quamvis

985 2200 1036 2236 sis
1048 2204 1235 2246 peccator,
1255 2202 1402 2247 quando
1418 2213 1496 2238 non
1509 2202 1630 2238 solum
1647 2202 1762 2239 semel

984 2247 1024 2283 in
1048 2247 1108 2283 die
1134 2247 1282 2292 viderit,
1304 2249 1370 2284 sed
1400 2252 1437 2285 et
1462 2249 1678 2295 frequenter
1702 2249 1762 2286 Fi-

984 2294 1075 2330 lium
1093 2305 1216 2339 suum,
1229 2305 1339 2340 quem
1357 2307 1469 2342 super
1483 2296 1612 2332 omnia
1625 2296 1761 2343 diligit,

983 2341 1022 2377 in
1060 2341 1223 2378 brachiis
1262 2342 1336 2379 tuis
1366 2347 1400 2379 et
1433 2343 1533 2379 inter
1554 2344 1672 2380 ubera
1697 2347 1761 2380 tua

984 2390 1309 2425 commorantem?
1339 2390 1526 2437 Numquid
1555 2391 1694 2437 poterit
1724 2394 1761 2427 te

984 2446 1067 2471 cum
1085 2435 1175 2472 Filio
1191 2447 1270 2480 suo,
1293 2448 1403 2483 quem
1415 2441 1556 2484 portas,
1571 2437 1760 2481 deserere,

984 2482 1134 2527 quando
1169 2483 1304 2520 viderit
1341 2488 1377 2520 te
1415 2485 1594 2531 praedicto
1632 2484 1760 2527 modo,

983 2529 1116 2565 Filium
1138 2540 1246 2566 suum
1261 2534 1338 2567 tam
1359 2532 1514 2568 sollicite
1531 2542 1599 2578 per
1612 2531 1761 2577 singula

984 2576 1239 2622 comitantem,
1259 2582 1295 2614 et
1316 2578 1437 2615 eidem
1451 2578 1601 2625 pietatis
1618 2578 1759 2622 oflicia,

984 2623 1194 2660 devotionis
1217 2625 1481 2669 ministerium,
1502 2636 1570 2672 per
1590 2625 1669 2662 dies
1688 2625 1762 2662 sin-

983 2671 1091 2716 gulos
1118 2671 1384 2709 exhibentem?
1407 2673 1513 2709 Nullo
1544 2673 1671 2709 modo.
1701 2671 1762 2709 Sic

984 2721 1021 2753 et
1032 2718 1145 2754 ceteri
1159 2720 1281 2756 Sancti
1298 2719 1545 2756 libentissime
1555 2719 1762 2767 respiciunt

982 2764 1081 2809 illos,
1110 2776 1194 2802 cum
1215 2767 1348 2812 quibus
1371 2769 1468 2804 Deus
1499 2767 1667 2813 placatus
1692 2767 1760 2802 ha-

982 2811 1103 2849 bitare
1124 2813 1312 2860 dignatur,
1338 2825 1422 2851 cum
1446 2814 1519 2852 ista
1547 2813 1623 2851 vita
1649 2812 1760 2850 faciat
