1943 3141
511 129 560 161 lit:
599 128 866 161 NATIVITATE
905 129 1181 163 SALtKiTonis
1220 132 1394 165 NosTiii.
1739 133 1779 164 ‘125

137 199 238 236 ditur
271 209 355 235 cum
391 198 528 234 dicitur
550 210 557 233 :
580 200 670 234 Ecce
693 200 788 233 enim
814 209 921 234 ecun-

136 246 266 291 qelizo,
289 246 327 282 id
353 249 423 289 est,
451 246 591 282 bonum
630 244 761 281 nuntio
802 246 916 285 vobis,

137 293 279 330 scilicet
311 293 487 338 gaudium
511 303 696 337 maynum.
719 292 816 337 quod
849 294 918 328 erit

137 342 236 377 omni
275 341 424 386 populo.
463 338 500 374 id
545 343 614 383 est,
656 339 828 375 Ecclesia¹
873 340 919 375 de

138 387 282 424 cunctis
301 385 462 432 populis,
485 385 626 422 scilicet
645 386 862 423 Judaeorum
884 392 922 422 et

138 433 342 471 Gentilium
367 432 606 478 colligenda:
630 435 718 478 quia
740 437 849 470 natus
870 437 921 469 est

137 482 251 521 vobis,
279 479 317 516 id
343 483 414 522 est,
442 480 490 516 ad
516 480 714 517 utilitatem
743 486 920 524 vestram,

138 526 281 563 scilicet
310 526 526 572 hominum3
561 529 679 569 hodie,
717 528 756 564 id
787 533 856 571 est,
884 528 923 564 in

137 575 212 611 ista
244 573 304 610 die
330 574 508 618 naturali,
532 579 680 612 noctem
710 577 924 622 praeceden-

138 625 215 658 tem
236 622 474 667 supputando
498 622 546 658 ad
567 622 666 659 diem
686 628 921 670 sequentem.

142 669 248 706 Unde
267 679 310 704 ex
330 672 420 704 tunc
447 680 518 705 uox
540 669 681 716 incepit
708 671 924 716 print-edere

140 715 256 760 diem,
272 719 308 752 et
329 715 452 761 potius
471 716 561 752 dicit
580 717 706 760 hodie,
724 729 835 764 quam
856 719 926 754 hae

140 767 266 807 nocte,
297 763 385 808 quia
421 764 600 807 gaudium
639 770 795 801 venerat
835 777 927 801 nuu—

141 810 252 854 tiare‚
271 813 308 846 et
324 820 395 846 nox
416 810 480 847 illa
500 810 595 847 sieut
613 811 693 848 dies
716 812 926 849 illuminata

141 857 226 901 fuit,
250 868 294 894 ex
323 857 450 894 divina
489 858 682 903 claritate;
709 864 817 895 natus
857 864 922 901 est,

143 905 314 951 inquam,
336 905 571 946 Salvator-,id
589 911 658 950 est,
678 907 808 943 salutis
824 918 925 943 ama-

142 955 203 988 tor
228 955 266 988 et
293 951 549 998 dispensator,
574 956 639 998 qui
672 958 723 989 esc
760 956 925 990 Clu-istus

142 999 267 1045 quoad
293 999 582 1043 humanitatem,
604 1003 778 1037 Dominus
801 1003 924 1048 quoad

142 1046 394 1090 divinitatem,
417 1049 454 1082 z'n
475 1049 623 1083 civitate
639 1050 772 1089 Dat-cvl,
795 1050 831 1085 id
855 1053 922 1093 est,

142 1085 376 1139 Betfllehem‚
400 1095 498 1130 unde
526 1095 639 1131 David
662 1100 825 1132 traxerat
848 1096 922 1132 ori-

141 1147 282 1193 ginem.
304 1147 454 1191 Χριστὸς
477 1148 618 1192 Graece,
633 1148 730 1185 idem
745 1154 802 1186 est
824 1150 923 1196 quod

141 1198 270 1230 unctus
297 1194 427 1231 Latine
450 1206 457 1230 :
477 1194 515 1230 in
536 1195 651 1232 veteri
673 1202 798 1233 autem
828 1199 922 1242 Lege

141 1242 382 1287 ungebantur
413 1246 559 1278 tantum
590 1254 697 1289 reges
730 1248 764 1280 et
800 1245 923 1291 ponti-

142 1288 251 1333 fices3
275 1289 444 1325 Christus
472 1300 558 1325 vero
584 1301 647 1326 rex·
681 1296 737 1327 est
766 1296 802 1327 ct
833 1303 925 1338 pon-

141 1334 243 1379 tifex,
268 1341 304 1373 et
342 1336 426 1372 ideo
456 1337 553 1373 bene
581 1337 717 1373 dicitur
739 1339 922 1382 Christus,

140 1382 179 1418 id
203 1387 261 1419 est
284 1388 428 1427 unctus,
451 1394 527 1419 non
545 1385 722 1421 unctione
745 1387 921 1426 humana,

143 1430 210 1466 sed
241 1430 382 1475 divina,
405 1430 493 1476 quia
524 1431 563 1466 in
590 1432 824 1469 humanitate
855 1444 922 1478 pro

142 1477 254 1513 nobis
292 1482 498 1523 assumpta,
525 1482 657 1514 unctus
696 1480 763 1515 suit
795 1491 817 1516 a
848 1483 923 1516 Deo

144 1524 270 1569 Patre,
297 1525 373 1561 imo
395 1536 417 1561 a
439 1529 518 1560 tota
545 1525 739 1568 Trinitate,
764 1528 924 1573 plenitu-

142 1570 231 1608 dine
261 1572 406 1619 gratiae.
433 1572 645 1608 Secundum
672 1575 819 1614 Beaetam,
845 1576 922 1610 An-

137 1618 244 1665 gelus
276 1620 385 1656 aliter
420 1618 592 1664 Mariam,
621 1620 731 1657 aliter
768 1623 922 1668 Joseph,

141 1665 252 1702 aliter
288 1671 460 1713 pastores
500 1667 650 1703 instruit
679 1680 686 1703 :
714 1669 856 1705 seilicet
887 1674 923 1705 et

139 1713 444 1760 concipiendum,
472 1718 509 1750 et
535 1720 773 1761 conceptum,
802 1720 839 1752 et
860 1728 924 1752 na-

138 1764 217 1797 tum
238 1761 440 1797 Dominum
461 1762 659 1807 testando3
688 1767 729 1799 ut.
748 1768 784 1799 et
806 1764 923 1799 homi-

137 1818 206 1844 nes
225 1808 458 1845 sufficienter
477 1808 636 1853 imbuat,
655 1814 689 1846 et
716 1822 823 1847 suum
845 1813 921 1847 Deo

139 1855 333 1892 servitium
365 1855 601 1893 incessanter
636 1857 841 1904 impendat.
875 1861 923 1895 Ec

140 1903 204 1938 hoc
229 1904 331 1939 vobis
358 1903 403 1938 sit
431 1903 469 1939 in
495 1906 653 1948 signum.
677 1916 781 1941 more
801 1906 923 1942 Judae-

139 1960 262 1994 orum,
288 1949 351 1996 qui
381 1950 488 1997 signa
514 1955 658 1998 petunt,
683 1956 720 1988 ut
747 1954 799 1988 ait
822 1954 919 1999 Apo—

138 1997 276 2041 stolus;
308 1999 516 2039 invenietis,
549 1998 691 2035 seilicet
727 2003 921 2045 tamquam

137 2044 416 2088 absconditum,
433 2056 505 2081 non
520 2056 558 2082 se
580 2047 845 2083 ostendentem
869 2050 923 2083 ἰη-

113 2108 115 2110 ’
138 2092 278 2135 fantem
293 2103 370 2128 non
389 2093 545 2137 fantem,
559 2097 595 2129 et
612 2098 739 2130 tamen
757 2095 921 2131 Verbum

140 2138 207 2175 Dei
245 2139 491 2185 existentem3
530 2143 681 2186 pannis,
721 2152 796 2177 uon
824 2143 920 2178 seri-

139 2185 194 2222 cis
221 2188 446 2229 involutum,
474 2198 560 2223 ecee
587 2189 667 2234 ejus
697 2193 920 2235 paupertas,

141 2237 178 2269 et
196 2233 348 2270 habitus
368 2234 514 2276 vilitas;
537 2239 570 2270 et
588 2238 748 2282 positum
770 2239 808 2272 in
828 2247 922 2283 1³1·ae-

139 2282 252 2333 sepio,
271 2291 345 2316 non
366 2280 405 2317 in
426 2282 666 2318 reclinatorio
688 2294 820 2327 aureo,
836 2294 922 2320 ecce

140 2337 236 2362 mira
256 2327 462 2373 humilitas,
485 2333 524 2365 ut
545 2329 723 2366 Dominus
750 2331 921 2367 domino-

142 2384 227 2410 rum
248 2374 450 2411 reclinaret
482 2387 522 2412 se
547 2388 663 2423 usque
685 2377 730 2413 ad
752 2389 922 2425 priesepe

141 2420 362 2458 animalium
395 2423 604 2460 brutorum.
634 2426 675 2460 Et
716 2426 921 2462 notandum

141 2468 241 2515 quod
262 2473 433 2515 pastores
461 2476 570 2507 erant
598 2471 800 2518 simplices,
828 2484 920 2520 pau-

140 2525 264 2569 peres,
284 2521 320 2552 et
332 2517 507 2561 humiles,
524 2529 590 2554 seu
606 2520 918 2566 contemptibiles;

140 2563 227 2600 ideo
249 2574 296 2600 ne
316 2565 491 2601 timerent
509 2566 703 2610 accedere,
718 2567 846 2604 datum
865 2572 922 2605 est

141 2609 196 2646 eis
228 2610 378 2657 signum
409 2612 592 2657 inl'antire,
619 2615 852 2660 paupertatis
885 2619 922 2652 et

140 2657 363 2695 humilitatis
393 2659 430 2695 in
464 2660 625 2697 Christo.
657 2663 742 2697 Haec
767 2666 854 2699 sunt
874 2663 922 2699 si-

141 2715 216 2757 gna
242 2706 429 2743 adventus
462 2707 586 2754 primi,
610 2709 677 2745 sed
704 2708 778 2747 alia
807 2714 920 2747 erunt

141 2762 249 2799 signa
265 2753 449 2791 adventus
469 2756 638 2792 secundi.

1044 204 1082 234 13
1109 202 1317 237 MuuxLi't't-lli
1340 217 1359 238 ‚x
1381 215 1508 243 oi'ous
1532 215 1571 238 i-:T
1588 214 1658 244 Qt'o
1679 215 1775 238 Moti«)

993 247 1168 282 Cunis'iss
1197 260 1423 285 lxvi-:xrx'ri‘iu
1452 271 1494 276 —
1521 250 1712 286 Moraliter
1736 250 1774 286 iu

994 293 1064 328 lioe
1099 293 1334 339 instruimur,
1369 297 1530 342 qualiter
1566 303 1602 333 et
1634 309 1655 333 a
1690 298 1775 344 qui-

995 341 1064 376 bus
1100 341 1269 377 Christus
1303 342 1528 380 inveniatur.
1566 345 1659 388 Quia
1699 356 1775 381 nou

994 387 1064 423 nisi
1086 398 1108 423 a
1129 388 1233 434 puris
1267 392 1303 425 et
1330 389 1574 435 simplicibus,
1600 392 1699 438 quod
1721 403 1778 428 re-

994 435 1153 480 spondet
1181 436 1261 480 ejus
1297 435 1488 474 ins-intur:
1522 443 1558 474 et
1588 450 1609 474 a
1635 450 1776 485 paupe-

994 482 1124 526 ribus,
1169 483 1268 528 quod
1313 485 1517 529 respondet
1567 497 1777 531 pannorum

995 529 1240 572 involutioui;
1263 532 1300 566 et
1331 531 1378 566 ab
1408 531 1614 568 humilibus
1635 538 1672 569 et
1693 544 1779 569 con-

996 576 1284 623 temptibilibus,
1321 578 1420 623 quod
1456 580 1659 624 respondet
1697 581 1778 625 ejus

998 623 1033 659 iu
1076 634 1245 670 praesepe
1286 625 1536 660 reclinatioui.
1579 628 1666 669 Qum
1707 627 1777 662 tria

997 672 1369 717 comprehenduntur
1395 672 1430 708 iu
1452 672 1571 708 tribus
1599 673 1692 709 votis
1724 684 1779 709 re-

997 718 1232 765 ligiosorum,
1254 719 1395 755 scilicet
1417 731 1424 754 ε
1449 720 1634 764 castitate,
1659 731 1778 766 quau-

997 769 1075 801 tum
1108 766 1155 801 ad
1188 766 1370 812 primum;
1395 772 1629 813 paupertate,
1658 778 1778 813 quan-

998 813 1087 849 dum
1121 813 1168 848 ad
1204 814 1428 857 secundum;
1472 819 1507 849 ct
1548 814 1778 858 obedientia,

998 865 1178 905 quantum
1206 861 1253 896 ad
1288 861 1454 897 tertium.
1484 863 1525 897 Et
1557 863 1667 906 bene,
1690 865 1778 898 nato

999 918 1146 943 summo
1172 909 1340 952 Pastore,
1366 909 1530 953 Angelus
1563 908 1779 955 pastoribus

997 954 1185 1001 apparuit,
1227 958 1264 991 et
1298 955 1553 1001 vigilantibus,
1582 956 1780 992 insinuans

997 1002 1128 1047 quales
1140 1002 1303 1039 debeant
1314 1013 1395 1038 esse
1408 1007 1578 1049 pastores
1588 1003 1778 1048 Ecclesiae,

997 1049 1138 1085 scilicet
1159 1050 1320 1085 humiles
1338 1054 1374 1086 et
1395 1050 1604 1097 vigilantes.
1626 1051 1779 1097 Mystice

997 1107 1102 1142 ergo,
1128 1098 1333 1133 secundum
1352 1099 1501 1138 Berlam,
1524 1098 1583 1133 isti
1607 1102 1779 1144 pastores

996 1154 1152 1189 gregum
1177 1144 1327 1189 signant
1355 1145 1528 1181 doctores
1550 1149 1586 1181 et
1611 1149 1778 1182 rectores

998 1191 1166 1227 lidelium
1195 1193 1421 1235 animarum,
1446 1192 1506 1238 qui
1536 1192 1690 1237 vigilant
1716 1204 1778 1229 su-

997 1249 1064 1284 per
1076 1238 1189 1274 vitam
1203 1240 1452 1282 subditorum,
1470 1252 1513 1275 ue
1531 1240 1774 1286 delinquant:

996 1290 1033 1321 et
1071 1287 1289 1322 custodiunt
1326 1287 1473 1329 vigilias
1512 1287 1630 1323 noctis
1664 1298 1778 1333 super

996 1343 1150 1379 gregem
1179 1344 1301 1377 suum,
1325 1344 1370 1369 ne
1404 1334 1642 1370 iul'erualium
1670 1335 1777 1380 lupo-

997 1391 1079 1416 rum
1120 1381 1309 1416 morsibus
1347 1386 1513 1426 pereant.
1563 1383 1638 1417 Nox
1675 1381 1775 1417 enim

995 1428 1164 1473 pericula
1197 1427 1447 1463 tentationum
1476 1428 1629 1474 indicat,
1652 1439 1674 1464 a
1692 1429 1775 1475 qui-

997 1476 1064 1510 bus
1086 1486 1124 1510 se
1145 1485 1307 1519 suosque
1331 1476 1520 1520 subiectos
1542 1486 1688 1520 omnes,
1712 1475 1775 1521 qui

995 1523 1159 1567 perl'ccte
1185 1522 1355 1567 vigilant,
1380 1523 1568 1558 custodire
1594 1534 1668 1558 nou
1695 1533 1777 1558 ces-

994 1572 1092 1604 sant.
1116 1570 1160 1604 Et
1182 1569 1287 1615 juxta
1318 1569 1401 1604 illos
1432 1574 1503 1605 stat
1536 1570 1701 1615 Angelus
1731 1570 1777 1606 ad

994 1627 1125 1651 eorum
1144 1616 1368 1660 custodiam,
1392 1620 1427 1652 et
1448 1617 1599 1652 claritas
1622 1617 1685 1653 Dei
1704 1617 1777 1653 cir-

994 1664 1198 1709 cumfulget
1211 1664 1294 1699 illos
1309 1664 1357 1699 ad
1370 1674 1476 1699 suam
1491 1668 1526 1699 et
1541 1665 1777 1700 subditorum

994 1711 1254 1747 directionem.
1274 1713 1331 1755 Et,
1360 1712 1567 1747 secundum
1602 1712 1777 1748 eumdem

992 1759 1149 1799 Reddin,
1193 1769 1262 1794 nee
1305 1758 1425 1794 solum
1473 1758 1636 1805 episcopi
1653 1788 1661 1803 ,
1696 1770 1779 1806 pre-

994 1805 1147 1852 sbyteri,
1182 1805 1345 1850 diaconi,
1373 1806 1428 1841 vel
1464 1806 1576 1842 etiam
1612 1811 1779 1843 rectores

994 1853 1310 1889 monasteriorum
1344 1857 1515 1899 pastores
1543 1853 1777 1900 intelligendi

995 1905 1105 1944 suut;
1135 1901 1200 1936 sed
1228 1901 1342 1936 etiam
1364 1911 1497 1936 omnes
1532 1901 1678 1944 fideles,
1715 1901 1778 1947 qui

995 1948 1051 1983 vel
1091 1948 1257 1994 parvulae
1296 1948 1431 1984 domus
1464 1959 1540 1984 suae
1565 1948 1779 1984 custodiam

995 1998 1131 2041 gerunt
1166 1999 1336 2041 pastores
1372 1998 1474 2031 reete
1514 2000 1710 2039 vocantur,
1739 1995 1776 2030 in

995 2046 1179 2087 quantum
1207 2042 1330 2078 eidem
1361 2053 1438 2078 siue
1462 2042 1588 2078 domui
1619 2042 1781 2079 sollicita

996 2089 1190 2135 vigilantia
1207 2093 1396 2135 praesunt3
1416 2093 1450 2125 et
1469 2091 1693 2136 quicumque
1710 2091 1782 2126 sal-

996 2140 1071 2172 tem
1095 2136 1157 2172 uni
1180 2137 1237 2172 vel
1267 2137 1416 2172 duobus
1444 2137 1622 2173 fratribus
1653 2139 1779 2183 quoti-

995 2184 1108 2220 diano
1136 2187 1276 2230 praeest
1308 2184 1508 2229 regimine,
1529 2184 1641 2220 debet
1682 2186 1779 2231 ejus-

995 2231 1081 2267 dem
1102 2231 1266 2278 pastoris
1285 2232 1452 2267 osticium
1474 2231 1632 2278 implere
1653 2243 1660 2267 :
1689 2232 1781 2278 quia

990 2279 1172 2325 jubetur,
1213 2279 1251 2315 in
1289 2283 1474 2325 quantum
1509 2279 1672 2324 sufficit,
1711 2280 1780 2315 hos

995 2325 1098 2362 verbi
1139 2326 1298 2372 dapibus
1344 2337 1511 2372 pascere.
1557 2328 1635 2362 Imo
1690 2337 1779 2362 vero

994 2373 1266 2419 unusquisque,
1289 2373 1351 2419 qui
1373 2373 1486 2410 etiam
1508 2374 1676 2419 privatus
1697 2383 1782 2410 cre·

994 2420 1096 2457 ditur
1120 2422 1260 2465 vivere,
1282 2421 1446 2467 pastoris
1473 2421 1640 2457 osticium
1666 2421 1778 2467 gerit,

995 2472 1031 2504 et
1049 2468 1285 2515 spiritualem
1314 2479 1471 2515 pascens
1493 2478 1662 2514 gregem,
1685 2467 1778 2513 vigi-

995 2516 1064 2552 lias
1099 2516 1221 2552 noetis
1255 2526 1370 2562 supra
1402 2515 1506 2551 illum
1535 2515 1711 2558 custodit,
1746 2515 1777 2550 si

996 2564 1181 2599 bonorum
1200 2566 1351 2599 actuum
1373 2568 1409 2598 et
1430 2563 1658 2599 mundarum
1679 2561 1781 2608 cogi-

995 2610 1179 2647 tationum
1218 2609 1288 2647 sibi
1330 2609 1610 2646 multitudinem
1646 2619 1780 2654 aggre-

994 2669 1102 2704 gans,
1129 2659 1200 2694 hoe
1221 2659 1324 2704 Justo
1358 2656 1616 2693 moderamine
1637 2657 1776 2702 guber-

997 2716 1113 2750 nare,
1153 2709 1191 2741 et
1229 2705 1442 2741 coelestibus
1499 2703 1777 2749 scripturarum

994 2753 1144 2800 pascuis
1172 2752 1330 2795 nutrire,
1353 2750 1602 2798 pervigilique
1622 2750 1778 2787 solertia
