1902 3126
219 202 280 234 226

219 271 480 307 observantur.
517 271 625 315 Aqua
658 270 864 317 replentur,
886 272 915 308 si
953 272 997 308 ti-

217 328 322 354 more
348 317 415 353 Dei
445 317 721 362 custodiuntur,
741 319 920 364 quoniam
945 319 993 354 ti-

217 374 301 400 mor
340 364 503 408 Domini,
537 364 619 401 fons
651 364 749 401 vitae.
786 366 905 411 Aqua,
942 366 998 402 in-

215 421 344 458 quam,
366 411 481 447 timor
500 411 647 448 Domini
672 416 728 448 est
747 425 754 448 :
773 413 842 449 etsi
870 413 993 449 minus

214 458 359 504 sapida,
384 459 449 494 sed
480 458 619 505 optime
654 459 881 505 refrigerans
918 461 996 496 ani-

215 515 316 542 mam
350 505 471 542 noxiis
509 505 706 543 desideriis
739 511 992 543 aestuantem:

213 563 313 599 aqua
337 556 407 597 est,
430 563 512 599 quae
541 553 667 599 J'acula
701 554 841 590 inimici
878 554 995 599 ignita

212 600 333 645 possit
363 600 613 646 exstinguere.
649 602 721 638 Sed
759 601 886 637 divina
924 601 995 635 vir-

213 651 293 683 tute
325 657 423 693 aqua
455 650 621 684 mutatur
655 648 693 683 in
726 648 854 683 vinum
877 659 884 682 :
907 658 995 692 quo-

212 695 315 730 niam
347 696 511 739 perfecta
545 697 720 737 ῡὴανέῐαε,
741 697 843 738 foras
878 697 994 730 mittit

213 742 391 778 timorem.
438 741 623 778 Dicuntur
664 747 789 778 autem
836 741 992 786 lapideae

212 787 370 834 hydriae,
393 799 468 824 non
500 792 577 824 tam
613 793 766 834 propter
797 788 990 833 duritiam,

216 846 328 881 quani
356 839 509 881 propter
528 835 783 879 stabilitatem,
805 835 994 881 capientes

215 881 374 926 singulae
406 885 584 917 metretas
617 882 727 918 binas
758 882 815 918 vel
842 886 991 928 ternas3

216 929 299 965 duae
336 932 535 964 metretae:
565 928 678 964 timor
715 930 899 974 gehennae
936 929 993 966 in—

213 976 422 1018 eurrendae,
448 975 562 1010 timor
593 975 722 1021 gloriae
758 976 989 1015 amittendae.

215 1022 286 1058 Sed
312 1022 400 1067 quia
425 1022 506 1058 liaec
534 1022 579 1058 de
608 1022 843 1068 contingenti
868 1025 993 1061 futuro

213 1072 313 1112 sunt,
343 1072 380 1104 et
408 1068 571 1105 blandiri
596 1069 666 1105 sibi
697 1074 822 1116 potest
851 1071 992 1117 anima,

210 1115 338 1151 dicens
359 1127 366 1151 :
388 1117 593 1162 Postquam
616 1117 847 1163 aliquamdiu
869 1118 908 1153 in
930 1130 995 1155 vo-

211 1162 418 1208 luptatibus
438 1166 513 1199 tuis
531 1163 681 1208 vixeris,
701 1176 789 1211 ages
810 1166 995 1212 poeniten-

213 1209 320 1254 tiam,
344 1213 384 1246 ut
405 1221 473 1246 nec
496 1210 605 1246 istam
626 1212 776 1257 perdas,
799 1224 867 1249 nec
888 1213 993 1249 illam

212 1256 397 1301 incurras,
418 1259 559 1294 bonum
590 1262 646 1294 est
678 1259 849 1295 adhiberi
870 1265 905 1296 et
923 1267 995 1297 ter-

211 1303 320 1349 tium,
341 1305 403 1351 qui
436 1305 566 1351 utique
603 1305 858 1352 spiritualibus
884 1313 994 1345 notus

211 1356 282 1395 est,
305 1362 348 1388 eo
371 1352 499 1388 utilior
525 1363 597 1398 quo
636 1353 682 1389 de
711 1355 886 1399 praesenii
923 1360 991 1391 est.

210 1398 356 1435 Timent
377 1399 439 1445 qui
460 1403 646 1436 noverunt
673 1401 909 1446 spiritualem
947 1403 994 1438 ci-

210 1446 317 1490 bum,
340 1448 540 1492 nequando
569 1448 665 1483 sorte
689 1450 913 1486 fraudentur
932 1461 990 1486 eo.

212 1494 294 1539 Ipse
315 1498 372 1529 est
403 1494 512 1539 panis
537 1495 780 1539 Angelorum,
803 1497 910 1543 pan1s
937 1498 994 1533 vi-

209 1550 289 1583 vus,
325 1542 433 1586 panis
470 1542 724 1587 quotidianus.
750 1543 817 1579 Hie
853 1548 910 1579 est
945 1546 994 1581 de

210 1596 285 1632 quo
317 1589 546 1633 promissum
575 1593 644 1632 est,
663 1590 751 1635 quia
779 1592 993 1637 centuplum

211 1633 439 1680 accipiemus
459 1636 499 1671 in
516 1637 587 1671 lioc
610 1638 747 1673 seculo.
772 1638 872 1674 Sicut
894 1639 993 1675 enini

211 1682 455 1718 mercenariis
474 1686 511 1718 et
537 1683 641 1720 cibus
664 1685 905 1730 quotidianus
927 1687 992 1722 da-

208 1730 270 1763 tur
295 1728 333 1764 in
362 1740 489 1775 opere,
509 1735 546 1766 et
572 1742 716 1767 merces
754 1738 925 1769 servatur
953 1733 992 1768 in

210 1774 310 1819 fine;
336 1777 387 1812 sic
419 1777 602 1813 Dominus
622 1779 735 1814 vitam
757 1779 794 1815 in
818 1781 891 1816 sine
912 1782 994 1817 red-

208 1822 285 1866 det,
299 1827 335 1858 et
355 1824 505 1859 interim
529 1826 745 1871 centuplum
764 1828 993 1873 repromittit

207 1872 245 1904 et
265 1871 425 1906 exbibet.
451 1871 545 1914 Quid
562 1883 649 1918 ergo
666 1873 818 1918 mirum,
838 1875 867 1910 si
886 1875 993 1911 timet

206 1926 254 1952 ne
274 1918 408 1963 perdat
427 1919 523 1954 hanc
550 1919 724 1964 gratiam,
746 1921 807 1967 qui
828 1923 905 1967 jam
933 1934 989 1958 se—

207 1967 314 2000 cutus
334 1969 391 2000 est
412 1976 495 2001 eam
519 1977 526 2001 :
549 1967 629 2002 haec
653 1972 709 2003 est
729 1973 888 2005 metreta
915 1973 990 2005 ter-

206 2010 273 2055 tia,
296 2022 408 2057 quam
435 2014 504 2049 sub
534 2013 774 2051 distinctione
797 2016 991 2061 signanter

205 2059 344 2104 posuit,
367 2070 410 2095 eo
432 2061 532 2105 quod
548 2072 623 2097 non
639 2062 806 2098 omnium
825 2064 884 2108 sit,
902 2064 989 2109 quia

203 2115 272 2141 nec
292 2106 466 2143 omnibus
497 2109 715 2154 centuplum
752 2111 989 2157 repromitti-

204 2155 279 2195 tur,
305 2166 320 2185 »
343 2155 387 2188 Et
405 2154 541 2191 iteruin
573 2157 783 2192 Bernarclzcs
807 2174 813 2193 z
842 2171 860 2192 «
884 2160 990 2202 01133-

204 2209 334 2235 ramus
355 2211 444 2246 ergo
479 2212 691 2248 mensuras,
715 2215 809 2250 quas
842 2206 988 2252 hydriae

207 2246 404 2291 capiebant
438 2248 545 2284 binas
577 2254 641 2286 aut
667 2251 798 2288 trinas.
827 2254 919 2289 Nam
953 2258 989 2290 et

208 2293 378 2345 Saliator
412 2295 597 2340 triplicem
624 2298 733 2334 nobis
769 2310 905 2345 aquam
927 2312 989 2348 ap-

204 2344 332 2385 ponit;
358 2343 394 2376 et
425 2343 612 2388 perfectus
646 2346 766 2382 omnis
803 2347 886 2391 erit,
926 2349 987 2394 qui

205 2387 275 2422 has
309 2390 385 2423 tres
421 2393 599 2426 metretas
633 2392 774 2430 habere
806 2396 984 2440 potuerit.

206 2434 335 2470 Plorat
360 2435 439 2482 ipse
475 2446 588 2482 super
608 2439 802 2484 Lazarum,
821 2445 857 2477 et
874 2454 988 2489 super

205 2481 393 2518 civitatem
421 2484 630 2520 Jerusalem
654 2497 661 2521 :
691 2487 770 2523 haec
802 2492 857 2524 est
887 2501 986 2536 aqua

203 2528 338 2574 prima.
378 2531 508 2576 Sudat,
540 2531 762 2570 imminente
793 2536 985 2574 Passionis

202 2576 323 2620 hora;
346 2580 381 2613 et
414 2578 494 2613 haec
527 2582 584 2614 est
617 2581 793 2626 secunda,
827 2593 903 2619 non
937 2586 984 2621 ab

204 2623 325 2660 oculis
362 2627 524 2670 tantum,
561 2626 627 2662 sed
657 2637 680 2662 a
711 2631 790 2664 toto
827 2640 984 2676 corpore

205 2679 377 2717 manans,
399 2673 518 2710 rubea
537 2673 688 2720 quidem
705 2678 741 2710 et
761 2677 982 2722 sanguinea,

720 201 862 236 PRIMAE
898 203 1054 238 PARTIS
1091 203 1230 237 CAPL'T
1270 200 1364 234 XXV

1068 272 1193 309 Tertia
1212 282 1299 307 vero
1322 279 1432 315 aqua,
1454 280 1529 305 una
1554 280 1637 305 cum
1658 271 1843 318 sanguine

1069 319 1232 356 manavit
1267 329 1309 354 ex
1342 318 1424 363 ejus
1459 316 1588 353 latere.
1618 318 1662 353 Et
1688 320 1729 355 tu
1755 329 1848 366 ergo

1066 367 1229 414 primum
1249 365 1381 408 habes,
1411 363 1443 399 si
1477 364 1523 400 de
1547 363 1707 410 peccatis
1735 376 1821 403 com

1065 418 1246 460 punctus,
1275 410 1514 448 conscientiae
1547 415 1704 448 stratum
1727 413 1844 459 ri'gas.

1067 461 1276 498 Secundam
1305 460 1434 502 habes,
1457 458 1487 494 si
1508 458 1546 493 in
1568 459 1703 495 sudore
1722 460 1846 496 vultus

1066 508 1134 552 tui,
1154 518 1253 554 pane
1275 509 1335 542 tuo
1357 505 1532 549 vescaris,
1554 509 1591 542 et
1618 507 1745 542 labore
1766 517 1844 553 poe-

1066 554 1235 590 nitentiae
1273 563 1407 598 corpus
1442 556 1545 588 tuum
1575 553 1747 599 castiges.
1779 555 1843 590 Est

1067 605 1191 637 autem
1213 599 1348 636 coloris
1368 598 1560 644 sanguinei
1581 602 1658 636 sive
1687 604 1842 647 propter

1067 648 1250 690 laborem,
1269 646 1345 682 sive
1367 648 1520 690 propter
1540 647 1678 698 ,ipsum
1703 658 1843 684 concu-

1068 693 1275 740 piscentiae,
1309 703 1419 738 quem
1457 693 1672 738 exstinguit,
1706 694 1848 740 ignem.

1067 744 1151 778 Jam
1177 752 1279 784 vero,
1301 740 1331 776 si
1369 739 1553 785 proficere
1586 744 1693 786 potes
1729 752 1850 788 usque

1069 789 1117 824 ad
1167 788 1327 834 gratiam
1371 785 1607 832 devotionis,
1652 787 1846 834 potaberis

1070 847 1166 882 aqua
1205 834 1335 881 gratiae
1375 833 1593 877 Salvatoris,
1623 838 1659 870 et
1685 835 1846 882 Spiritus

1070 882 1208 928 Sancti,
1229 893 1312 928 quae
1333 891 1446 924 super
1466 880 1539 916 mel
1571 881 1689 918 dulcis
1716 885 1786 927 est,
1809 886 1848 920 et

1069 930 1135 966 fiet
1151 930 1190 966 in
1207 933 1243 965 te
1261 940 1367 975 aquae
1383 928 1465 963 sons
1479 927 1517 963 in
1533 927 1648 965 vitam
1665 932 1848 968 aeternam

1068 978 1236 1013 salientis
1279 989 1287 1014 :
1325 981 1361 1011 et
1397 980 1586 1012 memento
1630 976 1726 1013 hanc
1770 988 1850 1016 esse

1069 1035 1220 1071 aquam,
1265 1034 1348 1070 quae
1390 1022 1434 1057 de
1474 1023 1591 1059 latere
1627 1024 1850 1062 dormientis

1068 1072 1249 1116 procedit,
1273 1074 1310 1107 et
1336 1071 1416 1106 sine
1445 1069 1547 1106 omni
1568 1070 1741 1108 molestia
1759 1072 1841 1109 fuit.

1068 1120 1223 1164 Oportet
1246 1118 1345 1154 enim
1369 1116 1468 1164 quod
1485 1117 1564 1164 jam
1584 1120 1724 1154 mundo
1743 1130 1846 1156 mor-

1068 1170 1151 1202 tuus
1175 1167 1235 1210 sit,
1256 1165 1317 1212 qui
1345 1166 1383 1200 in
1412 1165 1482 1200 hac
1518 1165 1638 1212 gratia
1668 1165 1847 1204 delectari

1069 1214 1242 1249 voluerit.
1285 1213 1411 1248 Prima
1450 1213 1565 1258 igitur
1597 1224 1618 1248 a
1648 1215 1848 1257 praeteritis

1070 1259 1215 1295 delictis
1232 1259 1351 1296 abluit
1365 1258 1651 1305 conscientiam3
1669 1263 1846 1308 secunda,

1071 1310 1111 1344 ut
1146 1307 1271 1343 futura
1312 1308 1447 1352 capias,
1476 1307 1677 1352 exstinguit
1711 1319 1850 1346 concu-

1071 1354 1314 1400 piscentiam;
1351 1354 1464 1390 tertia
1495 1365 1599 1399 vero,
1621 1354 1653 1390 si
1685 1357 1734 1392 ad
1767 1361 1851 1394 eam

1072 1403 1270 1448 pervenire
1303 1402 1501 1446 merueris,
1524 1402 1713 1439 sitientem
1747 1408 1852 1451 potat

1069 1451 1234 1485 animam
1258 1461 1268 1484 :
1289 1462 1307 1483 i>
1335 1450 1415 1485 haec
1432 1449 1657 1486 Bernartius.

1121 1501 1161 1541 14
1178 1498 1330 1533 ,1011111115
1350 1508 1600 1533 EvANGEmsrAE
1619 1508 1784 1534 vocum.
1805 1518 1846 1525 —

1069 1546 1189 1581 Finito
1213 1549 1338 1581 autem
1371 1545 1555 1587 convivio,
1578 1545 1755 1581 Dominus
1773 1556 1840 1582 vo-

1070 1593 1167 1628 cavit
1195 1593 1379 1627 Joannem
1412 1602 1594 1636 seorsum,
1622 1597 1659 1627 et
1688 1593 1779 1629 dixit
1798 1594 1845 1630 ad

1069 1650 1154 1675 cum
1178 1651 1185 1676 :
1214 1640 1365 1674 Dimitte
1401 1640 1499 1675 hanc
1525 1649 1691 1684 uxorem,
1718 1645 1754 1676 et
1784 1651 1845 1677 se-

1068 1697 1182 1733 quere
1204 1697 1275 1722 me.
1298 1687 1381 1731 Qui,
1403 1686 1480 1721 viso
1499 1687 1679 1722 miraculo
1700 1687 1738 1723 in
1758 1688 1838 1734 ejus

1070 1734 1207 1779 nuptiis
1240 1734 1351 1779 sacto,
1379 1734 1507 1769 statim
1545 1734 1677 1769 relicta
1710 1746 1843 1780 sponsa

1067 1792 1146 1826 sua,
1173 1786 1319 1817 secutus
1357 1786 1411 1816 est
1446 1781 1659 1817 Dominum.
1684 1783 1730 1817 Et
1764 1783 1846 1820 haee

1069 1828 1137 1864 suit
1174 1829 1294 1874 prima
1326 1829 1472 1864 vocatio
1504 1829 1671 1873 Joannts,
1698 1839 1772 1875 qua
1799 1831 1847 1867 ad

1068 1876 1205 1912 Christi
1237 1877 1338 1912 venit
1373 1875 1666 1911 familiaritatem
1690 1881 1728 1912 et
1747 1877 1846 1914 noti-

1067 1924 1172 1960 tiam.
1196 1925 1337 1968 Sponsa
1357 1934 1446 1958 vero
1465 1923 1558 1969 ejus,
1576 1923 1759 1959 Anachita
1776 1934 1845 1961 no-

1067 1971 1183 2014 mine,
1222 1971 1294 2016 vel,
1336 1971 1542 2006 secundum
1579 1971 1685 2016 alios,
1729 1972 1845 2009 Maria

1067 2018 1300 2064 Magdalcna,
1319 2017 1542 2061 voluntarie,
1567 2017 1663 2053 sicut
1688 2028 1844 2064 sponsus

1068 2067 1161 2111 ejus,
1201 2076 1285 2101 cum
1323 2065 1404 2102 aliis
1438 2066 1576 2100 sanctis
1611 2065 1842 2112 mulieribus,

1067 2113 1267 2149 Dominum
1297 2117 1422 2149 secuta
1446 2115 1511 2148 est.
1534 2112 1601 2147 Dei
1627 2112 1728 2148 enim
1759 2124 1842 2159 per-

1065 2159 1162 2196 fecta
1182 2164 1270 2195 sunt
1292 2170 1428 2207 opera;
1449 2163 1486 2194 et
1510 2158 1595 2195 ideo
1623 2170 1665 2194 ex
1685 2170 1759 2205 quo
1778 2171 1843 2198 vo·

1067 2209 1165 2243 cavit
1207 2218 1321 2243 unum
1359 2207 1574 2252 con‘ugum,
1615 2208 1842 2244 conveniens

1065 2255 1133 2290 fuit
1166 2265 1300 2290 vocare
1334 2257 1372 2290 et
1400 2264 1420 2289 a
1455 2263 1574 2289 erum.
1598 2254 1639 2289 In
1662 2253 1732 2290 hoe
1750 2258 1845 2302 ergo

1063 2302 1162 2348 quod
1188 2302 1369 2337 Dominus
1389 2299 1528 2346 nuptiis
1546 2301 1728 2346 interfuit,
1752 2313 1836 2338 car-

1063 2349 1148 2385 nale
1174 2349 1457 2385 matrimonium
1498 2349 1739 2394 approbavit;
1774 2350 1839 2386 sed

1062 2397 1100 2432 in
1117 2407 1160 2432 eo
1180 2397 1278 2442 quod
1297 2397 1480 2432 Joannem
1503 2396 1547 2430 de
1568 2396 1708 2441 nuptiis
1725 2406 1836 2433 voca-

1061 2445 1127 2488 vit,
1148 2443 1308 2490 intelligi
1328 2448 1456 2489 aperte
1476 2442 1590 2487 dedit,
1607 2443 1706 2495 quod
1727 2443 1841 2495 longe

1062 2490 1209 2537 dignius
1236 2496 1290 2527 est
1321 2490 1513 2537 spirituale
1539 2495 1836 2536 matrimonium,

1061 2548 1173 2584 quam
1194 2538 1360 2575 carnale.
1389 2538 1494 2574 Unde
1521 2537 1559 2572 in
1579 2537 1745 2573 Ecclesia
1767 2537 1834 2574 ob-

1060 2589 1229 2621 servatur
1248 2585 1348 2632 quod
1379 2588 1466 2620 ante
1501 2583 1673 2630 copulam
1705 2594 1838 2620 carna-

1042 2633 1148 2677 lem,
1176 2636 1299 2679 potest
1319 2633 1420 2668 licite
1442 2630 1538 2667 alter
1559 2632 1760 2678 conjugum
1783 2630 1835 2667 in-

1060 2684 1161 2717 trare
1175 2679 1413 2726 religionem.
