1902 3126
631 166 686 201 DE
724 165 1012 200 POENITENTIA
1050 166 1277 200 FACIENDA.
1729 161 1786 196 177

138 241 400 280 commisimus
418 238 548 275 illicita
564 236 838 272 condonantur.
856 237 923 271 Pa-

139 293 196 327 tet
224 299 314 335 ergo
346 298 388 324 ex
408 285 503 329 istis,
525 284 703 329 quoniam
733 283 780 318 ad
799 281 922 328 poeni-

141 336 297 374 tentiam
318 333 478 382 pertinet
493 331 639 377 operari
656 329 848 365 contraria
866 329 924 365 his

169 394 227 421 uae
250 382 386 428 aliquis
416 379 595 426 peccavit.
616 390 634 409 »
664 377 768 413 Unde
789 377 923 413 iterum

171 432 416 476 hrysostomus
452 437 461 461 :
498 439 517 458 «
540 423 804 460 Poenitentiam
835 434 924 460 vero

141 478 227 516 dico
250 486 327 512 non
347 473 483 517 solum,
499 475 541 509 ut
561 482 583 508 a
605 470 714 508 malis
735 470 927 518 prioribus

142 523 373 565 desinamus,
400 530 528 556 verum
546 520 660 555 etiam
682 522 722 555 ut
742 519 925 555 bonorum

141 579 298 618 operum
319 567 501 604 fructibus
527 566 764 613 impleamur.
788 565 926 609 Facite,

139 615 279 664 inquit,
318 615 462 651 fructus
504 613 638 659 dignos
681 613 925 660 poenitentiae.

141 665 222 709 Quo
246 666 373 700 autem
396 662 508 698 modo
535 660 762 697 fructificare
790 659 929 706 poteri-

140 710 253 749 mus?
280 709 317 747 Si
339 708 470 755 utique
496 708 660 754 peccatis
683 708 842 743 adversa
876 708 928 743 fa-

141 757 299 795 ciamus.
315 756 444 792 Aliena
459 755 630 802 rapuisti,
647 755 768 801 incipe
788 756 930 791 donare

133 805 219 854 jam
239 803 411 852 propria3
435 803 546 849 longo
567 813 607 838 es
626 806 796 848 tempore
817 801 930 838 forni—

138 855 264 896 catus,
285 862 307 888 a
333 849 501 896 legitimo
524 860 674 895 quoque
698 852 734 885 te
753 860 822 885 usu
849 860 931 885 sus-

140 899 269 948 pende
295 897 475 944 conjugii,
499 907 540 933 ac
566 899 786 943 perpetuam
813 895 931 932 conti-

142 945 313 984 nentiam
331 945 467 990 saepius
487 954 693 991 paucorum
711 944 855 979 dierum
877 954 934 979 ca-

142 993 272 1031 stitate
307 992 502 1028 meditare.
527 991 706 1037 Injuriam
743 992 931 1037 cuiquam,

144 1041 205 1077 vel
241 1050 355 1086 opere
387 1039 444 1075 vel
476 1049 651 1075 sermone
679 1038 814 1082 fecisti,
835 1039 935 1074 refer

146 1086 423 1125 benedictionis
449 1086 565 1122 verba
585 1085 770 1130 convitiis,
795 1089 831 1121 et
852 1096 934 1131 per-

149 1134 336 1171 cutientes
357 1137 407 1177 te,
422 1144 521 1170 nunc
534 1133 683 1177 officiis,
705 1144 804 1169 nunc
820 1133 933 1168 etiam

145 1181 344 1220 beneficiis
378 1181 530 1227 placare
560 1181 757 1216 contende.
805 1181 934 1226 Neque

147 1229 250 1266 enim
292 1228 488 1264 vulnerato
525 1227 661 1263 sufficit
698 1228 745 1263 ad
773 1227 934 1263 salutem

145 1276 410 1313 tantummodo
433 1275 574 1321 spicula
594 1275 639 1310 de
659 1285 816 1320 corpore
835 1274 934 1310 evel-

147 1323 251 1367 lere;
268 1323 333 1358 sed
354 1322 467 1358 etiam
486 1322 655 1358 remedia
669 1322 848 1358 adhibere
861 1321 936 1357 vul-

147 1370 317 1407 neribus,
341 1369 492 1406 Dcliciis
513 1374 639 1405 autem
661 1373 695 1405 et
716 1368 936 1405 temulentia

149 1416 513 1463 diffluebas,jejunio
529 1420 563 1452 et
574 1427 680 1462 aqua)
694 1421 781 1463 potu
797 1420 937 1452 utrum-

149 1475 223 1511 que
244 1474 459 1510 compensa,
479 1467 517 1499 ut
539 1464 675 1499 famem
697 1474 851 1509 superes
867 1463 935 1499 im-

149 1511 372 1548 minentem.
411 1510 542 1547 Vidisti
578 1511 777 1557 impudicis
819 1510 936 1546 oculis

151 1558 316 1596 alienam
339 1558 517 1594 decoram
536 1557 729 1602 feminam,
747 1558 826 1603 J'am
855 1568 935 1593 om-

148 1605 240 1642 nino
271 1616 318 1641 ne
351 1605 492 1649 videas,
524 1605 667 1650 majore
700 1608 819 1641 tactus
848 1615 935 1640 cau—

148 1652 254 1689 tione
273 1654 359 1698 post
378 1652 543 1688 vulnera.
572 1653 735 1693 Declina,
758 1651 894 1697 inquit,
915 1663 936 1686 a

148 1701 261 1744 malo,
283 1703 316 1734 et
334 1701 396 1743 fae
418 1700 560 1734 bonum.
584 1700 627 1734 Et
647 1699 735 1735 alibi
758 1711 765 1734 :
788 1701 937 1744 Inquz‘re

145 1757 275 1831 {iacem
295 1749 328 1782 et
342 1757 557 1793 persequere
576 1757 666 1782 eam.
688 1748 769 1783 Non
790 1749 937 1782 tantum

179 1805 248 1831 ane
263 1794 346 1830 dico
359 1804 594 1840 pacem,quae
609 1805 693 1830 cum
705 1793 935 1838 hominibus,

149 1851 281 1878 verum
299 1841 412 1877 etiam
433 1852 518 1887 quae
541 1852 623 1877 cum
646 1843 722 1878 Deo
747 1845 803 1877 est
823 1852 937 1885 copu-

150 1888 278 1925 landa.
302 1889 346 1924 Et
371 1889 465 1924 bene
486 1889 552 1933 ait,
574 1899 803 1935 persequere
825 1900 832 1923 :
857 1899 941 1924 exa-

151 1936 271 1982 gitata
285 1938 339 1971 est
357 1935 538 1981 undique,
550 1939 584 1970 et
599 1946 754 1981 prorsus
771 1936 938 1982 explosa,

153 1993 198 2020 ae
218 1986 339 2019 terras
359 1982 576 2028 relinquens
599 1983 637 2018 in
662 1983 796 2018 coelum
817 1984 940 2028 profe-

154 2033 236 2074 cta;
259 2029 324 2066 sed
345 2033 471 2066 tamen
494 2040 696 2076 possumus
712 2040 794 2066 eam
812 2041 943 2065 rursus

153 2087 349 2121 revocare,
373 2077 403 2113 si
429 2077 616 2121 volumus,
644 2076 681 2112 id
709 2080 780 2122 est,
809 2077 839 2112 si
867 2076 940 2112 ira-

155 2123 941 2171 cundiam,superbiam‚atqueJa‹·tantiain

155 2173 357 2218 omniaque
367 2171 588 2217 abjicientes
598 2171 868 2217 impedimenta
881 2182 943 2217 pa-

155 2219 223 2264 cis,
241 2219 450 2255 modestam
471 2219 569 2255 hane
586 2220 715 2263 vitam,
733 2229 942 2265 puramque

155 2269 373 2303 sectemur:
402 2280 420 2298 »
449 2267 529 2303 haec
557 2268 844 2311 Chrysostomus.

209 2317 249 2350 15
293 2314 523 2350 SAT1sFAcr1o
561 2315 662 2350 Danu
698 2325 863 2349 uoxonsr
900 2325 941 2348 ET

156 2371 311 2396 neco-im
344 2373 538 2398 rnffivnxir.
569 2382 614 2388 --
644 2361 854 2397 Satisfactio
875 2371 940 2396 au-

156 2412 233 2443 tem
272 2408 384 2443 debet
418 2408 500 2444 sieri
530 2419 598 2454 per
628 2419 744 2454 opera
764 2407 940 2454 poenalia.

157 2456 231 2491 Per
251 2454 545 2491 satisfactionem
558 2456 672 2499 enim,
691 2459 837 2502 oportet
861 2466 943 2501 pec-

159 2501 233 2538 cati
248 2502 388 2555 ‘vulnus
409 2513 544 2539 sanare
565 2503 752 2549 perfecte;
776 2503 841 2538 scd
862 2513 944 2549 pec-

160 2559 350 2586 camlnum
387 2549 582 2586 medicina*
616 2553 701 2586 sunt
727 2561 847 2597 poenae
871 2562 879 2585 :
908 2554 945 2586 et

160 2607 251 2643 ergo
272 2597 318 2632 ad
337 2597 642 2633 satisfaciendum
660 2602 746 2634 sunt
771 2608 943 2634 necessa-

158 2643 242 2680 riae.
267 2645 360 2680 Nam
387 2644 473 2681 licet
495 2646 570 2681 Deo
592 2645 682 2681 nihil
705 2649 832 2692 posset
857 2646 943 2682 sub-

160 2691 275 2734 trahi,
286 2695 411 2728 tamen
427 2696 602 2739 peccator
617 2693 820 2739 peccando,
831 2703 946 2739 quan-

160 2741 243 2775 tum
272 2739 309 2774 in
331 2749 374 2775 eo
404 2743 472 2784 est,
495 2740 679 2776 subtrahit
701 2740 800 2787 qnod
821 2744 877 2776 est
897 2741 945 2777 ad

162 2785 344 2822 honorem
367 2787 452 2832 Dei3
477 2791 514 2823 et
531 2787 614 2824 idco
636 2798 718 2824 cum
741 2788 945 2825 satisfactio

248 2843 340 2879 th
357 2845 445 2880 Jsssu
461 2845 617 2887 Cnmsrx,
633 2855 748 2881 ‘ronna
767 2846 796 2880 Ι.

998 235 1046 271 sit
1080 235 1253 281 qumdam
1288 233 1604 280 recompensatio,
1637 234 1786 279 oportet

998 282 1097 328 qnod
1127 294 1191 327 per
1212 292 1294 318 eam
1317 282 1387 317 sibi
1410 281 1479 328 ipsi
1508 279 1696 328 poenitens
1714 279 1784 316 ali-

999 328 1088 375 quid
1131 330 1341 373 subtrahat‚
1384 329 1483 374 quod
1516 328 1562 364 ad
1599 329 1786 363 honorem

1002 375 1064 412 Dei
1080 376 1200 411 cedat.
1222 377 1297 410 Hoc
1312 379 1437 411 autem
1453 386 1529 411 non
1547 378 1786 421 potestesse,

1001 423 1073 459 nisi
1093 422 1139 457 sit
1161 432 1254 468 opus
1275 422 1428 466 bonum,
1451 426 1633 468 quantum
1657 422 1703 457 ad
1721 420 1788 458 Dei

1001 471 1205 512 honorem;
1241 472 1277 504 et
1305 470 1455 515 poenale
1476 480 1583 515 opus,
1606 472 1789 515 quantum

1002 518 1048 554 ad
1082 520 1320 563 peccatorem
1349 515 1613 561 poenitentem,
1636 515 1693 551 cui
1729 518 1787 552 est

1003 564 1303 601 subtrahendum
1322 592 1329 598 .
1354 562 1413 598 Sic
1437 566 1473 598 et
1495 564 1568 597 Deo
1591 562 1788 608 satisfacit,

1004 616 1040 649 et
1067 612 1180 648 etiam
1200 622 1222 646 a
1242 609 1342 646 vitiis
1368 612 1405 645 et
1436 609 1571 645 suturis
1605 609 1728 654 malis,
1750 609 1790 646 in

1005 664 1186 705 quantum
1210 657 1374 704 poenale,
1398 659 1619 703 praeservat.
1639 657 1792 692 Satisfa-

1006 707 1079 743 ctio
1104 717 1194 752 ergo
1222 705 1333 741 debet
1355 714 1437 740 esse
1465 702 1564 746 talis,
1591 713 1659 749 per
1680 713 1795 748 quam

1007 753 1148 800 aliquid
1187 752 1296 788 nobis
1328 751 1376 788 ad
1403 751 1587 787 honorem
1615 749 1678 785 Dei
1707 750 1795 786 sub-

1009 803 1219 837 trahamus.
1244 799 1316 836 Sed
1334 809 1409 834 non
1430 798 1613 834 habemus
1631 796 1705 832 nisi
1727 796 1801 833 tria

1010 850 1125 892 bona,
1166 847 1308 883 scilicet
1346 858 1354 882 :
1391 847 1491 882 bona
1521 843 1674 888 animm,
1696 844 1798 880 bona

1009 895 1193 942 corporis,
1229 897 1266 930 et
1303 893 1404 929 bona
1437 893 1612 934 fortunae,
1654 890 1800 927 scilicet

1010 945 1109 980 bona
1130 941 1328 979 exteriora.
1352 942 1402 976 Ex
1424 939 1534 976 bonis
1554 938 1706 985 quidem
1725 938 1799 974 for·

1010 995 1126 1035 tunic,
1148 987 1406 1025 subtrahimus
1428 987 1538 1023 nobis
1556 986 1712 1032 aliquid,
1730 995 1800 1032 per

1011 1039 1289 1083 eleemosynam
1307 1047 1315 1079 3
1340 1046 1383 1071 ex
1402 1034 1512 1071 bonis
1530 1033 1714 1080 corporis,
1729 1042 1798 1079 per

1006 1085 1219 1132 jejunium3
1257 1094 1299 1119 ex
1332 1081 1441 1119 bonis
1479 1084 1603 1117 autem
1644 1079 1796 1125 animae,

1012 1144 1086 1169 non
1109 1134 1257 1178 oportet
1279 1129 1377 1176 quod
1405 1129 1545 1174 aliquid
1574 1128 1682 1163 nobis
1709 1127 1798 1164 sub-

1012 1181 1219 1223 trahamus,
1237 1180 1422 1224 quantum
1437 1177 1484 1212 ad
1506 1174 1798 1211 diminutionem

1011 1229 1198 1264 bonorum
1233 1225 1383 1268 animm,
1407 1223 1493 1270 quia
1515 1233 1582 1269 per
1610 1233 1654 1258 ea
1681 1221 1799 1258 effici-

1013 1286 1097 1310 mur
1121 1276 1193 1309 llco
1224 1271 1382 1318 accepti,
1406 1271 1471 1307 sed
1502 1281 1569 1316 per
1591 1270 1663 1305 hoe
1699 1268 1800 1315 quod

1013 1320 1270 1357 submittinnis
1288 1330 1345 1363 ea,
1363 1318 1505 1354 scilicet
1520 1322 1595 1353 tam
1615 1316 1798 1360 animam,

1013 1380 1126 1414 quam
1148 1368 1228 1414 ejus
1250 1368 1364 1410 bona,
1386 1365 1553 1401 totaliter
1569 1366 1659 1409 Deo,
1675 1367 1711 1399 et
1728 1364 1802 1398 hoe

1014 1418 1055 1452 fit
1073 1416 1378 1462 perorationem.
1402 1415 1473 1448 Iste
1489 1412 1600 1447 etiam
1622 1420 1802 1446 numerus

1013 1473 1169 1507 operum
1191 1460 1528 1497 satisfactoriorum
1550 1459 1697 1494 videtur
1718 1467 1801 1493 esse

1013 1510 1210 1546 ordinatus
1229 1512 1360 1545 contra
1379 1506 1525 1543 radices
1547 1508 1801 1552 peccatorum,

1013 1569 1096 1603 qum
1114 1568 1154 1592 su
1163 1560 1197 1591 nt
1213 1568 1221 1591 ι
1240 1553 1546 1600 concupiscentia
1561 1552 1700 1596 carnis,
1717 1562 1804 1587 con-

1014 1603 1244 1650 cupiscentia
1286 1602 1496 1644 oculorum,
1538 1603 1574 1636 et
1622 1598 1801 1645 superbia

1014 1651 1112 1687 vita).
1131 1651 1188 1687 Sic
1208 1660 1296 1695 crgo
1313 1652 1444 1685 contra
1458 1646 1801 1694 concupiscentiam

1014 1698 1138 1735 carnis
1176 1697 1374 1734 ordinatur
1413 1695 1624 1743 Jejunium3
1670 1696 1803 1729 contra

1015 1745 1358 1792 concupiscentiam
1392 1743 1601 1786 oculorum,
1642 1741 1803 1778 eleemo-

1015 1805 1129 1841 syna;
1151 1797 1282 1829 contra
1305 1791 1521 1838 superbiam
1542 1789 1642 1834 vitae,
1665 1788 1800 1825 oratio.

1016 1841 1147 1888 Igitur,
1172 1844 1211 1876 ut
1231 1839 1373 1875 dictum
1401 1841 1470 1883 est,
1497 1838 1703 1874 secundum
1725 1835 1803 1872 exi-

1017 1888 1183 1934 gentiam
1207 1887 1340 1934 culpoe,
1363 1885 1524 1922 faciendi
1552 1888 1638 1920 sunt
1660 1884 1806 1919 fructus

1018 1935 1272 1982 poenitentit‘e3
1309 1934 1410 1980 quod
1450 1936 1506 1969 est
1542 1935 1672 1967 contra
1707 1930 1806 1975 illos,

1020 1993 1182 2029 quorum
1202 1981 1312 2027 culpa
1327 1983 1380 2015 est
1397 1981 1528 2022 multa,
1539 1982 1573 2014 et
1586 1977 1812 2024 poenitentia

1021 2030 1181 2066 modica.
1198 2029 1302 2064 Unde
1320 2027 1453 2073 dignos
1467 2024 1810 2072 fructuspoeniten-

1020 2077 1081 2113 tias
1117 2076 1205 2112 facit
1226 2076 1287 2111 ille
1309 2074 1386 2120 qui,
1417 2073 1623 2110 secundum
1658 2072 1813 2108 modum

1021 2125 1153 2170 culpae,
1189 2122 1276 2158 facit
1312 2121 1567 2167 {equalitatem
1607 2130 1741 2166 poenfe,
1770 2121 1811 2155 ut

1021 2171 1081 2218 qui
1123 2171 1205 2217 plus
1243 2172 1387 2216 peccat,
1428 2169 1511 2215 plus
1549 2167 1745 2214 poeniteat,
1773 2170 1812 2202 et

1020 2222 1110 2265 quot
1145 2217 1287 2254 invenit
1316 2216 1355 2252 ln
1389 2227 1429 2252 se
1465 2215 1743 2252 oblectamenta
1771 2213 1811 2250 in

1021 2267 1144 2312 culpa,
1172 2269 1227 2301 tot
1259 2265 1305 2300 de
1334 2274 1373 2300 se
1407 2263 1520 2300 faciat
1546 2262 1749 2298 holocausa
1771 2262 1808 2297 in

1019 2312 1262 2360 poenitentia;
1292 2314 1327 2347 et
1362 2311 1424 2358 qui
1455 2310 1582 2348 amisit
1616 2311 1734 2346 Deum
1768 2308 1808 2345 in

1019 2362 1158 2408 peccati
1188 2359 1453 2403 delectatione,
1482 2360 1628 2405 quierat
1655 2367 1738 2392 eum
1768 2356 1806 2391 in

1020 2408 1161 2455 peccati
1215 2406 1512 2451 abominatione,
1557 2403 1803 2449 recogitando

1019 2467 1149 2492 omnes
1178 2465 1299 2491 annos
1331 2465 1432 2499 suos,
1475 2453 1514 2489 in
1551 2450 1807 2489 amaritudine

1019 2503 1154 2540 anima}
1184 2514 1275 2539 sure.

1072 2555 1110 2595 14
1134 2552 1359 2594 Quixcimrns
1387 2559 1668 2585 smsmcnoxls
1691 2557 1734 2582 rr
1756 2557 1808 2581 Sir

1020 2610 1236 2635 SUFFtCtENS.
1260 2619 1305 2623 —
1326 2599 1369 2633 Et
1391 2597 1475 2632 ideo
1504 2595 1655 2641 quando
1679 2592 1807 2629 condi-

1019 2657 1132 2692 gnam
1162 2644 1423 2693 poenitentiam
1454 2642 1630 2679 sacerdos
1653 2651 1727 2677 non
1754 2640 1811 2676 in-

1017 2694 1155 2740 jungit,
1188 2693 1245 2729 vel
1287 2692 1316 2728 si
1354 2690 1530 2737 injungit,
1568 2700 1642 2725 non
1678 2691 1808 2724 tamen

1021 2742 1211 2788 impletur,
1242 2751 1315 2776 non
1342 2738 1552 2775 absolvitur
1576 2736 1764 2782 poenitens
1785 2746 1809 2772 a

1023 2800 1136 2837 poena
1153 2787 1356 2834 condigna,
1378 2786 1444 2822 sed
1465 2796 1486 2822 a
1504 2788 1609 2822 tanta
1629 2787 1810 2830 quantam

1671 2847 1708 2878 12
