1902 3126
463 163 518 198 DE
553 161 729 196 JEJUNIO
767 162 820 196 ET
858 163 1218 200 TENTATIONIBUS
1255 167 1425 202 DOMINI.
1709 171 1767 204 207

126 248 197 275 nos
218 239 297 273 toto
322 235 407 272 vitae
427 233 624 282 praesentis
642 238 812 285 tempore
836 233 902 270 de-

128 284 348 322 lectationes
374 292 500 319 rerum
538 280 802 326 temporalium
847 281 910 316 de-

127 331 316 374 clinando,
338 329 517 366 mundum
539 337 624 363 cum
646 337 714 363 suo
740 326 909 374 principe

125 378 286 426 pedibus
312 376 450 413 nostris
483 374 740 418 substernere,
780 378 817 411 et
857 375 910 411 sie

125 424 306 472 angelicis
325 421 510 469 praesidiis
531 421 770 458 communiri.
792 438 808 453 »ι
833 423 908 458 Un-

123 473 169 510 de
189 476 226 508 et
243 470 450 507 Bemardus
469 482 480 505 :
507 481 524 503 «
548 468 704 514 Deinde,
732 470 907 506 tentatio-

122 520 235 556 nibus
262 516 464 563 superatis,
487 520 524 552 et
545 520 733 553 tentatore
766 517 907 563 fugato,

121 568 360 604 accesserunt
379 564 510 609 Angeli
527 567 562 600 et
573 564 838 600 ministrabant
852 566 883 601 ei
897 576 905 609 ;

120 616 157 651 et
179 616 221 649 tu
240 621 344 657 ergo,
368 611 398 648 si
421 611 475 647 vis
494 612 632 648 habere
654 611 905 648 ministerium

118 659 363 707 Angelorum,
398 659 484 703 suge
506 659 784 696 consolationes
805 670 908 696 seru-

119 707 159 751 li,
191 710 229 743 et
261 707 536 743 tentationibus
568 706 701 743 resiste
739 707 904 752 ‹liaboli3

119 757 253 790 renuat
293 754 478 790 consolari
501 754 630 789 anima
652 758 715 790 tua
740 756 775 789 in
803 754 902 799 aliis,

118 800 150 838 si
176 801 232 837 vis
263 800 303 836 in
344 801 409 837 Dei
442 801 624 837 memoria
654 802 847 838 delectari.
886 816 904 834 »

118 848 225 885 Unde
247 848 359 884 etiam
389 850 662 893 Chrysostomns
690 862 700 884 .·
725 863 742 882 «
767 854 905 892 Quam-

120 895 185 932 diu
216 895 315 932 enim
358 895 427 932 fuit
466 896 503 932 in
537 895 715 931 conflictu
747 897 904 942 positus,

118 953 359 989 nequaquam
398 943 560 987 Angelos
598 954 782 989 apparere
821 955 905 990 pcr-

121 990 238 1035 misit,
261 997 314 1026 'ne
345 990 486 1027 scilicet
513 993 600 1027 ante
621 990 815 1027 victoriam
845 1002 906 1027 su-

118 1038 331 1084 perandum
371 1038 533 1083 fugaret.
571 1038 775 1084 Postquam
818 1050 906 1074 vcro

119 1085 225 1122 illum
254 1096 322 1132 per
365 1090 499 1122 cuncta
531 1085 680 1130 devicit,
710 1089 745 1121 et
767 1087 904 1122 victum

117 1132 246 1179 fugere
277 1133 468 1179 praecepit,
492 1136 582 1169 tune
610 1133 743 1177 Angeli
772 1144 906 1169 conse-

117 1184 277 1226 quenter
305 1183 504 1227 apparent,
532 1184 573 1216 ut
598 1183 638 1217 tu
659 1181 782 1217 discas
805 1182 904 1227 quod

115 1231 152 1264 te
179 1238 329 1273 quoque
351 1232 434 1274 post
455 1229 665 1264 contectam
690 1229 736 1264 de
755 1228 904 1265 diabolo

115 1274 313 1311 victoriam
339 1275 471 1319 Angeli
506 1279 662 1322 repente
686 1276 903 1322 suscipient,

89 1322 337 1369 plaudentes
389 1323 471 1367 tibi,
524 1328 636 1369 teque
681 1323 905 1369 stipatorum

115 1380 221 1406 more
246 1370 385 1415 ubique
408 1369 644 1413 comitantes,
668 1373 703 1405 et
722 1371 761 1406 in
783 1370 903 1406 omni-

117 1417 190 1454 bus
212 1418 455 1453 honorantes.
491 1417 550 1453 Sic
577 1417 705 1462 utiquo
733 1421 767 1453 et
790 1419 902 1454 Laza—

115 1475 200 1500 rum
237 1468 319 1510 post
355 1467 547 1500 tornacen]
588 1464 821 1510 paupertatis
860 1476 901 1500 ae

115 1511 225 1548 famis
242 1515 276 1547 et
291 1511 404 1547 totius
425 1522 581 1558 prorsus
602 1512 800 1557 angustia),
824 1523 902 1547 sus-

116 1558 299 1605 cipientes
321 1560 366 1595 ad
383 1559 553 1604 requiem
565 1559 813 1604 pertulerunt.
829 1573 847 1591 »
859 1561 902 1594 Et

113 1605 253 1642 iterum
275 1618 282 1641 :
304 1620 321 1639 «
345 1606 651 1652 Angeliagonem
669 1606 804 1642 Christi
819 1617 902 1652 pro-

113 1654 170 1690 cul
209 1653 456 1698 aspiciebant,
483 1664 530 1689 ne
559 1653 750 1689 videretur
771 1664 902 1689 eorum

114 1700 292 1748 praesidio
313 1700 516 1743 (levicisse;
539 1705 589 1744 et,
613 1700 771 1736 victoria
788 1701 900 1746 sacta,

119 1752 361 1784 accesserunt
382 1751 419 1783 ct.
440 1747 706 1784 ministrabant
724 1747 771 1784 ci.
801 1762 818 1780 n

165 1808 206 1842 27
241 1796 333 1831 Esca
365 1807 437 1836 oux.
459 1808 495 1830 IN
531 1807 688 1831 nsssnnro
726 1807 903 1831 nnrncrcs

111 1854 174 1878 nst
203 1843 380 1879 Domus.
401 1863 446 1868 -«
467 1844 555 1879 Haec
570 1854 657 1879 vero
678 1843 784 1879 addit
804 1843 905 1879 idem

112 1891 388 1935 chrysostomus
410 1902 417 1925 :
459 1904 477 1923 «
503 1890 575 1926 Sed
599 1890 688 1936 quid
710 1890 902 1926 ministra-

112 1938 216 1981 bant,
256 1937 448 1982 Scriptura
468 1947 544 1973 non
580 1937 776 1983 exprimit;
812 1939 902 1974 satis

116 1995 205 2021 vero
227 1984 407 2020 credibile
428 1987 485 2020 est
506 1984 605 2029 quod
629 1984 903 2021 ministrabant

115 2030 149 2068 ei
189 2031 330 2077 aliquid
368 2031 622 2076 comestibile,
664 2034 705 2068 ut
730 2032 828 2068 servi
865 2035 903 2068 et

111 2078 291 2123 ministri,
325 2080 412 2125 quia
452 2078 588 2125 legitur
623 2079 826 2123 esuriisse;
865 2083 901 2115 et

112 2127 183 2163 hoe
210 2137 287 2162 non
310 2131 463 2172 propter
484 2126 749 2162 necessitatem
778 2125 899 2173 impo-

112 2173 240 2210 tentiae
274 2174 410 2211 Christi
448 2173 482 2211 ei
527 2173 809 2218 ministrabant,
833 2173 900 2210 sed

111 2222 160 2258 ad
185 2223 437 2258 reverentiam
459 2221 723 2265 exhibendam,
746 2225 782 2257 et
806 2232 898 2268 pro-

111 2272 196 2316 pter
223 2269 551 2305 honorificentiam
575 2269 795 2316 potestatis;
820 2279 898 2305 non

113 2317 215 2352 enim
237 2316 374 2353 dicitur
388 2317 489 2363 quod
502 2317 695 2363 adjuvant,
712 2316 778 2352 sed
797 2315 899 2362 quod

116 2363 331 2400 ministrant
352 2377 362 2399 :
381 2379 398 2396 »
426 2365 506 2400 haec
528 2366 815 2409 Chrysostomus.
832 2363 899 2399 Hic

111 2410 328 2457 diligentius
365 2412 530 2456 attende,
552 2415 589 2447 et
623 2410 797 2458 conspice
824 2412 897 2447 Do-

112 2459 256 2494 minum
287 2459 547 2495 comedentem
577 2458 714 2502 solum,
735 2458 896 2494 circum-

111 2505 297 2542 stantibus
328 2506 495 2552 Angelis,
519 2509 557 2542 et
577 2506 776 2542 considera
801 2506 898 2542 bene

111 2553 253 2597 omnia,
281 2553 369 2599 quia
400 2554 559 2600 pulchra
597 2556 683 2590 sunt
719 2553 828 2590 valde
861 2556 898 2589 et

112 2600 261 2638 devota.
286 2602 330 2636 Et
350 2612 479 2647 quaero
511 2600 601 2647 quid
629 2600 763 2647 Angeli
789 2599 898 2636 mini-

112 2649 296 2693 strabant,
325 2653 365 2685 ut
395 2652 479 2695 post
510 2652 587 2684 tam
620 2647 776 2694 longum
801 2648 896 2694 jeju-

114 2694 219 2732 nium
240 2696 482 2732 comederet?
502 2697 554 2732 De
576 2696 648 2732 hoc
667 2695 768 2732 enim
796 2695 896 2732 Scri-

112 2745 222 2789 ptura
255 2754 331 2780 non
370 2743 565 2790 loquitur:
596 2753 798 2790 possumus
833 2753 898 2779 au-

114 2792 192 2828 tem
236 2790 479 2828 victoriosum
533 2790 750 2839 prandium,
798 2789 896 2827 sicut

985 236 1172 282 volumus,
1191 238 1381 275 ordinare.
1401 241 1443 275 Et
1457 239 1624 285 quidem,
1641 241 1670 277 si
1687 243 1770 288 ejus

986 285 1192 328 potentiam
1226 286 1522 332 consideremus,
1546 292 1693 334 poterat
1710 300 1770 326 res

985 340 1080 374 quas
1110 332 1224 382 yellet
1254 344 1397 378 creare,
1420 338 1455 369 et
1491 345 1557 381 pro
1596 346 1672 372 suae
1704 347 1770 373 vo-

985 376 1138 412 luntatis
1166 379 1322 415 arbitrio
1350 385 1495 417 creatas
1521 382 1680 427 habere;
1703 384 1771 421 sed

984 434 1059 459 non
1081 424 1281 461 invenimus
1303 428 1402 472 qnod
1427 429 1495 464 hac
1515 431 1681 475 potentia
1701 442 1768 477 pro

984 481 1023 506 se
1044 471 1102 506 vel
1123 470 1318 518 discipulis
1338 474 1414 509 suis
1437 487 1524 511 usus
1545 478 1676 521 l'uerit3
1699 489 1769 524 pro

981 519 1103 554 turbis
1123 529 1212 554 vero
1236 530 1324 556 usus
1366 521 1447 565 suit,
1487 534 1580 568 qna<
1622 526 1768 562 duabus

982 564 1124 602 vicibus
1148 565 1186 601 in
1207 566 1447 604 multitudine
1475 581 1611 615 magna
1635 573 1680 608 (le
1701 583 1766 618 pa-

982 612 1092 649 nibus
1108 613 1237 659 paucis
1258 614 1371 660 pavit.
1397 616 1448 651 De
1480 617 1674 663 discipulis
1706 631 1768 656 au-

980 663 1056 696 tem
1083 661 1241 707 legimus
1262 662 1376 706 quod,
1399 673 1442 697 eo
1471 670 1669 710 prasente,
1687 667 1765 702 vel-

980 707 1108 743 lebant
1164 708 1286 754 spicas
1330 713 1485 755 propter
1531 712 1665 747 samem
1682 741 1690 756 ,
1730 717 1767 749 et

981 755 1256 797 comedebant,·
1287 756 1474 796 similiter.
1493 768 1575 792 cum
1611 758 1688 803 ipse
1712 760 1766 795 sa-

980 801 1119 847 tigatus
1141 814 1183 838 ex
1204 802 1340 839 itinere
1369 804 1523 840 sedebat
1554 816 1666 850 super
1698 817 1765 851 pu-

981 852 1082 885 teum
1113 850 1270 895 loquens
1304 862 1386 886 cum
1415 852 1665 895 Samaritana,
1690 863 1767 889 non

981 896 1119 932 dicitur
1140 898 1240 943 quod
1261 898 1443 934 creaverit
1457 898 1573 943 cibos,
1590 900 1653 935 sed
1665 900 1767 945 quod

981 944 1125 979 miserit
1161 944 1366 991 discipulos
1405 945 1442 980 in
1479 945 1682 990 civitatem,
1719 947 1767 982 ad

981 991 1229 1037 quaerendum
1264 1003 1341 1028 eos.
1364 993 1437 1028 Nec
1471 996 1527 1028 est
1564 993 1767 1030 verisimile

981 1039 1081 1084 quod
1105 1050 1171 1084 per
1195 1039 1417 1075 miraculum
1437 1039 1506 1076 sibi
1523 1040 1765 1086 provideret;

980 1086 1066 1132 quia
1100 1086 1281 1123 miracula
1316 1086 1363 1122 ad
1392 1086 1552 1123 aliorum
1577 1088 1768 1125 indificati-

980 1145 1106 1178 onem,
1129 1137 1166 1169 et
1192 1134 1237 1170 in·
1259 1134 1464 1181 praesentia
1488 1135 1652 1180 plurium
1676 1136 1766 1172 saei-

980 1182 1079 1225 ebat,
1100 1181 1164 1217 sed
1192 1182 1253 1217 hic
1287 1192 1362 1218 non
1392 1186 1500 1217 erant
1531 1181 1660 1227 aliqui,
1694 1182 1766 1219 nisi

978 1229 1125 1275 Angeli.
1146 1229 1243 1272 Quid
1263 1239 1353 1275 ergo
1384 1229 1483 1265 circa
1513 1230 1583 1265 hoc
1613 1230 1768 1267 medita-

980 1277 1135 1312 bimur?
1162 1278 1201 1312 ln
1232 1280 1360 1313 monte
1397 1287 1561 1322 namque
1598 1277 1661 1313 illo
1691 1288 1766 1314 non

979 1327 1060 1359 erat
1087 1323 1270 1360 habitatio
1306 1323 1499 1360 hominum
1535 1328 1572 1360 et
1604 1324 1675 1359 cibi
1704 1335 1766 1370 pa-

980 1370 1069 1415 rati3
1094 1371 1159 1407 sed
1191 1370 1281 1407 alibi
1304 1375 1435 1416 parata
1462 1371 1604 1407 villaria
1636 1374 1763 1417 porta-

978 1422 1111 1453 verunt
1144 1418 1177 1453 ei
1210 1418 1355 1463 Angeh,
1386 1418 1477 1453 sicut
1508 1418 1667 1463 contigit
1693 1420 1764 1455 Da-

979 1464 1078 1500 meli.
1114 1466 1207 1501 Cum
1233 1465 1335 1500 enim
1368 1465 1541 1500 Habacuc
1577 1466 1766 1511 Propheta

977 1512 1213 1557 pulmentum
1234 1513 1465 1547 messoribus
1479 1512 1557 1547 suis
1576 1516 1762 1557 parasset,

976 1559 1140 1604 portavit
1179 1569 1264 1594 eum
1300 1559 1465 1604 Angelus
1511 1559 1656 1594 Domini
1695 1570 1764 1605 per

976 1605 1132 1651 capillos
1169 1606 1214 1641 de
1244 1606 1376 1642 Judaea
1397 1607 1432 1640 in
1466 1606 1695 1651 Babylonem
1717 1607 1764 1642 ad

978 1652 1184 1697 Danielem,
1201 1655 1242 1688 ut
1269 1653 1498 1697 comederet,
1520 1656 1555 1688 et
1575 1656 1706 1699 postea
1726 1653 1762 1689 in

977 1703 1169 1736 momento
1191 1710 1278 1736 eum
1303 1699 1521 1746 reportavit.

1025 1750 1068 1783 28
1096 1748 1162 1783 PiA
1188 1759 1411 1783 Exnonmrio
1444 1758 1544 1782 cmm
1568 1759 1759 1784 rui-:insse

976 1815 1022 1822 —
1040 1796 1290 1830 Immoremur
1310 1805 1399 1841 ergo
1417 1794 1491 1838 hic,
1509 1798 1545 1830 et
1564 1795 1662 1830 hunc
1683 1806 1761 1831 mo-

977 1842 1067 1878 dum
1108 1852 1359 1886 assumamus,
1399 1844 1435 1877 et
1475 1852 1559 1877 eum
1603 1842 1761 1879 Domino

975 1892 1063 1926 Jesu
1103 1890 1142 1925 in
1180 1900 1247 1926 suo
1283 1888 1441 1935 prandio
1478 1889 1759 1935 jucundemur,

977 1937 1191 1983 sentiatque
1217 1938 1335 1972 Mater
1358 1946 1426 1972 sua
1446 1936 1761 1972 excellentissima

976 1985 1022 2020 de
1050 1985 1122 2020 hac
1151 1984 1283 2020 eadem
1303 1982 1541 2029 jucunditate
1564 1987 1679 2028 atque
1704 1983 1758 2018 vi-

975 2031 1107 2067 ctoria.
1132 2031 1196 2066 Pie
1225 2034 1338 2076 atque
1371 2030 1504 2066 devote
1525 2029 1576 2064 sic
1600 2029 1758 2067 medite-

975 2089 1059 2114 mur
1082 2081 1279 2125 :pergunt
1307 2077 1381 2113 duo
1411 2087 1455 2113 ex
1487 2076 1656 2122 Angelis,
1691 2078 1761 2113 Do-

974 2125 1076 2161 mino
1111 2127 1316 2169 annuente,
1346 2128 1383 2160 et
1410 2125 1447 2160 in
1480 2128 1672 2160 momento
1706 2124 1760 2161 su-

971 2175 1082 2209 erunt
1097 2182 1225 2208 coram
1252 2173 1385 2215 Matre,
1407 2182 1452 2207 ac
1471 2182 1555 2207 eam
1584 2181 1759 2208 reveren-

975 2224 1032 2256 ter
1058 2219 1279 2265 salutantes,
1300 2219 1346 2255 de
1384 2218 1465 2255 Filii
1483 2219 1541 2255 sui
1566 2221 1665 2255 statu
1688 2218 1759 2256 sibi

975 2270 1157 2312 narrant,
1197 2270 1234 2304 et
1281 2265 1473 2303 modicum
1504 2266 1758 2313 pulmentum,

964 2313 1074 2361 ‘quod
1111 2313 1183 2351 sibi
1222 2316 1260 2351 et
1292 2314 1434 2360 Joseph
1466 2316 1680 2360 paraverat,
1715 2323 1759 2351 ac

971 2372 1109 2409 panem
1142 2371 1227 2398 cum
1261 2361 1345 2398 aliis
1377 2360 1599 2408 opportunis
1632 2371 1760 2407 repor-

971 2413 1055 2446 tant
1077 2408 1250 2446 :reversi
1277 2412 1532 2457 ergo-parant
1568 2409 1605 2444 in
1643 2408 1758 2454 plana

970 2459 1086 2501 terra,
1115 2460 1152 2493 et
1186 2467 1328 2493 mensae
1356 2456 1661 2493 benedictionem
1700 2465 1758 2490 so-

971 2504 1149 2542 lemniter
1170 2506 1368 2551 peragunt.
1391 2502 1573 2549 Conspice
1588 2501 1648 2537 hic
1669 2511 1756 2538 eum

970 2553 1081 2598 bene,
1111 2552 1152 2588 in
1182 2551 1341 2599 singulis
1373 2561 1458 2597 quae
1490 2549 1567 2595 agit
1601 2551 1639 2601 et
1672 2558 1757 2595 quae

970 2600 1067 2636 fiunt
1091 2611 1100 2636 :
1127 2599 1234 2636 sedet
1270 2600 1308 2635 in
1340 2602 1441 2634 terra
1469 2599 1690 2642 composite,
1719 2598 1758 2649 et

970 2646 1136 2684 comedit
1168 2646 1320 2691 sobrie;
1349 2645 1593 2681 circumstant
1620 2641 1756 2688 Angeh

970 2694 1231 2731 ministrantes
1263 2692 1435 2744 Domino·
1455 2701 1548 2744 5⁰0³.
1572 2693 1610 2726 et
1648 2690 1755 2744 hym-

970 2753 1060 2779 num
1082 2745 1237 2779 cantant
1266 2741 1313 2778 de
1337 2742 1492 2776 canticis
1513 2738 1618 2782 Sion,
1639 2747 1683 2774 ac
1698 2747 1758 2784 Ju-

970 2790 1195 2837 cundantur,
1218 2791 1256 2827 et
1273 2787 1373 2826 diem
1387 2786 1524 2823 festum
1539 2788 1656 2832 agunt
1670 2794 1755 2823 eum
