<?xml version="1.0" encoding="UTF-8"?>
<!DOCTYPE html PUBLIC "-//W3C//DTD XHTML 1.0 Transitional//EN"
    "http://www.w3.org/TR/xhtml1/DTD/xhtml1-transitional.dtd">
<html xmlns="http://www.w3.org/1999/xhtml" xml:lang="en" lang="en">
 <head>
  <title>
</title>
<meta http-equiv="Content-Type" content="text/html;charset=utf-8" />
  <meta name='ocr-system' content='tesseract 3.04.00' />
  <meta name='ocr-capabilities' content='ocr_page ocr_carea ocr_par ocr_line ocrx_word'/>
</head>
<body>
  <div class='ocr_page' id='page_1' title='image "./vitajesuchristie01ludouoft_0226.png"; bbox 0 0 1902 3126; ppageno 0'>
   <div class='ocr_carea' id='block_1_1' title="bbox 172 211 1302 254">
    <p class='ocr_par' dir='ltr' id='par_1_1' title="bbox 172 211 1302 254">
     <span class='ocr_line' id='line_1_1' title="bbox 172 211 1302 254; baseline -0.008 -1"><span class='ocrx_word' id='word_1_1' title='bbox 172 221 229 254; x_wconf 69' lang='grc' dir='ltr'>ί212</span> <span class='ocrx_word' id='word_1_2' title='bbox 641 213 784 247; x_wconf 75' lang='lat' dir='ltr'>PRIMAE</span> <span class='ocrx_word' id='word_1_3' title='bbox 821 213 978 247; x_wconf 79' lang='lat' dir='ltr'>PARTIS</span> <span class='ocrx_word' id='word_1_4' title='bbox 1015 213 1149 246; x_wconf 73' lang='lat' dir='ltr'><strong>CAPUT</strong></span> <span class='ocrx_word' id='word_1_5' title='bbox 1186 211 1302 245; x_wconf 63' lang='lat' dir='ltr'>xxm·</span> 
     </span>
    </p>
   </div>
   <div class='ocr_carea' id='block_1_2' title="bbox 905 329 1074 366">
    <p class='ocr_par' dir='ltr' id='par_1_2' title="bbox 905 329 1074 366">
     <span class='ocr_line' id='line_1_2' title="bbox 905 329 1074 366; baseline -0.012 0"><span class='ocrx_word' id='word_1_6' title='bbox 905 329 1074 366; x_wconf 80' lang='lat' dir='ltr'><strong>ORATIO</strong></span> 
     </span>
    </p>
   </div>
   <div class='ocr_carea' id='block_1_3' title="bbox 173 419 1812 843">
    <p class='ocr_par' dir='ltr' id='par_1_3' title="bbox 173 419 1810 619">
     <span class='ocr_line' id='line_1_3' title="bbox 222 419 1804 472; baseline -0.008 -6"><span class='ocrx_word' id='word_1_7' title='bbox 222 428 379 467; x_wconf 83' lang='lat' dir='ltr'>Domine</span> <span class='ocrx_word' id='word_1_8' title='bbox 398 428 513 470; x_wconf 85' lang='lat' dir='ltr'>Deus,</span> <span class='ocrx_word' id='word_1_9' title='bbox 533 425 663 471; x_wconf 81' lang='lat' dir='ltr'>Agnus</span> <span class='ocrx_word' id='word_1_10' title='bbox 689 422 769 467; x_wconf 90' lang='lat' dir='ltr'>Dei,</span> <span class='ocrx_word' id='word_1_11' title='bbox 790 421 903 459; x_wconf 90' lang='lat' dir='ltr'>Filius</span> <span class='ocrx_word' id='word_1_12' title='bbox 926 421 1061 466; x_wconf 79' lang='lat' dir='ltr'>Patris,</span> <span class='ocrx_word' id='word_1_13' title='bbox 1084 421 1147 467; x_wconf 87' lang='lat' dir='ltr'>qui</span> <span class='ocrx_word' id='word_1_14' title='bbox 1174 420 1274 457; x_wconf 87' lang='lat' dir='ltr'>tollis</span> <span class='ocrx_word' id='word_1_15' title='bbox 1299 422 1453 467; x_wconf 86' lang='lat' dir='ltr'>peccata</span> <span class='ocrx_word' id='word_1_16' title='bbox 1471 419 1617 464; x_wconf 90' lang='lat' dir='ltr'>mundi,</span> <span class='ocrx_word' id='word_1_17' title='bbox 1637 429 1706 472; x_wconf 80' lang='lat' dir='ltr'>per</span> <span class='ocrx_word' id='word_1_18' title='bbox 1725 428 1804 455; x_wconf 88' lang='lat' dir='ltr'>me-</span> 
     </span>
     <span class='ocr_line' id='line_1_4' title="bbox 173 467 1807 521; baseline -0.007 -7"><span class='ocrx_word' id='word_1_19' title='bbox 173 478 246 514; x_wconf 90' lang='lat' dir='ltr'>rita</span> <span class='ocrx_word' id='word_1_20' title='bbox 265 476 364 512; x_wconf 86' lang='lat' dir='ltr'>illius</span> <span class='ocrx_word' id='word_1_21' title='bbox 385 473 448 521; x_wconf 85' lang='lat' dir='ltr'>qui</span> <span class='ocrx_word' id='word_1_22' title='bbox 472 474 542 509; x_wconf 83' lang='lat' dir='ltr'>hoc</span> <span class='ocrx_word' id='word_1_23' title='bbox 567 470 780 508; x_wconf 91' lang='lat' dir='ltr'>testimonio</span> <span class='ocrx_word' id='word_1_24' title='bbox 818 473 854 505; x_wconf 88' lang='lat' dir='ltr'>te</span> <span class='ocrx_word' id='word_1_25' title='bbox 881 468 1043 504; x_wconf 81' lang='lat' dir='ltr'>ostendit</span> <span class='ocrx_word' id='word_1_26' title='bbox 1080 469 1234 512; x_wconf 88' lang='lat' dir='ltr'>mundo,</span> <span class='ocrx_word' id='word_1_27' title='bbox 1262 468 1350 504; x_wconf 91' lang='lat' dir='ltr'>tolle</span> <span class='ocrx_word' id='word_1_28' title='bbox 1385 471 1538 513; x_wconf 89' lang='lat' dir='ltr'>peccata</span> <span class='ocrx_word' id='word_1_29' title='bbox 1559 467 1702 511; x_wconf 83' lang='lat' dir='ltr'>mundi,</span> <span class='ocrx_word' id='word_1_30' title='bbox 1724 476 1807 513; x_wconf 82' lang='lat' dir='ltr'>quae</span> 
     </span>
     <span class='ocr_line' id='line_1_5' title="bbox 176 514 1810 562; baseline -0.007 -2"><span class='ocrx_word' id='word_1_31' title='bbox 176 522 345 561; x_wconf 75' lang='lat' dir='ltr'>contraxi</span> <span class='ocrx_word' id='word_1_32' title='bbox 378 522 416 558; x_wconf 90' lang='lat' dir='ltr'>in</span> <span class='ocrx_word' id='word_1_33' title='bbox 443 519 601 562; x_wconf 84' lang='lat' dir='ltr'>mund03</span> <span class='ocrx_word' id='word_1_34' title='bbox 623 521 660 554; x_wconf 91' lang='lat' dir='ltr'>et</span> <span class='ocrx_word' id='word_1_35' title='bbox 680 521 733 562; x_wconf 88' lang='lat' dir='ltr'>tu,</span> <span class='ocrx_word' id='word_1_36' title='bbox 756 520 885 553; x_wconf 85' lang='lat' dir='ltr'>sancte</span> <span class='ocrx_word' id='word_1_37' title='bbox 913 518 1093 558; x_wconf 81' lang='lat' dir='ltr'>JoanneS,</span> <span class='ocrx_word' id='word_1_38' title='bbox 1116 515 1178 559; x_wconf 81' lang='lat' dir='ltr'>qui</span> <span class='ocrx_word' id='word_1_39' title='bbox 1206 514 1402 550; x_wconf 78' lang='lat' dir='ltr'>ostendisti</span> <span class='ocrx_word' id='word_1_40' title='bbox 1438 514 1577 550; x_wconf 86' lang='lat' dir='ltr'>mundo</span> <span class='ocrx_word' id='word_1_41' title='bbox 1615 514 1810 550; x_wconf 88' lang='lat' dir='ltr'>tollentem</span> 
     </span>
     <span class='ocr_line' id='line_1_6' title="bbox 174 561 1810 619; baseline -0.007 -11"><span class='ocrx_word' id='word_1_42' title='bbox 174 575 330 619; x_wconf 87' lang='lat' dir='ltr'>peccata</span> <span class='ocrx_word' id='word_1_43' title='bbox 351 579 431 612; x_wconf 88' lang='lat' dir='ltr'>sua,</span> <span class='ocrx_word' id='word_1_44' title='bbox 452 578 520 614; x_wconf 92' lang='lat' dir='ltr'>per</span> <span class='ocrx_word' id='word_1_45' title='bbox 543 565 702 613; x_wconf 75' lang='lat' dir='ltr'>gratiam</span> <span class='ocrx_word' id='word_1_46' title='bbox 727 564 794 600; x_wconf 85' lang='lat' dir='ltr'>tibi</span> <span class='ocrx_word' id='word_1_47' title='bbox 818 564 958 605; x_wconf 89' lang='lat' dir='ltr'>datam,</span> <span class='ocrx_word' id='word_1_48' title='bbox 985 562 1042 597; x_wconf 85' lang='lat' dir='ltr'>fac</span> <span class='ocrx_word' id='word_1_49' title='bbox 1071 561 1160 596; x_wconf 88' lang='lat' dir='ltr'>mihi</span> <span class='ocrx_word' id='word_1_50' title='bbox 1190 562 1287 597; x_wconf 86' lang='lat' dir='ltr'>hanc</span> <span class='ocrx_word' id='word_1_51' title='bbox 1305 561 1615 605; x_wconf 86' lang='lat' dir='ltr'>misericordiam,</span> <span class='ocrx_word' id='word_1_52' title='bbox 1636 565 1676 597; x_wconf 90' lang='lat' dir='ltr'>ut</span> <span class='ocrx_word' id='word_1_53' title='bbox 1702 561 1810 598; x_wconf 90' lang='lat' dir='ltr'>tollat</span> 
     </span>
    </p>

    <p class='ocr_par' dir='ltr' id='par_1_4' title="bbox 173 607 1812 843">
     <span class='ocr_line' id='line_1_7' title="bbox 203 607 1808 658; baseline -0.007 -3"><span class='ocrx_word' id='word_1_54' title='bbox 203 622 328 655; x_wconf 85' lang='lat' dir='ltr'>eccata</span> <span class='ocrx_word' id='word_1_55' title='bbox 352 627 448 652; x_wconf 88' lang='lat' dir='ltr'>mea.</span> <span class='ocrx_word' id='word_1_56' title='bbox 470 617 536 658; x_wconf 90' lang='lat' dir='ltr'>Tu,</span> <span class='ocrx_word' id='word_1_57' title='bbox 557 615 668 656; x_wconf 86' lang='lat' dir='ltr'>Deus,</span> <span class='ocrx_word' id='word_1_58' title='bbox 691 611 791 647; x_wconf 89' lang='lat' dir='ltr'>tollis</span> <span class='ocrx_word' id='word_1_59' title='bbox 817 613 969 656; x_wconf 89' lang='lat' dir='ltr'>peccata</span> <span class='ocrx_word' id='word_1_60' title='bbox 991 608 1141 651; x_wconf 84' lang='lat' dir='ltr'>mundi;</span> <span class='ocrx_word' id='word_1_61' title='bbox 1164 612 1217 651; x_wconf 84' lang='lat' dir='ltr'>tu,</span> <span class='ocrx_word' id='word_1_62' title='bbox 1242 607 1360 644; x_wconf 85' lang='lat' dir='ltr'>amice</span> <span class='ocrx_word' id='word_1_63' title='bbox 1379 609 1475 653; x_wconf 83' lang='lat' dir='ltr'>eJ&#39;us,</span> <span class='ocrx_word' id='word_1_64' title='bbox 1495 608 1587 643; x_wconf 89' lang='lat' dir='ltr'>dicis</span> <span class='ocrx_word' id='word_1_65' title='bbox 1613 620 1621 643; x_wconf 72' lang='grc' dir='ltr'>ε</span> <span class='ocrx_word' id='word_1_66' title='bbox 1644 608 1710 644; x_wconf 88' lang='lat' dir='ltr'>Hic</span> <span class='ocrx_word' id='word_1_67' title='bbox 1734 608 1808 644; x_wconf 90' lang='lat' dir='ltr'>tol-</span> 
     </span>
     <span class='ocr_line' id='line_1_8' title="bbox 173 629 1808 712; baseline -0.007 -10"><span class='ocrx_word' id='word_1_68' title='bbox 173 629 219 702; x_wconf 54' lang='lat' dir='ltr'>fit</span> <span class='ocrx_word' id='word_1_69' title='bbox 243 667 397 712; x_wconf 83' lang='lat' dir='ltr'>peccata</span> <span class='ocrx_word' id='word_1_70' title='bbox 423 661 573 704; x_wconf 86' lang='lat' dir='ltr'>mundi;</span> <span class='ocrx_word' id='word_1_71' title='bbox 598 670 683 696; x_wconf 88' lang='lat' dir='ltr'>ecce</span> <span class='ocrx_word' id='word_1_72' title='bbox 723 660 811 694; x_wconf 88' lang='lat' dir='ltr'>ante</span> <span class='ocrx_word' id='word_1_73' title='bbox 843 667 908 691; x_wconf 91' lang='lat' dir='ltr'>vos</span> <span class='ocrx_word' id='word_1_74' title='bbox 935 659 1091 690; x_wconf 73' lang='lat' dir='ltr'>onustus</span> <span class='ocrx_word' id='word_1_75' title='bbox 1115 656 1277 700; x_wconf 87' lang='lat' dir='ltr'>peccatis</span> <span class='ocrx_word' id='word_1_76' title='bbox 1301 654 1450 697; x_wconf 89' lang='lat' dir='ltr'>mundi;</span> <span class='ocrx_word' id='word_1_77' title='bbox 1473 656 1628 700; x_wconf 86' lang='lat' dir='ltr'>probate</span> <span class='ocrx_word' id='word_1_78' title='bbox 1653 655 1744 691; x_wconf 86' lang='lat' dir='ltr'>mihi</span> <span class='ocrx_word' id='word_1_79' title='bbox 1769 654 1808 690; x_wconf 87' lang='lat' dir='ltr'>in</span> 
     </span>
     <span class='ocr_line' id='line_1_9' title="bbox 177 701 1812 755; baseline -0.007 -6"><span class='ocrx_word' id='word_1_80' title='bbox 177 723 253 755; x_wconf 90' lang='lat' dir='ltr'>me,</span> <span class='ocrx_word' id='word_1_81' title='bbox 272 716 325 754; x_wconf 86' lang='lat' dir='ltr'>tu,</span> <span class='ocrx_word' id='word_1_82' title='bbox 345 714 468 746; x_wconf 86' lang='lat' dir='ltr'>actum</span> <span class='ocrx_word' id='word_1_83' title='bbox 490 713 609 751; x_wconf 87' lang='lat' dir='ltr'>tuum,</span> <span class='ocrx_word' id='word_1_84' title='bbox 635 710 684 750; x_wconf 92' lang='lat' dir='ltr'>et,</span> <span class='ocrx_word' id='word_1_85' title='bbox 709 708 762 748; x_wconf 86' lang='lat' dir='ltr'>tu,</span> <span class='ocrx_word' id='word_1_86' title='bbox 785 704 923 739; x_wconf 86' lang='lat' dir='ltr'>dictum</span> <span class='ocrx_word' id='word_1_87' title='bbox 946 706 1065 737; x_wconf 89' lang='lat' dir='ltr'>tuum.</span> <span class='ocrx_word' id='word_1_88' title='bbox 1094 703 1145 737; x_wconf 91' lang='lat' dir='ltr'>Tu</span> <span class='ocrx_word' id='word_1_89' title='bbox 1178 701 1276 737; x_wconf 91' lang='lat' dir='ltr'>enim</span> <span class='ocrx_word' id='word_1_90' title='bbox 1308 711 1464 746; x_wconf 86' lang='lat' dir='ltr'>magnus</span> <span class='ocrx_word' id='word_1_91' title='bbox 1486 701 1663 737; x_wconf 84' lang='lat' dir='ltr'>Dominus</span> <span class='ocrx_word' id='word_1_92' title='bbox 1682 713 1691 746; x_wconf 78' lang='lat'><em>3</em></span> <span class='ocrx_word' id='word_1_93' title='bbox 1715 704 1753 738; x_wconf 86' lang='lat' dir='ltr'>et</span> <span class='ocrx_word' id='word_1_94' title='bbox 1771 704 1812 738; x_wconf 87' lang='lat' dir='ltr'>tu</span> 
     </span>
     <span class='ocr_line' id='line_1_10' title="bbox 176 748 1809 803; baseline -0.007 -8"><span class='ocrx_word' id='word_1_95' title='bbox 176 769 330 803; x_wconf 69' lang='lat' dir='ltr'>maynus</span> <span class='ocrx_word' id='word_1_96' title='bbox 351 769 469 793; x_wconf 72' lang='lat' dir='ltr'>coram</span> <span class='ocrx_word' id='word_1_97' title='bbox 490 757 652 795; x_wconf 74' lang='lat' dir='ltr'>Domino,</span> <span class='ocrx_word' id='word_1_98' title='bbox 675 752 739 799; x_wconf 91' lang='lat' dir='ltr'>qui</span> <span class='ocrx_word' id='word_1_99' title='bbox 760 755 816 787; x_wconf 87' lang='lat' dir='ltr'>est</span> <span class='ocrx_word' id='word_1_100' title='bbox 834 750 873 786; x_wconf 88' lang='lat' dir='ltr'>in</span> <span class='ocrx_word' id='word_1_101' title='bbox 899 753 1080 785; x_wconf 86' lang='lat' dir='ltr'>aeternum</span> <span class='ocrx_word' id='word_1_102' title='bbox 1105 748 1332 793; x_wconf 82' lang='lat' dir='ltr'>misericors,</span> <span class='ocrx_word' id='word_1_103' title='bbox 1355 751 1392 784; x_wconf 89' lang='lat' dir='ltr'>et</span> <span class='ocrx_word' id='word_1_104' title='bbox 1412 758 1523 794; x_wconf 89' lang='lat' dir='ltr'>super</span> <span class='ocrx_word' id='word_1_105' title='bbox 1550 748 1676 784; x_wconf 87' lang='lat' dir='ltr'>omnia</span> <span class='ocrx_word' id='word_1_106' title='bbox 1695 748 1809 785; x_wconf 86' lang='lat' dir='ltr'>bene-</span> 
     </span>
     <span class='ocr_line' id='line_1_11' title="bbox 177 805 583 843; baseline -0.015 0"><span class='ocrx_word' id='word_1_107' title='bbox 177 806 301 843; x_wconf 89' lang='lat' dir='ltr'>dictus</span> <span class='ocrx_word' id='word_1_108' title='bbox 319 806 429 841; x_wconf 84' lang='lat' dir='ltr'>Deus.</span> <span class='ocrx_word' id='word_1_109' title='bbox 452 805 583 839; x_wconf 85' lang='lat' dir='ltr'>Amen.</span> 
     </span>
    </p>
   </div>
   <div class='ocr_carea' id='block_1_4' title="bbox 821 1008 1165 1056">
    <p class='ocr_par' dir='ltr' id='par_1_5' title="bbox 821 1008 1165 1056">
     <span class='ocr_line' id='line_1_12' title="bbox 821 1008 1165 1056; baseline -0.006 0"><span class='ocrx_word' id='word_1_110' title='bbox 821 1008 1003 1056; x_wconf 83' lang='lat' dir='ltr'>CAPUT</span> <span class='ocrx_word' id='word_1_111' title='bbox 1022 1010 1165 1055; x_wconf 90' lang='lat' dir='ltr'>XXIV</span> 
     </span>
    </p>
   </div>
   <div class='ocr_carea' id='block_1_5' title="bbox 178 1140 1809 1247">
    <p class='ocr_par' dir='ltr' id='par_1_6' title="bbox 178 1140 1809 1247">
     <span class='ocr_line' id='line_1_13' title="bbox 178 1140 1809 1179; baseline -0.007 0"><span class='ocrx_word' id='word_1_112' title='bbox 178 1151 228 1179; x_wconf 86' lang='lat' dir='ltr'>DE</span> <span class='ocrx_word' id='word_1_113' title='bbox 248 1148 352 1179; x_wconf 79' lang='lat' dir='ltr'>Novo</span> <span class='ocrx_word' id='word_1_114' title='bbox 377 1145 619 1176; x_wconf 87' lang='lat' dir='ltr'>TESTIMONIO</span> <span class='ocrx_word' id='word_1_115' title='bbox 643 1144 804 1174; x_wconf 81' lang='lat' dir='ltr'><strong>JOANNIS</strong></span> <span class='ocrx_word' id='word_1_116' title='bbox 830 1144 879 1171; x_wconf 86' lang='lat' dir='ltr'>DE</span> <span class='ocrx_word' id='word_1_117' title='bbox 903 1142 1079 1179; x_wconf 82' lang='lat' dir='ltr'>CHRISTO,</span> <span class='ocrx_word' id='word_1_118' title='bbox 1106 1142 1154 1170; x_wconf 86' lang='lat' dir='ltr'>AC</span> <span class='ocrx_word' id='word_1_119' title='bbox 1178 1142 1226 1169; x_wconf 85' lang='lat' dir='ltr'>DE</span> <span class='ocrx_word' id='word_1_120' title='bbox 1244 1142 1362 1169; x_wconf 86' lang='lat' dir='ltr'>PRIMA</span> <span class='ocrx_word' id='word_1_121' title='bbox 1385 1141 1671 1171; x_wconf 86' lang='lat' dir='ltr'>DISCIPULORUM</span> <span class='ocrx_word' id='word_1_122' title='bbox 1690 1140 1809 1170; x_wconf 84' lang='lat' dir='ltr'><strong>VOCA—</strong></span> 
     </span>
     <span class='ocr_line' id='line_1_14' title="bbox 525 1206 1448 1247; baseline -0.005 -9"><span class='ocrx_word' id='word_1_123' title='bbox 525 1210 656 1247; x_wconf 83' lang='lat' dir='ltr'>TIONE,</span> <span class='ocrx_word' id='word_1_124' title='bbox 679 1210 729 1238; x_wconf 87' lang='lat' dir='ltr'>ET</span> <span class='ocrx_word' id='word_1_125' title='bbox 756 1208 933 1238; x_wconf 84' lang='lat' dir='ltr'>OCCULTA</span> <span class='ocrx_word' id='word_1_126' title='bbox 962 1206 1114 1236; x_wconf 84' lang='lat' dir='ltr'>CHRISTI</span> <span class='ocrx_word' id='word_1_127' title='bbox 1141 1206 1448 1235; x_wconf 80' lang='lat' dir='ltr'>PRAEDICATIONE.</span> 
     </span>
    </p>
   </div>
   <div class='ocr_carea' id='block_1_6' title="bbox 843 1306 1151 1352">
    <p class='ocr_par' dir='ltr' id='par_1_7' title="bbox 843 1306 1151 1352">
     <span class='ocr_line' id='line_1_15' title="bbox 843 1306 1151 1352; baseline -0.01 -9"><span class='ocrx_word' id='word_1_128' title='bbox 843 1306 1000 1343; x_wconf 89' lang='lat' dir='ltr'>Joannis</span> <span class='ocrx_word' id='word_1_129' title='bbox 1020 1316 1101 1352; x_wconf 86' lang='lat' dir='ltr'>cap.</span> <span class='ocrx_word' id='word_1_130' title='bbox 1123 1306 1151 1341; x_wconf 93' lang='lat' dir='ltr'>I.</span> 
     </span>
    </p>
   </div>
   <div class='ocr_carea' id='block_1_7' title="bbox 180 1436 963 1576">
    <p class='ocr_par' dir='ltr' id='par_1_8' title="bbox 180 1436 963 1576">
     <span class='ocr_line' id='line_1_16' title="bbox 234 1436 960 1479; baseline -0.012 -1"><span class='ocrx_word' id='word_1_131' title='bbox 234 1458 246 1479; x_wconf 90' lang='lat'>1</span> <span class='ocrx_word' id='word_1_132' title='bbox 287 1442 445 1477; x_wconf 67' lang='lat' dir='ltr'>Vocmo</span> <span class='ocrx_word' id='word_1_133' title='bbox 482 1438 638 1473; x_wconf 69' lang='lat' dir='ltr'>ANDREAE</span> <span class='ocrx_word' id='word_1_134' title='bbox 676 1446 859 1470; x_wconf 66' lang='lat' dir='ltr'><strong>SECUNDUM</strong></span> <span class='ocrx_word' id='word_1_135' title='bbox 895 1436 960 1471; x_wconf 89' lang='lat' dir='ltr'>Jo-</span> 
     </span>
     <span class='ocr_line' id='line_1_17' title="bbox 180 1481 961 1526; baseline -0.014 0"><span class='ocrx_word' id='word_1_136' title='bbox 180 1501 287 1526; x_wconf 70' lang='lat' dir='ltr'>ANNIS</span> <span class='ocrx_word' id='word_1_137' title='bbox 310 1496 549 1523; x_wconf 74' lang='lat' dir='ltr'><strong>TESTIMONIUM</strong></span> <span class='ocrx_word' id='word_1_138' title='bbox 576 1494 779 1519; x_wconf 80' lang='lat' dir='ltr'><strong>AUDIENTIS.</strong></span> <span class='ocrx_word' id='word_1_139' title='bbox 815 1502 859 1507; x_wconf 93' lang='lat'>—</span> <span class='ocrx_word' id='word_1_140' title='bbox 885 1481 961 1517; x_wconf 89' lang='lat' dir='ltr'>Ad-</span> 
     </span>
     <span class='ocr_line' id='line_1_18' title="bbox 181 1528 963 1576; baseline -0.014 -3"><span class='ocrx_word' id='word_1_141' title='bbox 181 1538 255 1573; x_wconf 85' lang='lat' dir='ltr'>huc</span> <span class='ocrx_word' id='word_1_142' title='bbox 275 1539 399 1571; x_wconf 87' lang='lat' dir='ltr'>autem</span> <span class='ocrx_word' id='word_1_143' title='bbox 418 1535 505 1569; x_wconf 80' lang='lat' dir='ltr'>Jesu</span> <span class='ocrx_word' id='word_1_144' title='bbox 538 1531 578 1566; x_wconf 86' lang='lat' dir='ltr'>in</span> <span class='ocrx_word' id='word_1_145' title='bbox 604 1529 772 1576; x_wconf 88' lang='lat' dir='ltr'>partibus</span> <span class='ocrx_word' id='word_1_146' title='bbox 792 1528 866 1564; x_wconf 87' lang='lat' dir='ltr'>illis</span> <span class='ocrx_word' id='word_1_147' title='bbox 884 1538 963 1564; x_wconf 85' lang='lat' dir='ltr'>ma-</span> 
     </span>
    </p>
   </div>
   <div class='ocr_carea' id='block_1_8' title="bbox 1034 1431 1817 1569">
    <p class='ocr_par' dir='ltr' id='par_1_9' title="bbox 1034 1431 1817 1569">
     <span class='ocr_line' id='line_1_19' title="bbox 1034 1431 1817 1479; baseline 0.001 -11"><span class='ocrx_word' id='word_1_148' title='bbox 1034 1433 1137 1479; x_wconf 86' lang='lat' dir='ltr'>loqui</span> <span class='ocrx_word' id='word_1_149' title='bbox 1181 1432 1227 1468; x_wconf 91' lang='lat' dir='ltr'>de</span> <span class='ocrx_word' id='word_1_150' title='bbox 1267 1442 1320 1476; x_wconf 90' lang='lat' dir='ltr'>se,</span> <span class='ocrx_word' id='word_1_151' title='bbox 1348 1434 1540 1478; x_wconf 88' lang='lat' dir='ltr'>tamquam</span> <span class='ocrx_word' id='word_1_152' title='bbox 1576 1431 1624 1468; x_wconf 91' lang='lat' dir='ltr'>de</span> <span class='ocrx_word' id='word_1_153' title='bbox 1660 1431 1746 1477; x_wconf 84' lang='lat' dir='ltr'>alio,</span> <span class='ocrx_word' id='word_1_154' title='bbox 1769 1433 1817 1469; x_wconf 91' lang='lat' dir='ltr'>ad</span> 
     </span>
     <span class='ocr_line' id='line_1_20' title="bbox 1036 1479 1815 1525; baseline 0.003 -11"><span class='ocrx_word' id='word_1_155' title='bbox 1036 1479 1227 1516; x_wconf 89' lang='lat' dir='ltr'>vitandam</span> <span class='ocrx_word' id='word_1_156' title='bbox 1256 1479 1524 1525; x_wconf 77' lang='lat' dir='ltr'>arrogantiam.</span> <span class='ocrx_word' id='word_1_157' title='bbox 1546 1481 1596 1515; x_wconf 74' lang='lat' dir='ltr'>Et</span> <span class='ocrx_word' id='word_1_158' title='bbox 1618 1482 1815 1525; x_wconf 76' lang='lat' dir='ltr'>respiciens</span> 
     </span>
     <span class='ocr_line' id='line_1_21' title="bbox 1035 1527 1814 1569; baseline 0.001 -7"><span class='ocrx_word' id='word_1_159' title='bbox 1035 1527 1127 1563; x_wconf 88' lang='lat' dir='ltr'>vidit</span> <span class='ocrx_word' id='word_1_160' title='bbox 1172 1528 1338 1563; x_wconf 86' lang='lat' dir='ltr'>Joannes</span> <span class='ocrx_word' id='word_1_161' title='bbox 1384 1529 1504 1563; x_wconf 83' lang='lat' dir='ltr'>Jesum</span> <span class='ocrx_word' id='word_1_162' title='bbox 1551 1527 1814 1569; x_wconf 77' lang='lat' dir='ltr'>ambulantem,</span> 
     </span>
    </p>
   </div>
   <div class='ocr_carea' id='block_1_9' title="bbox 182 1574 971 2800">
    <p class='ocr_par' dir='ltr' id='par_1_10' title="bbox 182 1574 971 2800">
     <span class='ocr_line' id='line_1_22' title="bbox 182 1574 965 1625; baseline -0.013 -5"><span class='ocrx_word' id='word_1_163' title='bbox 182 1586 310 1625; x_wconf 84' lang='lat' dir='ltr'>nente,</span> <span class='ocrx_word' id='word_1_164' title='bbox 339 1583 468 1621; x_wconf 79' lang='lat' dir='ltr'>altera,</span> <span class='ocrx_word' id='word_1_165' title='bbox 510 1578 548 1613; x_wconf 91' lang='lat' dir='ltr'>id</span> <span class='ocrx_word' id='word_1_166' title='bbox 581 1581 651 1620; x_wconf 89' lang='lat' dir='ltr'>est,</span> <span class='ocrx_word' id='word_1_167' title='bbox 690 1576 851 1621; x_wconf 88' lang='lat' dir='ltr'>quadam</span> <span class='ocrx_word' id='word_1_168' title='bbox 891 1574 965 1610; x_wconf 91' lang='lat' dir='ltr'>alia</span> 
     </span>
     <span class='ocr_line' id='line_1_23' title="bbox 183 1624 965 1670; baseline -0.014 -3"><span class='ocrx_word' id='word_1_169' title='bbox 183 1641 251 1667; x_wconf 90' lang='lat' dir='ltr'>seu</span> <span class='ocrx_word' id='word_1_170' title='bbox 276 1639 352 1665; x_wconf 86' lang='lat' dir='ltr'>una</span> <span class='ocrx_word' id='word_1_171' title='bbox 379 1629 450 1667; x_wconf 69' lang='lat' dir='ltr'>die,</span> <span class='ocrx_word' id='word_1_172' title='bbox 479 1636 562 1670; x_wconf 80' lang='lat' dir='ltr'>quae</span> <span class='ocrx_word' id='word_1_173' title='bbox 585 1624 633 1659; x_wconf 90' lang='lat' dir='ltr'>ad</span> <span class='ocrx_word' id='word_1_174' title='bbox 654 1624 868 1658; x_wconf 84' lang='lat' dir='ltr'>hesternam</span> <span class='ocrx_word' id='word_1_175' title='bbox 890 1633 965 1657; x_wconf 91' lang='lat' dir='ltr'>non</span> 
     </span>
     <span class='ocr_line' id='line_1_24' title="bbox 182 1669 965 1718; baseline -0.013 -5"><span class='ocrx_word' id='word_1_176' title='bbox 182 1677 359 1718; x_wconf 84' lang='lat' dir='ltr'>refertur,</span> <span class='ocrx_word' id='word_1_177' title='bbox 381 1684 456 1709; x_wconf 88' lang='lat' dir='ltr'>non</span> <span class='ocrx_word' id='word_1_178' title='bbox 470 1671 568 1708; x_wconf 89' lang='lat' dir='ltr'>enim</span> <span class='ocrx_word' id='word_1_179' title='bbox 590 1680 738 1716; x_wconf 85' lang='lat' dir='ltr'>semper</span> <span class='ocrx_word' id='word_1_180' title='bbox 758 1669 965 1715; x_wconf 81' lang='lat' dir='ltr'>respective</span> 
     </span>
     <span class='ocr_line' id='line_1_25' title="bbox 183 1717 967 1771; baseline -0.013 -11"><span class='ocrx_word' id='word_1_181' title='bbox 183 1724 350 1771; x_wconf 89' lang='lat' dir='ltr'>ponitur,</span> <span class='ocrx_word' id='word_1_182' title='bbox 372 1723 502 1756; x_wconf 75' lang='lat' dir='ltr'>iterum</span> <span class='ocrx_word' id='word_1_183' title='bbox 531 1719 653 1754; x_wconf 78' lang='lat' dir='ltr'>stabat</span> <span class='ocrx_word' id='word_1_184' title='bbox 673 1719 842 1757; x_wconf 79' lang='lat' dir='ltr'>Joannes,</span> <span class='ocrx_word' id='word_1_185' title='bbox 861 1717 967 1762; x_wconf 78' lang='lat' dir='ltr'>juxta</span> 
     </span>
     <span class='ocr_line' id='line_1_26' title="bbox 183 1763 965 1809; baseline -0.014 -1"><span class='ocrx_word' id='word_1_186' title='bbox 183 1771 389 1808; x_wconf 86' lang='lat' dir='ltr'>Jordanem</span> <span class='ocrx_word' id='word_1_187' title='bbox 416 1765 620 1803; x_wconf 89' lang='lat' dir='ltr'>immobilis</span> <span class='ocrx_word' id='word_1_188' title='bbox 641 1764 680 1799; x_wconf 90' lang='lat' dir='ltr'>in</span> <span class='ocrx_word' id='word_1_189' title='bbox 701 1763 862 1799; x_wconf 88' lang='lat' dir='ltr'>culmine</span> <span class='ocrx_word' id='word_1_190' title='bbox 880 1774 965 1809; x_wconf 90' lang='lat' dir='ltr'>per-</span> 
     </span>
     <span class='ocr_line' id='line_1_27' title="bbox 183 1810 968 1859; baseline -0.01 -5"><span class='ocrx_word' id='word_1_191' title='bbox 183 1816 369 1859; x_wconf 80' lang='lat' dir='ltr'>fectionis,</span> <span class='ocrx_word' id='word_1_192' title='bbox 397 1825 466 1850; x_wconf 88' lang='lat' dir='ltr'>nec</span> <span class='ocrx_word' id='word_1_193' title='bbox 500 1814 653 1848; x_wconf 84' lang='lat' dir='ltr'>flectens</span> <span class='ocrx_word' id='word_1_194' title='bbox 685 1821 724 1846; x_wconf 89' lang='lat' dir='ltr'>se</span> <span class='ocrx_word' id='word_1_195' title='bbox 756 1821 778 1846; x_wconf 91' lang='lat' dir='ltr'>a</span> <span class='ocrx_word' id='word_1_196' title='bbox 816 1810 968 1846; x_wconf 88' lang='lat' dir='ltr'>rectitu-</span> 
     </span>
     <span class='ocr_line' id='line_1_28' title="bbox 185 1857 967 1904; baseline -0.01 -4"><span class='ocrx_word' id='word_1_197' title='bbox 185 1865 274 1901; x_wconf 84' lang='lat' dir='ltr'>dine</span> <span class='ocrx_word' id='word_1_198' title='bbox 302 1861 486 1903; x_wconf 77' lang='lat' dir='ltr'>vcritatis‚</span> <span class='ocrx_word' id='word_1_199' title='bbox 517 1864 709 1904; x_wconf 80' lang='lat' dir='ltr'>tamquam</span> <span class='ocrx_word' id='word_1_200' title='bbox 739 1861 891 1903; x_wconf 87' lang='lat' dir='ltr'>paratus</span> <span class='ocrx_word' id='word_1_201' title='bbox 920 1857 967 1893; x_wconf 91' lang='lat' dir='ltr'>ad</span> 
     </span>
     <span class='ocr_line' id='line_1_29' title="bbox 186 1904 965 1948; baseline -0.012 0"><span class='ocrx_word' id='word_1_202' title='bbox 186 1910 434 1948; x_wconf 85' lang='lat' dir='ltr'>exercendum</span> <span class='ocrx_word' id='word_1_203' title='bbox 476 1906 642 1942; x_wconf 83' lang='lat' dir='ltr'>officium</span> <span class='ocrx_word' id='word_1_204' title='bbox 685 1915 807 1948; x_wconf 90' lang='lat' dir='ltr'>suum,</span> <span class='ocrx_word' id='word_1_205' title='bbox 833 1904 965 1940; x_wconf 82' lang='lat' dir='ltr'>testifi-</span> 
     </span>
     <span class='ocr_line' id='line_1_30' title="bbox 183 1951 965 2004; baseline -0.012 -9"><span class='ocrx_word' id='word_1_206' title='bbox 183 1958 301 1995; x_wconf 86' lang='lat' dir='ltr'>cando</span> <span class='ocrx_word' id='word_1_207' title='bbox 324 1957 369 1992; x_wconf 92' lang='lat' dir='ltr'>de</span> <span class='ocrx_word' id='word_1_208' title='bbox 400 1954 625 1998; x_wconf 60' lang='lat' dir='ltr'>Chri—topac</span> <span class='ocrx_word' id='word_1_209' title='bbox 649 1951 887 2004; x_wconf 81' lang='lat' dir='ltr'>baptizando,</span> <span class='ocrx_word' id='word_1_210' title='bbox 928 1954 965 1987; x_wconf 89' lang='lat' dir='ltr'>et</span> 
     </span>
     <span class='ocr_line' id='line_1_31' title="bbox 187 1999 967 2046; baseline -0.012 -4"><span class='ocrx_word' id='word_1_211' title='bbox 187 2004 372 2046; x_wconf 77' lang='lat' dir='ltr'>docendo,</span> <span class='ocrx_word' id='word_1_212' title='bbox 393 2006 429 2038; x_wconf 90' lang='lat' dir='ltr'>et</span> <span class='ocrx_word' id='word_1_213' title='bbox 459 2010 590 2036; x_wconf 90' lang='lat' dir='ltr'>omnes</span> <span class='ocrx_word' id='word_1_214' title='bbox 626 1999 674 2035; x_wconf 89' lang='lat' dir='ltr'>ad</span> <span class='ocrx_word' id='word_1_215' title='bbox 716 2009 755 2034; x_wconf 91' lang='lat' dir='ltr'>se</span> <span class='ocrx_word' id='word_1_216' title='bbox 775 2001 967 2034; x_wconf 83' lang='lat' dir='ltr'>venientes</span> 
     </span>
     <span class='ocr_line' id='line_1_32' title="bbox 187 2045 967 2097; baseline -0.01 -9"><span class='ocrx_word' id='word_1_217' title='bbox 187 2053 234 2088; x_wconf 92' lang='lat' dir='ltr'>de</span> <span class='ocrx_word' id='word_1_218' title='bbox 270 2052 348 2097; x_wconf 80' lang='lat' dir='ltr'>ipso</span> <span class='ocrx_word' id='word_1_219' title='bbox 388 2047 622 2084; x_wconf 86' lang='lat' dir='ltr'>instruendo.</span> <span class='ocrx_word' id='word_1_220' title='bbox 663 2047 782 2092; x_wconf 83' lang='lat' dir='ltr'>Supra</span> <span class='ocrx_word' id='word_1_221' title='bbox 817 2045 967 2090; x_wconf 84' lang='lat' dir='ltr'>quidem</span> 
     </span>
     <span class='ocr_line' id='line_1_33' title="bbox 188 2092 969 2146; baseline -0.009 -12"><span class='ocrx_word' id='word_1_222' title='bbox 188 2096 379 2146; x_wconf 83' lang='lat' dir='ltr'>perhibuit</span> <span class='ocrx_word' id='word_1_223' title='bbox 404 2093 663 2131; x_wconf 88' lang='lat' dir='ltr'>testimonium</span> <span class='ocrx_word' id='word_1_224' title='bbox 688 2094 733 2128; x_wconf 91' lang='lat' dir='ltr'>de</span> <span class='ocrx_word' id='word_1_225' title='bbox 754 2093 900 2129; x_wconf 88' lang='lat' dir='ltr'>Christo</span> <span class='ocrx_word' id='word_1_226' title='bbox 922 2092 969 2128; x_wconf 89' lang='lat' dir='ltr'>ad</span> 
     </span>
     <span class='ocr_line' id='line_1_34' title="bbox 189 2139 970 2187; baseline -0.008 -6"><span class='ocrx_word' id='word_1_227' title='bbox 189 2147 338 2187; x_wconf 70' lang='lat' dir='ltr'>turbas,</span> <span class='ocrx_word' id='word_1_228' title='bbox 378 2143 439 2178; x_wconf 89' lang='lat' dir='ltr'>hic</span> <span class='ocrx_word' id='word_1_229' title='bbox 467 2153 556 2178; x_wconf 91' lang='lat' dir='ltr'>vero</span> <span class='ocrx_word' id='word_1_230' title='bbox 593 2141 640 2176; x_wconf 86' lang='lat' dir='ltr'>ad</span> <span class='ocrx_word' id='word_1_231' title='bbox 676 2139 889 2186; x_wconf 89' lang='lat' dir='ltr'>discipulos.</span> <span class='ocrx_word' id='word_1_232' title='bbox 922 2142 970 2176; x_wconf 79' lang='lat' dir='ltr'>Et</span> 
     </span>
     <span class='ocr_line' id='line_1_35' title="bbox 188 2187 969 2233; baseline -0.01 -4"><span class='ocrx_word' id='word_1_233' title='bbox 188 2193 338 2229; x_wconf 84' lang='lat' dir='ltr'>stabant</span> <span class='ocrx_word' id='word_1_234' title='bbox 379 2200 463 2225; x_wconf 86' lang='lat' dir='ltr'>cum</span> <span class='ocrx_word' id='word_1_235' title='bbox 506 2199 549 2224; x_wconf 91' lang='lat' dir='ltr'>eo</span> <span class='ocrx_word' id='word_1_236' title='bbox 590 2199 634 2223; x_wconf 62' lang='grc' dir='ltr'>επ</span> <span class='ocrx_word' id='word_1_237' title='bbox 671 2188 865 2233; x_wconf 75' lang='lat' dir='ltr'>discipulis</span> <span class='ocrx_word' id='word_1_238' title='bbox 892 2187 969 2232; x_wconf 81' lang='lat' dir='ltr'>ejus</span> 
     </span>
     <span class='ocr_line' id='line_1_36' title="bbox 190 2233 969 2280; baseline -0.008 -5"><span class='ocrx_word' id='word_1_239' title='bbox 190 2240 274 2279; x_wconf 81' lang='lat' dir='ltr'>duo,</span> <span class='ocrx_word' id='word_1_240' title='bbox 303 2237 462 2272; x_wconf 83' lang='lat' dir='ltr'>firmiter</span> <span class='ocrx_word' id='word_1_241' title='bbox 488 2235 717 2270; x_wconf 85' lang='lat' dir='ltr'>inhaerentes</span> <span class='ocrx_word' id='word_1_242' title='bbox 747 2235 827 2280; x_wconf 76' lang='lat' dir='ltr'>ers</span> <span class='ocrx_word' id='word_1_243' title='bbox 850 2233 969 2279; x_wconf 85' lang='lat' dir='ltr'>magi-</span> 
     </span>
     <span class='ocr_line' id='line_1_37' title="bbox 191 2281 968 2329; baseline -0.008 -7"><span class='ocrx_word' id='word_1_244' title='bbox 191 2285 320 2328; x_wconf 88' lang='lat' dir='ltr'>sterio,</span> <span class='ocrx_word' id='word_1_245' title='bbox 347 2292 505 2329; x_wconf 86' lang='lat' dir='ltr'>quorum</span> <span class='ocrx_word' id='word_1_246' title='bbox 526 2292 622 2317; x_wconf 88' lang='lat' dir='ltr'>unus</span> <span class='ocrx_word' id='word_1_247' title='bbox 642 2281 810 2317; x_wconf 85' lang='lat' dir='ltr'>Andreas</span> <span class='ocrx_word' id='word_1_248' title='bbox 831 2291 968 2317; x_wconf 90' lang='lat' dir='ltr'>memo-</span> 
     </span>
     <span class='ocr_line' id='line_1_38' title="bbox 190 2327 969 2375; baseline -0.008 -6"><span class='ocrx_word' id='word_1_249' title='bbox 190 2336 323 2375; x_wconf 88' lang='lat' dir='ltr'>ratur;</span> <span class='ocrx_word' id='word_1_250' title='bbox 348 2330 412 2366; x_wconf 88' lang='lat' dir='ltr'>sed</span> <span class='ocrx_word' id='word_1_251' title='bbox 433 2327 601 2372; x_wconf 87' lang='lat' dir='ltr'>alterius,</span> <span class='ocrx_word' id='word_1_252' title='bbox 625 2327 712 2373; x_wconf 87' lang='lat' dir='ltr'>quia</span> <span class='ocrx_word' id='word_1_253' title='bbox 735 2327 882 2374; x_wconf 84' lang='lat' dir='ltr'>insigne</span> <span class='ocrx_word' id='word_1_254' title='bbox 894 2339 969 2364; x_wconf 90' lang='lat' dir='ltr'>non</span> 
     </span>
     <span class='ocr_line' id='line_1_39' title="bbox 192 2375 969 2423; baseline -0.006 -7"><span class='ocrx_word' id='word_1_255' title='bbox 192 2383 286 2423; x_wconf 90' lang='lat' dir='ltr'>erat,</span> <span class='ocrx_word' id='word_1_256' title='bbox 305 2387 445 2413; x_wconf 87' lang='lat' dir='ltr'>nomen</span> <span class='ocrx_word' id='word_1_257' title='bbox 465 2378 622 2411; x_wconf 83' lang='lat' dir='ltr'>tacetur.</span> <span class='ocrx_word' id='word_1_258' title='bbox 647 2375 750 2411; x_wconf 88' lang='lat' dir='ltr'>Unde</span> <span class='ocrx_word' id='word_1_259' title='bbox 770 2375 865 2411; x_wconf 88' lang='lat' dir='ltr'>sicut</span> <span class='ocrx_word' id='word_1_260' title='bbox 889 2376 969 2411; x_wconf 87' lang='lat' dir='ltr'>Ste-</span> 
     </span>
     <span class='ocr_line' id='line_1_40' title="bbox 190 2422 971 2473; baseline -0.008 -10"><span class='ocrx_word' id='word_1_261' title='bbox 190 2428 340 2473; x_wconf 86' lang='lat' dir='ltr'>phanus</span> <span class='ocrx_word' id='word_1_262' title='bbox 361 2427 417 2459; x_wconf 91' lang='lat' dir='ltr'>est</span> <span class='ocrx_word' id='word_1_263' title='bbox 436 2422 579 2468; x_wconf 91' lang='lat' dir='ltr'>primus</span> <span class='ocrx_word' id='word_1_264' title='bbox 605 2425 747 2467; x_wconf 87' lang='lat' dir='ltr'>martyr</span> <span class='ocrx_word' id='word_1_265' title='bbox 767 2426 851 2468; x_wconf 90' lang='lat' dir='ltr'>post</span> <span class='ocrx_word' id='word_1_266' title='bbox 871 2422 971 2458; x_wconf 88' lang='lat' dir='ltr'>Chri-</span> 
     </span>
     <span class='ocr_line' id='line_1_41' title="bbox 191 2468 971 2517; baseline -0.006 -7"><span class='ocrx_word' id='word_1_267' title='bbox 191 2477 305 2517; x_wconf 87' lang='lat' dir='ltr'>stum,</span> <span class='ocrx_word' id='word_1_268' title='bbox 337 2471 389 2507; x_wconf 85' lang='lat' dir='ltr'>ita</span> <span class='ocrx_word' id='word_1_269' title='bbox 430 2473 467 2505; x_wconf 93' lang='lat' dir='ltr'>et</span> <span class='ocrx_word' id='word_1_270' title='bbox 500 2468 670 2504; x_wconf 86' lang='lat' dir='ltr'>Andreas</span> <span class='ocrx_word' id='word_1_271' title='bbox 711 2472 791 2504; x_wconf 88' lang='lat' dir='ltr'>erat</span> <span class='ocrx_word' id='word_1_272' title='bbox 830 2469 971 2515; x_wconf 87' lang='lat' dir='ltr'>primus</span> 
     </span>
     <span class='ocr_line' id='line_1_42' title="bbox 192 2514 968 2560; baseline -0.008 -3"><span class='ocrx_word' id='word_1_273' title='bbox 192 2518 443 2560; x_wconf 84' lang='lat' dir='ltr'>Christianus,</span> <span class='ocrx_word' id='word_1_274' title='bbox 460 2519 496 2552; x_wconf 88' lang='lat' dir='ltr'>et</span> <span class='ocrx_word' id='word_1_275' title='bbox 510 2514 683 2551; x_wconf 87' lang='lat' dir='ltr'>similiter</span> <span class='ocrx_word' id='word_1_276' title='bbox 702 2515 844 2560; x_wconf 89' lang='lat' dir='ltr'>primus</span> <span class='ocrx_word' id='word_1_277' title='bbox 862 2516 968 2552; x_wconf 89' lang='lat' dir='ltr'>Chri-</span> 
     </span>
     <span class='ocr_line' id='line_1_43' title="bbox 192 2562 969 2611; baseline -0.006 -7"><span class='ocrx_word' id='word_1_278' title='bbox 192 2567 240 2604; x_wconf 85' lang='lat' dir='ltr'>sti</span> <span class='ocrx_word' id='word_1_279' title='bbox 261 2564 478 2611; x_wconf 79' lang='lat' dir='ltr'>discipulus,</span> <span class='ocrx_word' id='word_1_280' title='bbox 501 2562 589 2608; x_wconf 83' lang='lat' dir='ltr'>quia</span> <span class='ocrx_word' id='word_1_281' title='bbox 610 2562 656 2597; x_wconf 92' lang='lat' dir='ltr'>de</span> <span class='ocrx_word' id='word_1_282' title='bbox 682 2562 827 2598; x_wconf 88' lang='lat' dir='ltr'>duobus</span> <span class='ocrx_word' id='word_1_283' title='bbox 848 2563 969 2608; x_wconf 87' lang='lat' dir='ltr'>primo</span> 
     </span>
     <span class='ocr_line' id='line_1_44' title="bbox 192 2608 970 2656; baseline -0.009 -4"><span class='ocrx_word' id='word_1_284' title='bbox 192 2611 475 2652; x_wconf 60' lang='lat' dir='ltr'>adhaerentibus</span> <span class='ocrx_word' id='word_1_285' title='bbox 504 2608 723 2656; x_wconf 88' lang='lat' dir='ltr'>principalis</span> <span class='ocrx_word' id='word_1_286' title='bbox 758 2609 897 2645; x_wconf 86' lang='lat' dir='ltr'>exstitit</span> <span class='ocrx_word' id='word_1_287' title='bbox 935 2614 970 2645; x_wconf 90' lang='lat' dir='ltr'>et</span> 
     </span>
     <span class='ocr_line' id='line_1_45' title="bbox 192 2655 971 2709; baseline -0.008 -11"><span class='ocrx_word' id='word_1_288' title='bbox 192 2662 349 2709; x_wconf 89' lang='lat' dir='ltr'>primus.</span> <span class='ocrx_word' id='word_1_289' title='bbox 376 2658 533 2702; x_wconf 86' lang='lat' dir='ltr'>Quidam</span> <span class='ocrx_word' id='word_1_290' title='bbox 553 2659 679 2692; x_wconf 87' lang='lat' dir='ltr'>tamen</span> <span class='ocrx_word' id='word_1_291' title='bbox 705 2655 846 2700; x_wconf 90' lang='lat' dir='ltr'>dicunt,</span> <span class='ocrx_word' id='word_1_292' title='bbox 872 2657 971 2701; x_wconf 86' lang='lat' dir='ltr'>quod</span> 
     </span>
     <span class='ocr_line' id='line_1_46' title="bbox 191 2703 970 2749; baseline -0.008 -4"><span class='ocrx_word' id='word_1_293' title='bbox 191 2709 287 2746; x_wconf 89' lang='lat' dir='ltr'>alter</span> <span class='ocrx_word' id='word_1_294' title='bbox 319 2707 479 2743; x_wconf 87' lang='lat' dir='ltr'>duorum</span> <span class='ocrx_word' id='word_1_295' title='bbox 507 2703 576 2739; x_wconf 85' lang='lat' dir='ltr'>suit</span> <span class='ocrx_word' id='word_1_296' title='bbox 605 2704 770 2739; x_wconf 89' lang='lat' dir='ltr'>Joannes</span> <span class='ocrx_word' id='word_1_297' title='bbox 802 2704 970 2749; x_wconf 87' lang='lat' dir='ltr'>Evange-</span> 
     </span>
     <span class='ocr_line' id='line_1_47' title="bbox 192 2749 968 2800; baseline -0.009 -9"><span class='ocrx_word' id='word_1_298' title='bbox 192 2755 292 2800; x_wconf 90' lang='lat' dir='ltr'>lista‚</span> <span class='ocrx_word' id='word_1_299' title='bbox 330 2753 417 2799; x_wconf 77' lang='lat' dir='ltr'>quia</span> <span class='ocrx_word' id='word_1_300' title='bbox 449 2751 581 2787; x_wconf 88' lang='lat' dir='ltr'>modus</span> <span class='ocrx_word' id='word_1_301' title='bbox 616 2753 672 2786; x_wconf 88' lang='lat' dir='ltr'>est</span> <span class='ocrx_word' id='word_1_302' title='bbox 710 2749 968 2794; x_wconf 85' lang='lat' dir='ltr'>scribentium,</span> 
     </span>
    </p>
   </div>
   <div class='ocr_carea' id='block_1_10' title="bbox 1036 1573 1820 1950">
    <p class='ocr_par' dir='ltr' id='par_1_11' title="bbox 1036 1573 1820 1950">
     <span class='ocr_line' id='line_1_48' title="bbox 1036 1573 1818 1620; baseline 0 -10"><span class='ocrx_word' id='word_1_303' title='bbox 1036 1578 1229 1619; x_wconf 86' lang='lat' dir='ltr'>tamquam</span> <span class='ocrx_word' id='word_1_304' title='bbox 1240 1573 1279 1609; x_wconf 91' lang='lat' dir='ltr'>in</span> <span class='ocrx_word' id='word_1_305' title='bbox 1295 1574 1413 1610; x_wconf 89' lang='lat' dir='ltr'>salute</span> <span class='ocrx_word' id='word_1_306' title='bbox 1431 1578 1562 1611; x_wconf 89' lang='lat' dir='ltr'>nostra</span> <span class='ocrx_word' id='word_1_307' title='bbox 1577 1574 1818 1620; x_wconf 89' lang='lat' dir='ltr'>procuranda</span> 
     </span>
     <span class='ocr_line' id='line_1_49' title="bbox 1036 1621 1815 1667; baseline 0.001 -11"><span class='ocrx_word' id='word_1_308' title='bbox 1036 1621 1352 1667; x_wconf 85' lang='lat' dir='ltr'>proficiscentem,</span> <span class='ocrx_word' id='word_1_309' title='bbox 1375 1621 1481 1667; x_wconf 64' lang='lat' dir='ltr'>jux-ta</span> <span class='ocrx_word' id='word_1_310' title='bbox 1499 1622 1719 1665; x_wconf 87' lang='lat' dir='ltr'>Jordanem,</span> <span class='ocrx_word' id='word_1_311' title='bbox 1743 1621 1815 1658; x_wconf 91' lang='lat' dir='ltr'>sci-</span> 
     </span>
     <span class='ocr_line' id='line_1_50' title="bbox 1038 1668 1818 1714; baseline 0.001 -11"><span class='ocrx_word' id='word_1_312' title='bbox 1038 1668 1253 1714; x_wconf 80' lang='lat' dir='ltr'>licetprope</span> <span class='ocrx_word' id='word_1_313' title='bbox 1273 1668 1395 1703; x_wconf 90' lang='lat' dir='ltr'>locum</span> <span class='ocrx_word' id='word_1_314' title='bbox 1410 1668 1473 1705; x_wconf 90' lang='lat' dir='ltr'>ubi</span> <span class='ocrx_word' id='word_1_315' title='bbox 1487 1671 1654 1706; x_wconf 87' lang='lat' dir='ltr'>Joannes</span> <span class='ocrx_word' id='word_1_316' title='bbox 1675 1669 1818 1713; x_wconf 83' lang='lat' dir='ltr'>stabat;</span> 
     </span>
     <span class='ocr_line' id='line_1_51' title="bbox 1039 1715 1818 1761; baseline 0.001 -11"><span class='ocrx_word' id='word_1_317' title='bbox 1039 1715 1126 1761; x_wconf 90' lang='lat' dir='ltr'>quia</span> <span class='ocrx_word' id='word_1_318' title='bbox 1156 1717 1264 1751; x_wconf 90' lang='lat' dir='ltr'>Jesus</span> <span class='ocrx_word' id='word_1_319' title='bbox 1292 1718 1491 1761; x_wconf 88' lang='lat' dir='ltr'>postquam</span> <span class='ocrx_word' id='word_1_320' title='bbox 1524 1727 1546 1752; x_wconf 88' lang='lat' dir='ltr'>a</span> <span class='ocrx_word' id='word_1_321' title='bbox 1579 1717 1727 1752; x_wconf 90' lang='lat' dir='ltr'>Joanne</span> <span class='ocrx_word' id='word_1_322' title='bbox 1761 1719 1818 1752; x_wconf 89' lang='lat' dir='ltr'>est</span> 
     </span>
     <span class='ocr_line' id='line_1_52' title="bbox 1038 1762 1820 1809; baseline 0.001 -11"><span class='ocrx_word' id='word_1_323' title='bbox 1038 1762 1260 1808; x_wconf 87' lang='lat' dir='ltr'>baptizatus,</span> <span class='ocrx_word' id='word_1_324' title='bbox 1288 1762 1335 1797; x_wconf 90' lang='lat' dir='ltr'>ad</span> <span class='ocrx_word' id='word_1_325' title='bbox 1365 1765 1513 1809; x_wconf 91' lang='lat' dir='ltr'>tempus</span> <span class='ocrx_word' id='word_1_326' title='bbox 1547 1773 1664 1808; x_wconf 88' lang='lat' dir='ltr'>prope</span> <span class='ocrx_word' id='word_1_327' title='bbox 1696 1762 1820 1799; x_wconf 86' lang='lat' dir='ltr'>locum</span> 
     </span>
     <span class='ocr_line' id='line_1_53' title="bbox 1039 1809 1818 1854; baseline 0.003 -10"><span class='ocrx_word' id='word_1_328' title='bbox 1039 1809 1144 1845; x_wconf 88' lang='lat' dir='ltr'>illum</span> <span class='ocrx_word' id='word_1_329' title='bbox 1180 1809 1412 1854; x_wconf 89' lang='lat' dir='ltr'>morabatur,</span> <span class='ocrx_word' id='word_1_330' title='bbox 1434 1814 1470 1846; x_wconf 87' lang='lat' dir='ltr'>et</span> <span class='ocrx_word' id='word_1_331' title='bbox 1503 1810 1622 1846; x_wconf 86' lang='lat' dir='ltr'>sactus</span> <span class='ocrx_word' id='word_1_332' title='bbox 1664 1813 1720 1845; x_wconf 89' lang='lat' dir='ltr'>est</span> <span class='ocrx_word' id='word_1_333' title='bbox 1754 1812 1818 1846; x_wconf 87' lang='lat' dir='ltr'>Jo-</span> 
     </span>
     <span class='ocr_line' id='line_1_54' title="bbox 1038 1855 1820 1905; baseline -0.001 -12"><span class='ocrx_word' id='word_1_334' title='bbox 1038 1856 1126 1893; x_wconf 88' lang='lat' dir='ltr'>anni</span> <span class='ocrx_word' id='word_1_335' title='bbox 1156 1855 1363 1901; x_wconf 83' lang='lat' dir='ltr'>familiaris,</span> <span class='ocrx_word' id='word_1_336' title='bbox 1389 1860 1429 1892; x_wconf 91' lang='lat' dir='ltr'>ut</span> <span class='ocrx_word' id='word_1_337' title='bbox 1465 1856 1518 1893; x_wconf 92' lang='lat' dir='ltr'>sic</span> <span class='ocrx_word' id='word_1_338' title='bbox 1545 1858 1708 1905; x_wconf 86' lang='lat' dir='ltr'>Joannes</span> <span class='ocrx_word' id='word_1_339' title='bbox 1743 1857 1820 1893; x_wconf 86' lang='lat' dir='ltr'>fre-</span> 
     </span>
     <span class='ocr_line' id='line_1_55' title="bbox 1040 1903 1820 1950; baseline 0 -11"><span class='ocrx_word' id='word_1_340' title='bbox 1040 1906 1196 1949; x_wconf 87' lang='lat' dir='ltr'>quenter</span> <span class='ocrx_word' id='word_1_341' title='bbox 1225 1903 1479 1939; x_wconf 83' lang='lat' dir='ltr'>testimonium</span> <span class='ocrx_word' id='word_1_342' title='bbox 1509 1903 1547 1939; x_wconf 89' lang='lat' dir='ltr'>in</span> <span class='ocrx_word' id='word_1_343' title='bbox 1569 1905 1625 1939; x_wconf 88' lang='lat' dir='ltr'>sui</span> <span class='ocrx_word' id='word_1_344' title='bbox 1652 1914 1820 1950; x_wconf 88' lang='lat' dir='ltr'>praesen-</span> 
     </span>
    </p>
   </div>
   <div class='ocr_carea' id='block_1_11' title="bbox 1038 1926 1893 1994">
    <p class='ocr_par' dir='ltr' id='par_1_12' title="bbox 1038 1926 1893 1994">
     <span class='ocr_line' id='line_1_56' title="bbox 1038 1926 1893 1994; baseline 0.001 -8"><span class='ocrx_word' id='word_1_345' title='bbox 1038 1955 1090 1986; x_wconf 82' lang='lat' dir='ltr'>tia</span> <span class='ocrx_word' id='word_1_346' title='bbox 1126 1950 1280 1994; x_wconf 87' lang='lat' dir='ltr'>diceret,</span> <span class='ocrx_word' id='word_1_347' title='bbox 1303 1953 1340 1985; x_wconf 91' lang='lat' dir='ltr'>et</span> <span class='ocrx_word' id='word_1_348' title='bbox 1377 1950 1430 1986; x_wconf 91' lang='lat' dir='ltr'>sic</span> <span class='ocrx_word' id='word_1_349' title='bbox 1463 1950 1631 1987; x_wconf 87' lang='lat' dir='ltr'>Christus</span> <span class='ocrx_word' id='word_1_350' title='bbox 1656 1952 1704 1987; x_wconf 89' lang='lat' dir='ltr'>ab</span> <span class='ocrx_word' id='word_1_351' title='bbox 1736 1950 1820 1987; x_wconf 88' lang='lat' dir='ltr'>aliis</span> <span class='ocrx_word' id='word_1_352' title='bbox 1887 1926 1893 1950; x_wconf 36' lang='grc' dir='ltr'><strong><em>ἓ</em></strong></span> 
     </span>
    </p>
   </div>
   <div class='ocr_carea' id='block_1_12' title="bbox 1039 1998 1822 2232">
    <p class='ocr_par' dir='ltr' id='par_1_13' title="bbox 1039 1998 1822 2232">
     <span class='ocr_line' id='line_1_57' title="bbox 1041 1998 1820 2044; baseline 0 -10"><span class='ocrx_word' id='word_1_353' title='bbox 1041 2000 1343 2043; x_wconf 83' lang='lat' dir='ltr'>cognosceretur.</span> <span class='ocrx_word' id='word_1_354' title='bbox 1362 1999 1405 2033; x_wconf 93' lang='lat' dir='ltr'>In</span> <span class='ocrx_word' id='word_1_355' title='bbox 1437 2008 1509 2044; x_wconf 92' lang='lat' dir='ltr'>quo</span> <span class='ocrx_word' id='word_1_356' title='bbox 1534 1998 1820 2034; x_wconf 84' lang='lat' dir='ltr'>commendatur</span> 
     </span>
     <span class='ocr_line' id='line_1_58' title="bbox 1039 2044 1819 2091; baseline 0 -10"><span class='ocrx_word' id='word_1_357' title='bbox 1039 2047 1058 2081; x_wconf 89' lang='lat' dir='ltr'>J</span> <span class='ocrx_word' id='word_1_358' title='bbox 1064 2044 1197 2081; x_wconf 88' lang='lat' dir='ltr'>oannis</span> <span class='ocrx_word' id='word_1_359' title='bbox 1213 2044 1436 2087; x_wconf 87' lang='lat' dir='ltr'>constantia,</span> <span class='ocrx_word' id='word_1_360' title='bbox 1455 2044 1542 2091; x_wconf 92' lang='lat' dir='ltr'>quia</span> <span class='ocrx_word' id='word_1_361' title='bbox 1558 2056 1634 2081; x_wconf 90' lang='lat' dir='ltr'>non</span> <span class='ocrx_word' id='word_1_362' title='bbox 1648 2055 1724 2081; x_wconf 89' lang='lat' dir='ltr'>una</span> <span class='ocrx_word' id='word_1_363' title='bbox 1743 2044 1819 2090; x_wconf 90' lang='lat' dir='ltr'>die,</span> 
     </span>
     <span class='ocr_line' id='line_1_59' title="bbox 1041 2091 1819 2138; baseline 0 -10"><span class='ocrx_word' id='word_1_364' title='bbox 1041 2103 1111 2128; x_wconf 89' lang='lat' dir='ltr'>nec</span> <span class='ocrx_word' id='word_1_365' title='bbox 1137 2091 1253 2128; x_wconf 87' lang='lat' dir='ltr'>semel</span> <span class='ocrx_word' id='word_1_366' title='bbox 1282 2095 1440 2137; x_wconf 90' lang='lat' dir='ltr'>tantum,</span> <span class='ocrx_word' id='word_1_367' title='bbox 1465 2093 1530 2128; x_wconf 91' lang='lat' dir='ltr'>sed</span> <span class='ocrx_word' id='word_1_368' title='bbox 1560 2092 1731 2138; x_wconf 86' lang='lat' dir='ltr'>pluribus</span> <span class='ocrx_word' id='word_1_369' title='bbox 1764 2091 1819 2128; x_wconf 93' lang='lat' dir='ltr'>di-</span> 
     </span>
     <span class='ocr_line' id='line_1_60' title="bbox 1044 2138 1820 2185; baseline 0 -10"><span class='ocrx_word' id='word_1_370' title='bbox 1044 2140 1149 2183; x_wconf 80' lang='lat' dir='ltr'>ebus,</span> <span class='ocrx_word' id='word_1_371' title='bbox 1172 2143 1209 2174; x_wconf 89' lang='lat' dir='ltr'>et</span> <span class='ocrx_word' id='word_1_372' title='bbox 1243 2138 1445 2182; x_wconf 84' lang='lat' dir='ltr'>multoties,</span> <span class='ocrx_word' id='word_1_373' title='bbox 1474 2140 1620 2176; x_wconf 83' lang='lat' dir='ltr'>Christo</span> <span class='ocrx_word' id='word_1_374' title='bbox 1646 2139 1820 2185; x_wconf 88' lang='lat' dir='ltr'>perhibe-</span> 
     </span>
     <span class='ocr_line' id='line_1_61' title="bbox 1041 2185 1822 2232; baseline 0 -10"><span class='ocrx_word' id='word_1_375' title='bbox 1041 2187 1107 2223; x_wconf 91' lang='lat' dir='ltr'>bat</span> <span class='ocrx_word' id='word_1_376' title='bbox 1124 2185 1397 2222; x_wconf 87' lang='lat' dir='ltr'>testimonium.</span> <span class='ocrx_word' id='word_1_377' title='bbox 1420 2186 1524 2222; x_wconf 91' lang='lat' dir='ltr'>Unde</span> <span class='ocrx_word' id='word_1_378' title='bbox 1548 2186 1722 2222; x_wconf 89' lang='lat' dir='ltr'>subditur</span> <span class='ocrx_word' id='word_1_379' title='bbox 1741 2186 1822 2232; x_wconf 89' lang='lat' dir='ltr'>ejus</span> 
     </span>
    </p>
   </div>
   <div class='ocr_carea' id='block_1_13' title="bbox 1047 2232 1877 2279">
    <p class='ocr_par' dir='ltr' id='par_1_14' title="bbox 1047 2232 1877 2279">
     <span class='ocr_line' id='line_1_62' title="bbox 1047 2232 1877 2279; baseline 0 -10"><span class='ocrx_word' id='word_1_380' title='bbox 1047 2233 1301 2270; x_wconf 86' lang='lat' dir='ltr'>testimonium</span> <span class='ocrx_word' id='word_1_381' title='bbox 1319 2233 1453 2269; x_wconf 88' lang='lat' dir='ltr'>iterato</span> <span class='ocrx_word' id='word_1_382' title='bbox 1467 2233 1618 2276; x_wconf 78' lang='lat' dir='ltr'>factum,</span> <span class='ocrx_word' id='word_1_383' title='bbox 1638 2232 1725 2279; x_wconf 88' lang='lat' dir='ltr'>quia</span> <span class='ocrx_word' id='word_1_384' title='bbox 1739 2243 1822 2269; x_wconf 91' lang='lat' dir='ltr'>cum</span> <span class='ocrx_word' id='word_1_385' title='bbox 1875 2275 1877 2277; x_wconf 21' lang='lat'><strong><em>¹</em></strong></span> 
     </span>
    </p>
   </div>
   <div class='ocr_carea' id='block_1_14' title="bbox 1042 2281 1823 2796">
    <p class='ocr_par' dir='ltr' id='par_1_15' title="bbox 1042 2281 1823 2796">
     <span class='ocr_line' id='line_1_63' title="bbox 1042 2281 1822 2324; baseline 0 -8"><span class='ocrx_word' id='word_1_386' title='bbox 1042 2281 1188 2316; x_wconf 90' lang='lat' dir='ltr'>viderat</span> <span class='ocrx_word' id='word_1_387' title='bbox 1224 2282 1366 2324; x_wconf 88' lang='lat' dir='ltr'>Jesum,</span> <span class='ocrx_word' id='word_1_388' title='bbox 1403 2281 1495 2316; x_wconf 78' lang='lat' dir='ltr'>dicit</span> <span class='ocrx_word' id='word_1_389' title='bbox 1527 2293 1538 2315; x_wconf 88' lang='grc'>.-</span> <span class='ocrx_word' id='word_1_390' title='bbox 1564 2282 1653 2316; x_wconf 83' lang='lat' dir='ltr'>Ecce</span> <span class='ocrx_word' id='word_1_391' title='bbox 1693 2281 1822 2324; x_wconf 70' lang='lat' dir='ltr'>Aqnus</span> 
     </span>
     <span class='ocr_line' id='line_1_64' title="bbox 1045 2327 1821 2373; baseline 0 -10"><span class='ocrx_word' id='word_1_392' title='bbox 1045 2330 1123 2364; x_wconf 79' lang='lat' dir='ltr'>Dei.</span> <span class='ocrx_word' id='word_1_393' title='bbox 1146 2329 1239 2363; x_wconf 89' lang='lat' dir='ltr'>Ecce</span> <span class='ocrx_word' id='word_1_394' title='bbox 1256 2338 1391 2364; x_wconf 84' lang='lat' dir='ltr'>vervex</span> <span class='ocrx_word' id='word_1_395' title='bbox 1422 2327 1486 2373; x_wconf 88' lang='lat' dir='ltr'>qui</span> <span class='ocrx_word' id='word_1_396' title='bbox 1517 2327 1731 2373; x_wconf 85' lang='lat' dir='ltr'>sequendus</span> <span class='ocrx_word' id='word_1_397' title='bbox 1751 2329 1821 2372; x_wconf 89' lang='lat' dir='ltr'>est,</span> 
     </span>
     <span class='ocr_line' id='line_1_65' title="bbox 1043 2373 1823 2421; baseline -0.001 -10"><span class='ocrx_word' id='word_1_398' title='bbox 1043 2375 1138 2411; x_wconf 84' lang='lat' dir='ltr'>sicut</span> <span class='ocrx_word' id='word_1_399' title='bbox 1182 2375 1254 2411; x_wconf 90' lang='lat' dir='ltr'>dux</span> <span class='ocrx_word' id='word_1_400' title='bbox 1300 2374 1438 2421; x_wconf 85' lang='lat' dir='ltr'>gregis.</span> <span class='ocrx_word' id='word_1_401' title='bbox 1478 2374 1646 2410; x_wconf 89' lang='lat' dir='ltr'>Breviter</span> <span class='ocrx_word' id='word_1_402' title='bbox 1686 2373 1823 2421; x_wconf 87' lang='lat' dir='ltr'>repetit</span> 
     </span>
     <span class='ocr_line' id='line_1_66' title="bbox 1045 2421 1822 2467; baseline -0.003 -9"><span class='ocrx_word' id='word_1_403' title='bbox 1045 2422 1284 2467; x_wconf 84' lang='lat' dir='ltr'>Evangelista</span> <span class='ocrx_word' id='word_1_404' title='bbox 1297 2421 1568 2466; x_wconf 90' lang='lat' dir='ltr'>testimonium,</span> <span class='ocrx_word' id='word_1_405' title='bbox 1581 2421 1680 2467; x_wconf 87' lang='lat' dir='ltr'>quod</span> <span class='ocrx_word' id='word_1_406' title='bbox 1701 2421 1822 2457; x_wconf 84' lang='lat' dir='ltr'>fuerat</span> 
     </span>
     <span class='ocr_line' id='line_1_67' title="bbox 1043 2467 1821 2563; baseline -0.001 -11"><span class='ocrx_word' id='word_1_407' title='bbox 1043 2467 1821 2563; x_wconf 46' lang='lat'>{332352333033325333533331251300551</span> 
     </span>
     <span class='ocr_line' id='line_1_68' title="bbox 1044 2543 1819 2610; baseline -0.003 -10"><span class='ocrx_word' id='word_1_408' title='bbox 1044 2563 1107 2610; x_wconf 89' lang='lat' dir='ltr'>qui</span> <span class='ocrx_word' id='word_1_409' title='bbox 1129 2563 1226 2599; x_wconf 92' lang='lat' dir='ltr'>tollit</span> <span class='ocrx_word' id='word_1_410' title='bbox 1258 2566 1410 2610; x_wconf 86' lang='lat' dir='ltr'>peccata</span> <span class='ocrx_word' id='word_1_411' title='bbox 1431 2562 1573 2606; x_wconf 87' lang='lat' dir='ltr'>mundi,</span> <span class='ocrx_word' id='word_1_412' title='bbox 1594 2543 1688 2599; x_wconf 65' lang='lat' dir='ltr'>sicut</span> <span class='ocrx_word' id='word_1_413' title='bbox 1708 2571 1819 2608; x_wconf 89' lang='lat' dir='ltr'>supra</span> 
     </span>
     <span class='ocr_line' id='line_1_69' title="bbox 1044 2609 1820 2656; baseline -0.001 -10"><span class='ocrx_word' id='word_1_414' title='bbox 1044 2615 1100 2647; x_wconf 91' lang='lat' dir='ltr'>est</span> <span class='ocrx_word' id='word_1_415' title='bbox 1122 2610 1305 2647; x_wconf 89' lang='lat' dir='ltr'>habitum.</span> <span class='ocrx_word' id='word_1_416' title='bbox 1327 2611 1398 2647; x_wconf 90' lang='lat' dir='ltr'>Per</span> <span class='ocrx_word' id='word_1_417' title='bbox 1430 2612 1612 2646; x_wconf 83' lang='lat' dir='ltr'>Joannem</span> <span class='ocrx_word' id='word_1_418' title='bbox 1642 2609 1820 2656; x_wconf 78' lang='lat' dir='ltr'>praedica-</span> 
     </span>
     <span class='ocr_line' id='line_1_70' title="bbox 1044 2656 1816 2704; baseline -0.003 -11"><span class='ocrx_word' id='word_1_419' title='bbox 1044 2661 1104 2694; x_wconf 89' lang='lat' dir='ltr'>tor</span> <span class='ocrx_word' id='word_1_420' title='bbox 1123 2657 1315 2703; x_wconf 86' lang='lat' dir='ltr'>Evangelii</span> <span class='ocrx_word' id='word_1_421' title='bbox 1341 2657 1571 2704; x_wconf 87' lang='lat' dir='ltr'>designatur.</span> <span class='ocrx_word' id='word_1_422' title='bbox 1594 2658 1638 2693; x_wconf 88' lang='lat' dir='ltr'>Et</span> <span class='ocrx_word' id='word_1_423' title='bbox 1660 2667 1728 2703; x_wconf 90' lang='lat' dir='ltr'>per</span> <span class='ocrx_word' id='word_1_424' title='bbox 1746 2656 1816 2692; x_wconf 85' lang='lat' dir='ltr'>hoc</span> 
     </span>
     <span class='ocr_line' id='line_1_71' title="bbox 1044 2703 1816 2750; baseline -0.003 -10"><span class='ocrx_word' id='word_1_425' title='bbox 1044 2706 1144 2750; x_wconf 89' lang='lat' dir='ltr'>quod</span> <span class='ocrx_word' id='word_1_426' title='bbox 1171 2705 1320 2748; x_wconf 89' lang='lat' dir='ltr'>dicitur,</span> <span class='ocrx_word' id='word_1_427' title='bbox 1341 2704 1402 2741; x_wconf 92' lang='lat' dir='ltr'>hic</span> <span class='ocrx_word' id='word_1_428' title='bbox 1425 2705 1561 2748; x_wconf 86' lang='lat' dir='ltr'>stabat,</span> <span class='ocrx_word' id='word_1_429' title='bbox 1581 2707 1618 2740; x_wconf 90' lang='lat' dir='ltr'>et</span> <span class='ocrx_word' id='word_1_430' title='bbox 1645 2703 1738 2740; x_wconf 92' lang='lat' dir='ltr'>vidit</span> <span class='ocrx_word' id='word_1_431' title='bbox 1755 2704 1816 2739; x_wconf 87' lang='lat' dir='ltr'>Je-</span> 
     </span>
     <span class='ocr_line' id='line_1_72' title="bbox 1044 2750 1816 2796; baseline -0.003 -9"><span class='ocrx_word' id='word_1_432' title='bbox 1044 2762 1126 2787; x_wconf 92' lang='lat' dir='ltr'>sum</span> <span class='ocrx_word' id='word_1_433' title='bbox 1162 2751 1430 2796; x_wconf 87' lang='lat' dir='ltr'>ambulantem,</span> <span class='ocrx_word' id='word_1_434' title='bbox 1469 2754 1507 2788; x_wconf 91' lang='lat' dir='ltr'>et</span> <span class='ocrx_word' id='word_1_435' title='bbox 1546 2750 1638 2787; x_wconf 82' lang='lat' dir='ltr'>dixit</span> <span class='ocrx_word' id='word_1_436' title='bbox 1671 2762 1679 2786; x_wconf 88' lang='lat'>:</span> <span class='ocrx_word' id='word_1_437' title='bbox 1725 2750 1816 2785; x_wconf 86' lang='lat' dir='ltr'>Ecce</span> 
     </span>
    </p>
   </div>
   <div class='ocr_carea' id='block_1_15' title="bbox 191 2794 1815 2846">
    <p class='ocr_par' dir='ltr' id='par_1_16' title="bbox 191 2794 1815 2846">
     <span class='ocr_line' id='line_1_73' title="bbox 191 2794 1815 2846; baseline -0.004 -7"><span class='ocrx_word' id='word_1_438' title='bbox 191 2806 317 2839; x_wconf 81' lang='lat' dir='ltr'>tacere</span> <span class='ocrx_word' id='word_1_439' title='bbox 344 2800 494 2837; x_wconf 84' lang='lat' dir='ltr'>laudem</span> <span class='ocrx_word' id='word_1_440' title='bbox 520 2797 726 2845; x_wconf 87' lang='lat' dir='ltr'>propriam,</span> <span class='ocrx_word' id='word_1_441' title='bbox 748 2796 805 2833; x_wconf 90' lang='lat' dir='ltr'>vel</span> <span class='ocrx_word' id='word_1_442' title='bbox 836 2796 968 2833; x_wconf 88' lang='lat' dir='ltr'>saltem</span> <span class='ocrx_word' id='word_1_443' title='bbox 1041 2799 1168 2844; x_wconf 84' lang='lat' dir='ltr'>Agnus</span> <span class='ocrx_word' id='word_1_444' title='bbox 1195 2798 1275 2846; x_wconf 89' lang='lat' dir='ltr'>Dei,</span> <span class='ocrx_word' id='word_1_445' title='bbox 1297 2798 1530 2845; x_wconf 85' lang='lat' dir='ltr'>significatur</span> <span class='ocrx_word' id='word_1_446' title='bbox 1554 2797 1654 2845; x_wconf 88' lang='lat' dir='ltr'>quod</span> <span class='ocrx_word' id='word_1_447' title='bbox 1681 2794 1815 2844; x_wconf 87' lang='lat' dir='ltr'>praedi·</span> 
     </span>
    </p>
   </div>
  </div>
 </body>
</html>
