1902 3126
178 150 238 185 200
657 149 801 182 PRIMAE
838 148 1175 184 PARTIS’CAPUT
1213 146 1316 180 XXI'I

178 217 299 255 omnis
325 217 465 262 peccati
495 220 531 252 et
562 215 679 252 ruinae
714 217 873 262 occasio,
906 218 952 254 ad

178 275 289 311 quain
313 267 432 309 potest
462 263 599 298 offendi
623 264 777 300 affectus
803 265 951 309 mentis,

178 311 330 347 nomine
371 310 464 355 lapis
503 311 734 356 intelligitur.
766 313 828 347 Est
866 323 953 358 ergo

179 368 325 400 sensns,
350 358 447 402 qnod
470 358 622 402 Angelis
648 359 836 394 mandavit
857 361 953 395 Dens

178 409 217 442 ut
239 405 448 440 custodiant
467 405 810 451 hominemjustum
829 417 850 441 a
869 417 953 451 pec-

179 451 285 496 catis,
300 462 372 486 non
389 452 487 496 quod
501 454 745 488 bonushomo
759 453 954 488 confidens

180 499 226 534 de
241 499 409 534 custodia
424 500 646 543 Angelorum
663 500 795 535 deliteat
812 511 850 535 se
864 511 956 545 pra*-

180 546 307 592 cipitio
323 556 509 591 exponere
525 547 571 581 ad
587 547 862 591 sug-*gestionem
885 548 956 581 dir-

179 603 346 629 monum.
371 595 419 628 Ex
442 603 513 638 quo
536 594 630 636 loco,
655 598 690 629 et
710 594 800 629 illud
823 605 956 637 rogno-

182 639 311 681 scitur,
330 640 416 685 quia
438 640 483 675 ad
505 640 786 676 custodiendum
807 642 957 676 Sani-to-

181 698 265 723 rum
297 691 426 730 vitani,
455 687 582 732 Angeli
604 688 841 733 deputantur.
863 687 956 721 Male

182 745 271 778 ergo
302 734 569 779 interpretatur
595 734 765 769 diabolus
792 734 955 778 Scriptu-

182 791 277 824 rain,
301 785 335 815 et
358 781 585 815 intellectum
607 782 686 825 ejus
708 782 898 826 pervertit,
922 782 958 814 et

183 827 532 872 sicimpertinenter
547 828 738 871 allegavit,
757 827 845 862 item
866 827 955 861 alle-

182 874 280 920 gai-ii
311 874 545 919 incomplete,
570 875 657 918 quia
685 874 753 908 etsi
785 877 881 908 esset
912 873 957 907 de

183 921 343 962 Christo,
380 921 489 955 etiain
526 921 615 955 illud
652 921 749 965 quod
790 919 958 965 sequitur

182 968 360 1003 debuerat
392 967 620 1009 meminisse,
647 966 787 1002 scilicet
810 978 817 1001 ε
842 970 959 1011 Super

181 1016 345 1059 aspidem
375 1017 407 1047 ct
442 1014 651 1048 basiliscum
682 1015 900 1054 ambulabis,
926 1017 959 1048 ct

182 1060 406 1096 conculcabis
433 1061 565 1094 leonem
588 1064 620 1094 et
649 1061 853 1095 draconem.
880 1062 958 1105 lpse

182 1107 279 1142 enim
303 1106 474 1141 diabolus
495 1110 551 1142 est
572 1106 671 1151 aspis
693 1112 727 1142 et
749 1107 957 1151 basiliscus,

182 1154 260 1199 ipse
272 1154 328 1187 leo
339 1156 373 1187 et
385 1154 510 1192 draco,
524 1153 959 1198 quemintentationibus

182 1199 350 1236 Christus
393 1201 621 1235 conculcavit
641 1213 648 1244 ;
689 1201 774 1237 ideo
813 1206 959 1247 partein

182 1247 382 1292 Scriptura}
405 1258 486 1291 siuas
507 1257 574 1292 pro
597 1258 635 1282 se
660 1248 745 1283 facit
766 1252 960 1293 tamquam

185 1295 368 1339 superbus
402 1293 556 1336 inducit,
578 1298 723 1339 partem
757 1306 844 1330 vero
879 1306 961 1339 quse

185 1345 315 1376 contra
336 1352 373 1375 se
394 1345 447 1375 est
469 1345 660 1385 tamquam
676 1346 820 1377 astutus
841 1341 963 1376 dimit-

183 1387 240 1423 tit.
268 1389 358 1422 Nam
381 1388 425 1422 de
447 1388 673 1433 Angelorum
697 1388 833 1423 auxilio
856 1387 961 1433 quasi

186 1434 232 1471 ad
254 1434 447 1469 intirmum
471 1435 648 1479 loquitur,
666 1435 710 1470 de
733 1437 787 1470 sui
811 1435 962 1470 concul-

185 1481 333 1517 catione
361 1481 466 1526 quasi
489 1481 756 1527 tergiversator
779 1485 888 1517 tacet.

236 1532 273 1571 ili
295 1530 474 1563 TENTATiO
493 1530 558 1563 Dffl
580 1540 813 1564 rnonmnrun.
830 1549 875 1554 —
892 1528 963 1564 Sed

187 1578 223 1611 et
237 1575 312 1618 hic,
329 1586 412 1610 secu
422 1577 533 1610 ndum
551 1577 821 1620 Hieronymum,
836 1579 962 1610 aucto-

185 1621 295 1657 ritate
318 1622 514 1667 Scripturae
538 1622 774 1658 adversarius
799 1622 962 1657 devinci-

186 1671 260 1712 tur,
284 1672 320 1704 et
350 1679 415 1704 sua
450 1669 654 1704 intentione
687 1670 900 1704 frustratur.
924 1671 963 1704 In

186 1715 360 1752 omnibus
396 1715 453 1750 his
492 1715 762 1752 tentationibus
793 1716 964 1751 diabolus

183 1763 256 1798 hoc
274 1762 414 1807 agit,ut
430 1762 614 1808 intelligat
629 1762 658 1798 si
678 1763 791 1798 Filius
810 1763 874 1798 Dei
894 1765 962 1807 sit;

187 1809 253 1845 sed
274 1809 454 1845 Dominus
478 1809 764 1855 responsionem
796 1809 848 1845 sic
868 1813 962 1845 tem—

186 1861 307 1902 perat,
332 1859 370 1891 ut
398 1866 482 1891 eum
516 1857 733 1901 ambiguum
760 1857 961 1902 relinquat.

188 1903 292 1939 Unde
314 1903 546 1948 respondens
571 1905 625 1938 ait
646 1905 705 1938 ilci
727 1906 848 1939 Jesus:
869 1906 963 1940 Rur-

186 1960 266 1985 sum
297 1952 474 1995 scrc'ptum
495 1954 559 1991 est,
587 1954 625 1986 et
646 1950 801 1995 dictum,
824 1950 965 1986 scilieet

187 1996 339 2033 cuilibet
365 1996 510 2032 homini
533 2008 540 2032 ε
563 1999 643 2035 Non
664 1999 821 2033 tentabis
842 2000 964 2033 Domi-

187 2054 273 2079 num
309 2046 420 2078 Deum
458 2048 571 2085 tuum,
610 2044 750 2080 scilicet
786 2044 966 2090 quamdiu

187 2090 296 2126 aliter
333 2091 492 2126 evadere
528 2091 692 2136 poteris,
729 2102 798 2137 ego
840 2095 965 2127 antem

185 2137 300 2172 homo
323 2148 418 2181 sum,
441 2141 477 2172 et
497 2138 606 2173 aliter
631 2149 784 2184 possum
807 2139 964 2175 descen-

185 2183 290 2227 dere,
316 2194 428 2228 quam
453 2195 520 2229 per
539 2185 761 2230 Jactantiam
783 2196 843 2221 me
866 2196 965 2232 prae-

188 2229 357 2276 cipitare‚
381 2233 418 2266 et
444 2231 526 2266 ideo
553 2232 640 2267 nolo
661 2233 779 2268 Deum
805 2236 963 2268 tentare.

187 2276 441 2322 Multipliciter
462 2280 588 2313 autem
610 2278 692 2323 quis
712 2282 845 2323 tentat,
865 2279 965 2315 scili—

187 2326 268 2360 cet:
298 2323 465 2359 indebite
491 2324 720 2369 explorando
744 2325 809 2361 Dei
830 2329 964 2372 poten-

188 2369 295 2414 tiam,
310 2370 369 2406 vel
387 2370 553 2406 indebite
573 2372 796 2417 experiendo
810 2374 891 2419 eJus
905 2385 965 2410 vo-

189 2416 386 2461 luntatem,
403 2418 458 2453 vet
470 2417 635 2453 indebite
650 2418 872 2464 inquirendo
885 2421 966 2466 ejus

187 2463 425 2509 sapientiam,
449 2463 505 2499 vel
547 2464 714 2500 indebite
741 2466 965 2511 experiendo

189 2511 289 2557 quod
303 2510 424 2556 poscit
436 2511 535 2557 apud
550 2512 681 2547 Deum.
696 2513 767 2548 Sed
782 2514 862 2549 haec
881 2517 966 2550 sunt

187 2556 355 2602 vitanda,
377 2557 556 2603 quamdiu
576 2558 689 2594 homo
707 2559 821 2595 habet
838 2571 881 2595 ex
900 2561 965 2596 hu-

185 2614 300 2640 mana
320 2604 466 2641 ratione
487 2608 522 2640 et
543 2605 718 2641 facultate
737 2606 838 2642 aliud
865 2608 965 2652 quod

190 2651 314 2688 faciat.
326 2652 429 2688 Unde
440 2651 501 2688 hic
512 2656 568 2688 est
579 2656 855 2698 argumentum,
865 2655 964 2699 quod

191 2699 502 2745 quandocumque
534 2699 647 2736 homo
678 2700 794 2736 habet
824 2699 964 2746 aliquid

191 2745 293 2791 quod
323 2750 447 2792 potest
471 2746 608 2794 facere,
642 2747 846 2784 secundum
866 2749 965 2784 viam

1027 217 1203 252 humanae
1239 214 1414 257 rationis,
1452 212 1509 248 vel
1544 213 1709 258 consilii,
1746 213 1804 250 vel

1027 262 1168 306 auxilii,
1182 263 1227 298 ad
1247 261 1477 297 evadendum
1497 259 1805 305 perleulum,non

1029 312 1139 347 debet
1159 310 1250 345 illud
1275 309 1460 352 omittere,
1483 307 1685 352 quaerendo
1710 306 1804 342 divi-

1028 369 1115 393 nuni
1138 356 1454 403 experimentum,
1479 354 1580 399 quia,
1601 354 1805 390 secundum

1027 406 1288 447 Augsztstinunz‚
1318 402 1346 438 si
1377 402 1597 447 periculum,
1622 403 1805 446 quantum

1029 451 1148 487 caveri
1169 453 1302 496 potest,
1316 460 1390 485 non
1409 451 1570 491 caveret,
1585 449 1704 492 magis
1721 450 1804 483 ten-

1030 502 1124 533 taret
1148 500 1264 533 Deum
1287 507 1396 541 quain
1422 495 1459 530 in
1483 497 1598 531 Deum
1621 496 1802 540 speraret.

1030 545 1146 586 Unde,
1176 544 1345 588 quamvis
1383 544 1480 577 Deus
1513 541 1641 577 omnia
1672 540 1804 587 possit,

1030 591 1221 636 discipulis
1241 594 1367 625 tamen
1389 588 1464 624 suis
1483 589 1535 624 ait
1559 600 1565 623 :
1586 590 1627 625 Si
1643 600 1705 624 vos
1723 598 1804 634 per·-

1029 640 1142 673 secuta·
1173 638 1316 679 fuerint
1339 637 1377 669 in
1410 637 1556 670 civitate
1579 637 1665 673 ista.
1689 637 1807 679 fuqite

1030 687 1067 719 in
1087 685 1213 718 aliurn.
1234 684 1277 717 Et
1298 682 1376 727 ipse
1395 681 1494 716 idem
1517 681 1609 725 sugit
1629 685 1663 717 et
1684 681 1804 717 latuit.

1033 733 1073 765 Et
1095 733 1248 776 propter
1261 729 1331 764 hoc
1349 728 1516 773 probatio
1539 727 1626 763 t'erri
1647 728 1807 763 canden-

1031 778 1078 813 tis
1105 781 1140 812 et
1167 775 1462 818 monomachiae,
1490 775 1527 810 id
1564 778 1638 819 est,
1676 774 1804 819 duelli,

1034 829 1222 869 tamquam
1242 822 1371 858 illicita
1391 822 1637 868 prohibentur
1654 821 1691 856 in
1706 822 1805 867 Jure.

1033 871 1069 907 Si
1085 882 1172 906 vero
1193 870 1318 906 deficit
1335 871 1499 905 humana
1518 868 1613 904 ratio
1632 871 1668 904 et
1688 867 1808 914 provi-

1032 918 1173 961 dentia,
1187 919 1351 953 ethome
1370 917 1572 951 nonhabet
1591 915 1690 951 aliud
1707 914 1807 960 quod

1032 965 1155 1009 saciat,
1179 970 1264 1000 tunc
1289 974 1419 1000 secure
1444 964 1490 998 ad
1514 963 1579 998 Dei
1601 961 1808 1008 potentiam

1034 1024 1072 1047 50
1087 1015 1294 1055 convertat,
1310 1015 1345 1046 et
1361 1021 1436 1045 sure
1452 1009 1696 1056 providentiae
1709 1018 1808 1044 com-

1033 1060 1169 1102 mittat,
1184 1069 1259 1094 non
1276 1058 1468 1101 tentando,
1483 1057 1547 1092 sed
1568 1057 1700 1092 devote
1720 1066 1808 1091 con-

1034 1107 1190 1149 fitendo,
1212 1105 1299 1151 quia
1319 1105 1371 1140 sic
1392 1116 1468 1140 non
1487 1107 1543 1140 est
1563 1103 1726 1139 dicenda
1743 1101 1810 1139 Dei

1032 1154 1203 1188 tentatio.

1086 1204 1124 1234 15
1161 1201 1235 1234 PER
1268 1211 1480 1234 PATIENTIAM
1514 1209 1711 1233 VINCENDUS
1748 1209 1810 1232 EST

1035 1258 1220 1281 DIABOLL's.
1241 1247 1370 1281 —Sed
1393 1246 1480 1290 quia
1500 1245 1669 1280 Christus
1690 1245 1813 1280 adhuc

1036 1294 1198 1328 habebat
1218 1293 1305 1337 quid
1324 1293 1476 1335 faceret,
1493 1291 1580 1336 quia
1600 1291 1687 1326 boni
1706 1293 1813 1327 erant

1037 1340 1086 1375 ibi
1119 1339 1272 1384 gradus,
1305 1349 1373 1384 per
1403 1349 1495 1383 quos
1530 1338 1576 1373 de
1611 1337 1812 1382 pinnaculo
1854 1356 1857 1357 ⁷

1037 1386 1264 1421 descendere
1288 1389 1449 1430 poterat,
1472 1384 1555 1420 ideo
1584 1385 1734 1421 diabolo
1762 1384 1816 1421 sie

1037 1433 1302 1479 respondebat.
1321 1432 1388 1468 Ubi
1405 1433 1701 1476 Chrysostomus:
1717 1445 1735 1465 α
1756 1431 1815 1468 Ni-

1036 1480 1087 1515 hil
1110 1483 1246 1519 motus,
1269 1479 1361 1514 nihil
1389 1479 1619 1524 indignatus,
1640 1479 1705 1514 sed
1728 1489 1815 1515 cum

1037 1528 1154 1563 multa
1165 1526 1347 1562 modestia
1358 1526 1635 1571 Scripturarum
1645 1525 1677 1561 ei
1687 1536 1814 1562 rursus

1037 1585 1126 1609 voce
1153 1573 1376 1618 respondet,
1407 1583 1475 1608 nos
1503 1572 1631 1617 utique
1659 1573 1812 1617 docens,

1038 1621 1126 1666 quia
1152 1620 1340 1656 diabolum
1368 1630 1434 1665 per
1454 1619 1675 1666 patientiam
1702 1622 1815 1665 atque

1036 1667 1291 1710 tolerantiam,
1308 1677 1383 1702 non
1404 1677 1469 1712 per
1485 1666 1607 1712 signa,
1623 1666 1812 1713 superari3

1038 1714 1206 1759 nihilque
1249 1714 1296 1749 ad
1336 1713 1628 1749 ostentationem
1670 1713 1813 1760 nostri,

1036 1767 1148 1807 atque
1163 1761 1210 1796 ad
1232 1771 1399 1796 amorem
1415 1761 1538 1796 facere
1559 1760 1771 1806 gloriando.
1792 1773 1811 1793 »

1037 1811 1081 1844 Et
1101 1809 1237 1844 iterum
1255 1820 1261 1844 :
1284 1822 1302 1840 «
1323 1807 1456 1853 Aspice
1478 1811 1603 1843 autem
1624 1808 1814 1853 quomodo

1037 1867 1113 1891 non
1139 1856 1311 1891 turbatus
1338 1858 1394 1890 est
1426 1854 1624 1898 Dominus,
1659 1854 1745 1890 imo
1769 1855 1816 1891 de

1038 1902 1237 1948 Scripturis
1258 1901 1466 1937 humillime
1488 1912 1570 1937 cum
1590 1901 1718 1947 iniquo
1739 1902 1815 1938 dis-

1037 1952 1184 1995 ceptat,
1225 1951 1261 1984 et
1297 1948 1542 1984 conformeris
1568 1948 1714 1985 Christo
1747 1959 1815 1995 pro

1037 2007 1159 2042 posse.
1190 1995 1298 2031 Novit
1334 1995 1505 2031 diabolus
1531 2006 1637 2031 arma
1663 1995 1815 2041 Christi,

1038 2043 1173 2089 quibus
1202 2042 1409 2079 succubuit.
1442 2044 1492 2078 Ex
1525 2042 1816 2079 mansuetudine

1038 2101 1124 2126 eum
1151 2090 1260 2136 cepit,
1285 2100 1328 2125 ex
1353 2089 1564 2125 humilitate
1590 2089 1750 2134 devicit;
1772 2092 1815 2126 tu

1039 2148 1187 2183 quoque
1221 2147 1305 2173 cum
1336 2136 1474 2172 videris
1502 2136 1694 2172 hominem
1722 2136 1814 2173 effe-

1038 2188 1138 2220 ctum
1158 2184 1363 2228 diabolum,
1385 2186 1422 2218 et
1440 2182 1507 2219 tibi
1525 2182 1753 2228 obviantem,
1769 2194 1813 2220 eo

1038 2232 1150 2267 modo
1166 2231 1354 2267 devincas.
1367 2231 1509 2266 Doceas
1527 2230 1692 2266 animam
1710 2233 1815 2267 tuam

1038 2280 1221 2323 formare,
1250 2289 1292 2314 os
1327 2277 1536 2313 concedens
1569 2278 1626 2313 ori
1661 2276 1811 2315 Christi.

1039 2325 1142 2362 Sicut
1173 2325 1273 2361 enim
1307 2335 1390 2361 cum
1425 2325 1619 2360 Romanus
1654 2323 1814 2361 forsitan

1036 2373 1176 2409 residet
1180 2372 1307 2419 J'udex,
1317 2382 1394 2407 non
1407 2370 1578 2407 exaudiet
1589 2381 1813 2418 responsum

1035 2419 1243 2466 ignorantis
1262 2429 1305 2455 eo
1320 2419 1431 2454 modo
1448 2418 1565 2464 loqui,
1584 2418 1636 2454 sic
1655 2421 1692 2454 et
1711 2417 1813 2455 Chri-

1037 2471 1116 2503 stus
1132 2466 1203 2503 nisi
1220 2477 1286 2502 suo
1301 2466 1412 2501 modo
1432 2464 1599 2511 loquaris
1613 2476 1689 2501 non
1705 2475 1812 2502 exau-

1036 2514 1114 2549 diet
1132 2517 1182 2558 te,
1204 2524 1272 2549 nec
1295 2512 1442 2549 vocabit
1460 2516 1497 2548 te
1518 2523 1526 2548 :
1550 2525 1567 2545 »
1593 2513 1673 2548 haee
1697 2513 1810 2557 Chry-

1035 2565 1223 2596 sostomus.
1243 2559 1433 2596 Moraliter
1455 2570 1464 2595 ε
1487 2559 1620 2596 Multos
1639 2558 1812 2595 diabolus

1035 2608 1157 2644 elevat
1177 2607 1214 2643 in
1235 2607 1367 2652 altum,
1390 2609 1429 2642 ut
1451 2605 1594 2642 facilius
1613 2607 1660 2642 ad
1683 2604 1810 2654 gravi-

1036 2665 1140 2691 orem
1148 2655 1275 2691 trahat
1282 2665 1423 2698 casum,
1433 2653 1529 2689 sicut
1539 2654 1666 2689 cornix
1676 2662 1811 2690 nucem

1036 2702 1171 2747 elevat,
1186 2706 1228 2737 ut
1250 2702 1296 2738 ab
1317 2701 1392 2737 alto
1407 2700 1617 2747 dejiciendo
1637 2700 1809 2747 frangat;

1035 2748 1088 2784 sic
1113 2752 1150 2785 et
1172 2748 1276 2795 pugil
1303 2747 1448 2785 socium
1469 2758 1492 2784 a
1516 2751 1620 2785 terra
1638 2747 1810 2784 sublevat
