1902 3126
154 121 210 154 150
635 121 780 154 militi]
819 122 976 156 PARTIS
1012 123 1147 156 CAPUT
1187 123 1287 155 xvlt

150 189 268 234 culpa:
280 188 297 223 ?
308 189 383 233 Ego
405 187 599 233 supplebo,
615 188 703 234 qnia
718 191 926 226 secundum

151 234 397 281 quantitatem
419 238 454 269 et
475 234 696 280 qualitatem
713 236 830 283 culpae
853 248 927 274 me-

152 281 213 317 tiri
230 281 340 317 debet
359 281 549 327 quantitas
568 292 703 328 poenae,
716 284 815 329 quod
832 284 873 320 fit
886 295 926 320 ex

152 327 391 371 discretione,
410 338 491 373 quae
508 329 718 366 necessaria
738 334 793 366 est
815 330 929 376 poeni-

154 374 259 418 tenti,
281 374 375 410 sicut
392 378 429 410 et
455 375 659 412 consessori
687 388 696 412 ι
719 391 737 410 »
766 379 846 414 hoec
869 378 932 415 Pe—

154 425 232 457 trus
255 422 398 458 Cantor.

206 483 242 504 ιι
267 468 462 504 Gmnimo
486 480 528 504 ET
552 480 785 507 corirmizxrm
811 483 929 506 mims

154 526 494 552 nernnnizxnux‘run.
518 537 561 542 —
583 517 654 553 Sed
689 518 778 564 quia
808 517 928 554 Jndaei

153 562 200 598 de
230 562 381 607 generis
421 562 614 599 nobilitate
656 570 691 600 et
731 564 929 601 sanctitate

153 608 373 655 gloriantes,
396 609 537 645 scilicet
561 610 649 656 quia
669 611 714 646 de
740 612 929 647 Abraham

154 656 444 700 descenderunt,
480 667 522 692 ex
551 657 798 702 promissione
834 658 931 693 sacta

154 703 329 746 Abrahae,
365 703 443 738 sine
467 704 642 748 operibus
663 705 820 740 salutem
843 715 930 738 con-

154 749 260 795 sequi
300 751 589 795 prrcsumebant,
620 751 703 786 ideo
739 750 931 796 subjungit

154 797 320 832 Joannes
340 809 350 831 .·
372 799 420 832 Et
440 808 483 831 ne
502 799 679 842 coeperitis
696 798 825 837 dicere,
849 807 930 832 ver-

155 843 203 879 bo
233 843 289 878 vel
318 846 442 878 mente
477 845 577 878 intra
603 854 675 886 vos,
710 854 778 889 per
798 843 930 878 salsam

156 888 297 925 scilicet
326 889 627 933 aestimationem,
648 894 790 935 patrem
823 890 930 924 habe-

154 947 233 971 mus
254 937 456 979 Abraham,
478 936 525 971 de
548 937 628 981 ejus
646 936 790 981 Justitia
811 936 929 972 confi-

154 982 294 1025 dendo,
306 986 398 1017 etex
414 983 482 1017 hoc
501 983 694 1028 vosjustos
708 983 929 1029 reputando,

155 1029 349 1064 credentes
390 1039 456 1064 vos
497 1029 633 1064 salvari
689 1029 769 1065 sine
809 1029 930 1076 operi-

154 1076 222 1111 bus
245 1076 496 1120 poenitentiae:
514 1077 603 1120 qnia
621 1076 700 1111 sine
720 1077 840 1112 fructu
856 1087 933 1122 poe-

155 1121 322 1157 nitentiae
368 1121 490 1157 nullus
536 1123 758 1159 Sanctorum
794 1123 930 1169 poterit

91 1170 95 1172 “
155 1172 373 1214 peccatores
388 1170 546 1205 salvare.
563 1169 622 1206 Sic
638 1174 764 1205 autem
781 1170 930 1206 videtur

154 1215 200 1250 de
228 1215 396 1260 pluribus
421 1215 655 1260 Christianis,
684 1217 745 1262 qui
767 1217 932 1252 devotio-

156 1272 242 1297 nem
256 1261 457 1307 specialem
473 1262 520 1298 ad
533 1263 695 1308 aliquem
710 1265 930 1299 Sanctorum

154 1309 350 1352 habentes,
374 1319 439 1354 per
472 1320 603 1345 eorum
634 1310 768 1346 merita
794 1310 930 1346 salvari

155 1355 312 1391 credunt
327 1357 408 1391 sine
429 1356 603 1402 operibus
624 1357 746 1393 honis.
771 1359 855 1392 Haec
875 1360 932 1393 est

156 1401 255 1437 enim
273 1402 446 1447 gloriatio
468 1404 715 1448 quorumdam
735 1404 930 1449 religioso-

155 1459 254 1492 rum,
278 1450 340 1494 qui
379 1449 590 1494 gloriantur
619 1450 664 1486 de
703 1451 869 1487 bonitate
896 1454 933 1486 et

156 1495 356 1531 sanctitate
373 1497 613 1533 fundatorum
630 1500 666 1532 et
676 1501 824 1543 patrum
846 1508 931 1533 suo-

156 1553 254 1586 rum,
273 1542 405 1594 quibus
424 1543 494 1578 dici
511 1547 658 1589 potest:
681 1544 716 1580 si
736 1544 802 1579 filii
817 1545 933 1580 Abra-

157 1589 216 1624 hae
239 1592 341 1632 estis,
370 1600 485 1635 opera
514 1591 675 1626 Abrahae
702 1591 823 1626 facite.
848 1593 933 1626 Haec

157 1635 270 1671 etiam
285 1640 342 1671 est
360 1637 473 1671 stulta
494 1636 666 1682 gloriatIO
685 1638 933 1683 quorumdam

158 1683 396 1726 miserorum,
430 1683 490 1729 qui
516 1694 610 1719 vane
646 1684 857 1729 gloriantur
888 1685 934 1720 de

159 1732 257 1764 statu
287 1740 439 1765 suorum
464 1730 659 1766 natalium.
686 1731 754 1766 Ubi
782 1733 936 1776 Chryso-

158 1779 317 1811 stemus.-
341 1791 357 1808 «
380 1776 474 1819 Quid
492 1776 594 1813 enim
612 1778 808 1823 prodestei
825 1789 934 1823 quem

159 1822 352 1858 sordidant
373 1834 510 1867 mores,
522 1825 716 1869 generatio
729 1825 938 1861 clara?Aut

160 1869 249 1915 quid
277 1873 385 1905 nocet
407 1870 460 1905 illi
485 1872 677 1915 generatio
705 1872 801 1915 vilis,
825 1883 936 1917 quem

160 1926 286 1951 mores
310 1917 520 1952 adornant?
546 1919 638 1953 Nam
665 1921 701 1953 et
726 1929 863 1954 aurum
890 1919 935 1955 de

159 1966 261 1998 terra
284 1963 462 2007 nascitur,
486 1967 522 1999 et
543 1975 618 2000 non
640 1968 697 2000 est
719 1968 819 2001 terra
839 1977 846 2009 ;
871 1976 935 2002 au-

160 2020 244 2046 rum
273 2010 423 2055 quidem
454 2010 617 2056 eligitur,
651 2014 689 2047 et
721 2016 822 2048 terra
848 2023 936 2048 con-

160 2056 355 2092 temnitur.
378 2057 510 2093 Melius
531 2061 587 2093 est
607 2058 708 2093 enim
730 2060 774 2094 de
797 2059 857 2094 vili
877 2070 938 2105 ge-

160 2113 250 2138 nere
273 2103 414 2139 clarnm
437 2104 533 2148 fieri,
557 2115 668 2151 quam
688 2106 734 2141 de
759 2106 859 2142 claro
877 2117 936 2152 ge-

161 2159 250 2185 nere
263 2151 584 2202 contemptibilem
601 2152 716 2187 nasci.
738 2153 867 2188 Melius
882 2156 938 2189 est

161 2197 286 2248 alicui,
308 2201 347 2231 ut
373 2197 412 2232 in
438 2208 481 2233 eo
508 2198 717 2243 glorientur
745 2204 935 2246 parentes,

161 2253 252 2289 quia
276 2243 389 2278 talem
419 2244 538 2280 filium
570 2245 727 2289 habent,
760 2257 871 2292 quam
900 2250 938 2282 ut

161 2289 240 2336 ipse
280 2291 316 2324 in
340 2290 559 2335 parentibus
594 2291 788 2336 glorietur.
817 2295 875 2330 Sic
901 2297 938 2329 et

161 2347 227 2372 vos
250 2336 366 2372 nolite
384 2336 537 2382 gloriari
562 2338 742 2383 dicentes,
760 2341 847 2385 qnia
866 2352 935 2386 pa-

162 2387 252 2419 trem
280 2384 452 2418 habemus
488 2385 696 2428 Abrahcim;
725 2387 790 2422 sed
818 2387 936 2433 magis

162 2430 386 2474 erubescite,
426 2430 515 2476 quia
553 2431 620 2466 filii
651 2432 740 2468 estis
766 2434 859 2478 ejus,
901 2439 937 2470 et

162 2477 372 2513 sanctitatis
392 2477 473 2523 ejus
488 2489 560 2513 non
578 2478 667 2514 estis
683 2480 864 2515 hoeredcs.
884 2482 937 2516 De

161 2523 345 2560 adulterio
367 2526 465 2559 enim
487 2528 597 2560 natus
615 2525 761 2561 videtur
781 2527 843 2571 qui
861 2539 936 2563 non

160 2570 346 2607 assimilat
379 2575 547 2617 patrem3
587 2575 623 2607 et
655 2572 717 2617 qui
750 2573 935 2609 sanctitati

160 2618 216 2654 sui
238 2617 389 2664 generis
409 2629 485 2654 non
503 2618 744 2664 respondent,
760 2620 935 2655 amittunt

157 2664 308 2710 generis
347 2665 568 2710 dignitatem
591 2676 600 2701 z
628 2679 646 2697 »
669 2667 749 2701 haec
785 2667 935 2711 Chryso-

158 2715 310 2748 stomus.
334 2712 378 2747 Et
395 2712 480 2748 ideo
495 2723 570 2748 non
596 2712 642 2748 de
666 2713 936 2760 propagatione

1005 191 1157 235 carnali,
1181 191 1245 226 sed
1271 190 1317 226 de
1350 188 1560 225 imitatione
1591 185 1776 233 spirituali

1004 241 1060 274 est
1087 237 1371 281 confidendum;
1399 247 1466 272 nec
1492 235 1530 271 in
1559 244 1684 286 carne,
1713 232 1779 285 sed

1004 285 1134 321 infide
1155 284 1391 330 gloriandum
1426 295 1434 318 ε
1472 293 1548 318 non
1578 291 1681 333 enim
1715 289 1780 326 qul

1005 343 1132 368 semen
1153 335 1237 367 sunt
1250 332 1422 375 Abrahae,
1437 339 1567 366 omnes
1588 327 1656 363 filii
1678 328 1779 370 sunt,

1003 379 1069 414 sed
1102 378 1164 423 qui
1199 378 1312 413 fidem
1340 379 1419 424 eJ'us
1452 376 1659 412 imitantur.
1686 374 1781 426 Nam

1004 425 1181 461 sanctitas
1203 435 1279 460 non
1317 424 1416 460 venit
1444 434 1512 469 per
1542 423 1782 473 propagatlo-

1004 482 1089 507 nem
1110 474 1267 515 naturae,
1284 471 1349 507 sed
1368 481 1435 516 per
1452 470 1611 516 gratiam
1630 467 1778 503 virtutls

1003 518 1152 553 divinae.
1180 517 1297 553 Judaei
1329 517 1479 563 quidem
1516 515 1582 552 tilii
1616 514 1777 551 Abrahae

1004 568 1110 600 erant
1128 564 1330 600 secundum
1349 574 1515 607 carnem,
1538 562 1603 598 sed
1623 571 1698 597 non
1718 570 1780 596 se-

1003 611 1167 646 cundum
1185 610 1271 645 fidei
1294 610 1557 653 imitationem,
1575 611 1611 644 et
1629 607 1716 653 quia
1739 606 1780 642 fi-

1004 658 1089 693 dem
1111 657 1271 693 Abrahae
1293 657 1337 692 de
1369 657 1514 692 Christo
1540 656 1776 700 respuerunt,

1005 704 1087 739 ideo
1107 714 1244 739 nomen
1264 702 1459 738 filiationis
1479 702 1639 738 Abrahae
1657 699 1779 752 perdi-

1003 751 1150 786 derunt.
1183 752 1209 785 E
1243 749 1445 794 contrario,
1485 748 1662 791 Gentiles,
1691 756 1779 798 qnia
1831 790 1834 793 Ι

1004 797 1117 833 fidem
1145 796 1279 833 Christi
1311 797 1443 832 devote
1469 796 1515 831 ad
1541 794 1779 841 praedieatlo-

1003 855 1089 880 nem
1127 844 1391 890 Apostolorum
1432 844 1668 888 receperunt,
1693 839 1779 876 ideo

1004 891 1071 926 filii
1102 891 1262 926 Abrahae
1296 889 1383 925 sacti
1416 892 1514 925 sunt.
1547 890 1591 924 Et
1619 889 1691 923 hoe
1722 888 1780 922 est

1005 938 1102 983 quod
1125 937 1251 974 subdit
1269 939 1435 973 Joannes
1461 951 1469 973 :
1495 937 1581 971 Dico
1603 936 1696 970 enim
1716 943 1778 969 υο-

1006 985 1073 1025 bis,
1096 986 1184 1030 quia
1202 988 1328 1030 potens
1351 987 1401 1019 est
1419 986 1513 1019 Deus
1529 983 1572 1017 de
1591 981 1781 1027 lapidibus

1004 1031 1152 1075 istis,id
1173 1031 1298 1075 est,de
1321 1030 1529 1066 Gentilibus
1546 1040 1613 1075 per
1634 1029 1704 1063 hos
1724 1027 1780 1063 la-

1005 1077 1111 1123 pides
1144 1077 1316 1123 signatis,
1341 1079 1518 1112 suscitare
1542 1078 1638 1122 filios
1661 1075 1782 1110 Abra-

1006 1127 1071 1169 hae,
1094 1125 1169 1160 fide
1196 1128 1233 1160 et
1263 1124 1488 1167 imitatione,
1511 1123 1548 1158 id
1582 1125 1639 1158 est
1658 1121 1780 1157 imita-

1005 1175 1106 1207 tores
1133 1171 1220 1207 fidei
1246 1172 1419 1207 Abrahae.
1442 1170 1510 1213 Qui
1541 1168 1642 1205 enim
1665 1168 1781 1204 fidem

1005 1221 1117 1264 atque
1144 1229 1259 1264 opera
1290 1219 1450 1254 Abrahae
1480 1216 1592 1253 suerit
1616 1218 1779 1259 secutus,

1004 1265 1066 1300 ille
1086 1266 1246 1301 Abrahae
1262 1263 1509 1300 mereturdici
1522 1263 1634 1298 filius.
1652 1263 1781 1297 Potest

1005 1311 1117 1347 etiam
1136 1314 1235 1347 Deus
1257 1312 1302 1347 de
1326 1311 1513 1357 lapidibus
1538 1309 1636 1344 filios
1655 1309 1779 1344 Abra-

1004 1359 1061 1394 hae
1083 1358 1278 1402 suscitare,
1299 1358 1337 1394 id
1358 1362 1427 1401 est,
1448 1357 1494 1392 de
1515 1356 1618 1392 duris
1642 1358 1678 1391 et
1697 1364 1781 1400 pec-

1005 1407 1193 1442 catoribus
1227 1405 1380 1441 devotos
1410 1405 1547 1448 facere,
1580 1401 1681 1448 quod
1704 1400 1778 1437 uti-

1004 1463 1091 1489 nam
1111 1452 1150 1488 in
1168 1463 1227 1488 me
1243 1452 1417 1498 dignetur
1435 1450 1632 1486 ostendere
1647 1449 1656 1485 l

1056 1513 1094 1535 12
1118 1501 1268 1534 LAmes
1291 1511 1314 1534 A
1332 1501 1472 1535 ,ΙΟΑΝΝΕ
1498 1506 1711 1538 MONSTRATI,
1736 1506 1780 1530 ΕΤ

1006 1558 1088 1586 Quin
1115 1557 1259 1581 m'srici:
1290 1545 1533 1581 smmrxcmr‘?
1565 1563 1610 1570 -
1636 1541 1781 1579 Dicitur

1005 1597 1129 1628 autem
1152 1593 1250 1638 quod
1268 1594 1431 1628 Joannes
1464 1590 1579 1636 digito
1601 1590 1648 1626 ad
1681 1588 1781 1624 litte-

1006 1650 1086 1675 ram
1108 1639 1379 1675 demonstravit
1392 1641 1428 1674 et
1444 1637 1607 1674 ostendit
1621 1636 1674 1671 eis
1691 1635 1784 1671 duo-

1007 1686 1127 1722 decim
1163 1686 1305 1732 lapides
1337 1685 1434 1728 illos,
1462 1695 1555 1730 quos
1584 1685 1696 1720 Josue
1715 1692 1784 1728 per

1007 1732 1206 1769 duodecim
1237 1734 1348 1768 duces
1390 1733 1554 1768 tribuum
1593 1729 1708 1766 Israel
1736 1728 1784 1764 de

1009 1780 1131 1815 medio
1166 1783 1201 1815 et
1230 1779 1343 1815 fundo
1367 1778 1544 1815 Jordanis
1571 1777 1609 1812 in
1636 1775 1783 1812 aridam

1008 1826 1257 1872 transportari
1286 1825 1478 1872 praecepit,
1501 1824 1563 1870 qui
1583 1824 1697 1860 etiam
1724 1825 1782 1859 to-

1008 1873 1123 1909 tidem
1144 1873 1182 1908 in
1201 1874 1367 1919 ejusdem
1389 1873 1493 1907 alveo
1520 1883 1564 1907 ex
1589 1874 1692 1906 terra
1714 1880 1785 1906 vre-

1009 1919 1095 1966 poni
1117 1919 1203 1955 fecit
1224 1931 1231 1954 :
1255 1930 1322 1965 per
1343 1919 1480 1963 primos
1508 1918 1722 1954 ariditatem
1745 1919 1783 1952 et

1011 1967 1295 2002 excaecationem
1333 1966 1500 2011 figurans
1541 1965 1779 2008 Jndaeorum,

1010 2024 1075 2059 per
1115 2013 1313 2057 secundos,
1345 2013 1459 2049 fidem
1502 2011 1678 2048 Gentium
1714 2021 1783 2057 per

1011 2061 1239 2106 Baptismum
1258 2072 1266 2104 ;
1289 2060 1347 2096 vel
1365 2071 1429 2105 per
1446 2059 1585 2105 primos
1604 2057 1782 2095 emersio-

1010 2118 1095 2143 nem
1122 2107 1294 2143 Gentium
1314 2107 1353 2142 in
1375 2108 1494 2143 lucem
1518 2105 1620 2151 fidei,
1638 2116 1706 2152 per
1726 2115 1782 2141 se-

1011 2155 1152 2190 cundos
1182 2153 1478 2190 submersionem
1505 2153 1723 2190 Judaeorum
1742 2151 1782 2186 in

1011 2201 1283 2237 infidelitatem.
1313 2203 1356 2236 Et
1380 2200 1512 2236 merito
1544 2210 1612 2246 per
1638 2199 1782 2246 lapides

1011 2248 1205 2293 signantur
1222 2247 1401 2291 Gentiles,
1426 2248 1483 2283 vel
1505 2247 1591 2292 quia
1609 2247 1785 2283 colebant

1011 2295 1111 2331 idola
1148 2295 1194 2330 de
1232 2294 1418 2340 lapidibus
1454 2295 1570 2338 sacta;
1604 2293 1705 2330 unde
1743 2292 1784 2329 in

1012 2341 1211 2377 Psalmista
1233 2341 1368 2377 dicitur
1393 2353 1401 2376 :
1424 2341 1571 2378 Similes
1597 2342 1675 2376 illis
1692 2343 1786 2386 fiant

1012 2391 1076 2434 qui
1102 2391 1246 2432 faciunt
1274 2399 1341 2431 ea,-
1377 2388 1435 2424 vel
1471 2387 1559 2434 quia
1593 2387 1786 2424 habebant

1011 2436 1125 2471 corda
1144 2435 1305 2481 lapidea,
1327 2435 1364 2470 id
1385 2438 1454 2479 est,
1479 2436 1526 2471 ad
1552 2433 1786 2470 intellectum

1010 2482 1077 2518 Dei
1097 2482 1343 2518 insensibilia.
1364 2484 1415 2517 De
1437 2481 1571 2528 quibus
1586 2480 1653 2516 filii
1669 2482 1786 2517 Abra-

1011 2530 1068 2564 hae
1087 2529 1253 2565 suscitati
1272 2532 1357 2565 sunt
1374 2541 1381 2572 ;
1401 2529 1488 2574 quia
1507 2529 1593 2564 dum
1614 2528 1651 2563 in
1667 2528 1785 2564 Abra-

1010 2576 1067 2611 hae
1088 2575 1244 2619 semine,
1278 2577 1313 2612 id
1343 2581 1399 2611 est
1419 2576 1456 2611 in
1479 2575 1639 2618 Christo,
1659 2574 1782 2610 credi-

1012 2624 1160 2667 derunt,
1196 2623 1277 2669 ejus
1314 2623 1381 2658 filii
1418 2622 1504 2658 sacti
1539 2624 1638 2665 sunt,
1675 2621 1782 2667 cujus

1009 2669 1141 2705 semini
1156 2674 1242 2706 sunt
1262 2669 1372 2714 uniti,
1386 2669 1485 2705 unde
1497 2668 1638 2704 eisdem
1653 2667 1781 2704 Genti-

1007 2716 1076 2752 bus
1097 2717 1236 2754 Paulus
1255 2716 1346 2752 dicit
1368 2727 1376 2751 ε
1395 2717 1436 2753 Si
1456 2718 1577 2751 autem
1594 2725 1657 2751 vos
1676 2716 1779 2753 Chri-
