1902 3126
152 153 194 186 86
667 153 810 187 milite
846 155 1002 190 PARTIS
1039 156 1173 190 CAPUT
1210 157 1257 191 xl

157 224 351 266 peccatum
377 220 425 257 ad
443 221 702 266 poenitentiam
722 224 933 262 revertitur.

157 269 262 304 Hanc
288 270 415 303 autem
447 268 768 307 circumcisionem
795 282 935 318 praece—

156 313 246 349 dere
257 317 405 358 oportet
425 319 507 351 octo
523 315 737 362 spirituales
754 318 938 355 illumina-

155 360 278 396 tiones
297 360 508 398 divinarum
527 363 746 410 gratiarum,
769 376 851 411 quae
870 377 938 412 per

157 410 241 443 octo
270 407 351 443 dies
371 407 645 456 intelliguntur,
673 415 709 447 et
733 414 786 448 sic
806 417 936 449 octavo

157 453 216 489 die
239 453 471 491 circumcisio
494 457 533 492 in
553 458 681 494 anima
711 460 936 504 celebratur,

156 500 330 537 videlicet
361 517 368 538 :
401 506 608 548 peccatoris
629 506 676 541 ad
704 508 821 542 Deum
848 517 937 542 con-

156 547 294 592 versio,
327 551 470 594 peccati
495 553 716 597 recognitio,
746 553 936 597 contriti0‚

157 594 356 639 confessio,
376 596 593 642 satisfactio,
616 600 758 645 peccati
780 601 940 636 detesta-

156 640 223 685 tio,
262 641 300 677 in
338 643 504 680 futurum
538 648 675 691 cautio,
711 650 748 682 et
778 657 822 682 ex
852 650 938 682 tunc

157 692 288 724 octavo
309 690 478 735 sequitur
496 691 599 738 impii
615 693 850 738 justificatio,
866 704 940 739 qua

157 735 280 780 gratia
300 736 523 781 infunditur,
547 744 584 774 et
603 744 797 784 peccatum
819 741 939 786 expel-

159 781 269 825 litur;
291 787 327 819 et
347 783 386 819 in
401 784 481 830 ipsa
495 785 555 820 die
574 789 719 830 octava,
739 786 881 824 scilicet
900 788 939 823 in

157 829 428 875 justificatione
466 832 584 878 impii,
613 834 826 870 celebratur
866 835 938 870 cir—

161 876 338 913 cumcisio
370 877 409 913 in
439 879 564 915 anima
589 880 818 926 poenitentis.
850 882 939 925 Quae

161 922 311 968 quidem
353 924 584 963 circumcisio
624 938 699 963 non
743 931 799 964 est
837 929 939 964 aliud

160 979 273 1014 quam
289 972 497 1016 amputatio
518 973 707 1018 vitiorum,
726 985 808 1020 quae
825 976 940 1012 habet

158 1016 242 1068 fieri
291 1017 330 1053 in
366 1019 515 1055 cultello
556 1020 797 1066 poenitentiae.
840 1022 940 1059 Sicut

105 1091 111 1096 .
160 1073 261 1098 enlm
297 1064 335 1099 in
370 1066 654 1103 circumcisione
681 1069 866 1115 corporali
898 1070 940 1105 fit

161 1110 368 1155 amputatio
404 1115 603 1158 superfluae
640 1115 777 1160 carnis,
813 1118 867 1151 sic
903 1118 940 1152 in

159 1155 442 1208 circumcisione
461 1159 660 1205 spirituali,
680 1162 720 1197 fit
735 1163 939 1208 amputatio

161 1207 338 1239 vitiorum
377 1209 414 1240 et
450 1211 703 1253 peccatorum,
741 1220 824 1254 quae
861 1211 941 1246 sola

162 1253 249 1285 sunt
270 1251 413 1287 homini
444 1256 652 1299 superflua3
683 1256 810 1292 omnia
840 1257 941 1292 enim

161 1296 237 1332 alia
275 1303 400 1335 creata
439 1299 477 1335 in
510 1301 677 1346 homine,
716 1307 800 1339 sunt
834 1304 942 1340 valde

164 1343 278 1380 bona.
303 1347 348 1381 Et
367 1346 439 1382 nisi
467 1346 538 1383 ista
559 1348 790 1386 circumcisio
814 1351 881 1387 fiat
902 1350 942 1386 in

165 1391 303 1435 anima,
332 1392 414 1439 ipsa
442 1397 495 1430 est
518 1395 597 1432 filia
618 1397 853 1443 perditionis,
883 1408 941 1434 εθ-

163 1438 325 1490 cundum
369 1440 461 1477 illud
499 1442 654 1479 Genesis
694 1455 702 1479 :
741 1446 940 1486 Masculus,

162 1495 267 1529 cujus
295 1490 470 1533 praeputii
505 1501 588 1526 caro
626 1493 839 1527 circumcisa
872 1504 943 1528 non

159 1533 287 1584 fuerit,
312 1534 491 1571 delebitur
509 1537 553 1572 de
571 1539 707 1583 populo
733 1549 809 1576 suo,
834 1541 940 1583 Item,

161 1582 223 1615 isti
238 1583 321 1616 octo
339 1581 420 1618 dies
438 1586 527 1618 sunt
541 1588 625 1620 octo
647 1584 942 1623 illuminationes

1010 225 1168 271 Spiritus
1198 226 1425 271 septiformis
1446 226 1485 262 in
1506 229 1649 272 septem
1666 225 1784 262 virtu-

1008 273 1108 309 tibus
1127 273 1410 320 principalibus,
1433 283 1516 309 cum
1539 283 1789 326 perseveran-

1009 320 1061 355 tia
1094 319 1212 364 finali,
1251 331 1333 366 quae
1369 324 1426 357 est
1460 323 1602 356 octava.
1631 321 1675 355 Et
1700 329 1789 366 qula

1010 366 1080 402 nisi
1118 377 1184 413 per
1217 367 1404 403 Christum
1433 370 1585 413 peccata
1613 377 1688 402 non
1720 366 1790 402 tol-

1009 413 1150 458 luntur,
1174 413 1252 459 ipse
1273 418 1327 450 est
1353 414 1452 450 enim
1475 415 1604 458 Aqnus
1623 415 1701 455 Dei,
1724 415 1788 458 qui

1010 461 1107 495 tollit
1123 465 1269 505 peccata
1291 462 1445 503 mundi,·
1465 461 1563 505 ideo,
1587 463 1628 496 ut
1647 461 1790 513 dictum

1011 509 1080 548 est,
1097 506 1329 543 circumcisio
1345 508 1474 544 cultris
1489 508 1603 544 fiebat
1616 510 1792 559 petr1nis,

1011 553 1100 598 quia
1134 558 1239 599 petra
1278 558 1356 589 erat
1393 556 1570 591 christus.
1609 556 1695 590 Haec
1725 553 1790 589 illa

1009 600 1228 636 Judaeorum
1260 601 1493 637 circumcisio
1524 601 1726 647 significat,
1754 604 1791 636 et

1011 647 1091 682 sine
1127 647 1196 682 hac
1233 647 1507 693 significatione
1544 647 1687 684 inutilis
1720 650 1789 683 est.

1011 694 1054 728 Et
1077 692 1161 729 ideo
1189 694 1357 730 Christus
1389 694 1632 731 circumcisus
1657 696 1728 737 est,
1751 697 1792 729 ut

1012 739 1307 777 circumcisionis
1339 741 1650 787 significationem
1681 739 1795 776 nobis

1011 788 1305 824 commendaret.
1341 788 1442 824 Sicut
1469 788 1568 824 enim
1597 788 1707 824 nobis
1736 790 1794 840 est

1011 837 1133 878 natus,
1157 835 1265 871 nobis
1287 835 1495 881 baptizatus
1514 839 1551 871 et
1573 845 1720 881 passus,
1741 836 1794 869 ita

1010 885 1047 917 et
1073 882 1194 925 nobis,
1231 892 1306 917 non
1334 882 1419 926 sibi,
1448 885 1505 918 est
1537 881 1791 933 circumcisus.

1012 929 1252 975 Spiritualem
1285 939 1373 974 ergo
1396 929 1721 964 circumcisionem
1742 937 1794 964 sl-

1011 977 1226 1022 gnificatam
1267 987 1335 1022 per
1380 976 1616 1022 corporalem
1653 975 1794 1011 habere

1012 1024 1243 1067 studeamus,
1264 1026 1303 1059 ut
1321 1022 1423 1059 illam
1443 1022 1692 1074 spiritualem,
1709 1032 1793 1068 quae

1009 1070 1047 1107 in
1073 1074 1205 1107 octava
1229 1070 1516 1106 resurrectionis
1542 1071 1579 1105 in
1605 1070 1715 1105 nobis
1740 1068 1799 1104 fu·

1012 1122 1098 1154 tura
1118 1121 1187 1161 est,
1214 1118 1260 1153 ab
1289 1117 1389 1153 omni
1412 1116 1654 1163 corruptione
1674 1115 1795 1161 culpae

1013 1168 1050 1201 et
1082 1175 1205 1210 poenae
1237 1164 1414 1210 consequi
1443 1174 1669 1216 mereamur.
1703 1164 1795 1198 Tres

1015 1213 1141 1257 itaque
1174 1215 1320 1247 constat
1344 1222 1423 1247 esse
1450 1211 1754 1262 circumclsmnes
1785 1220 1797 1244 ι

1014 1269 1090 1294 una
1124 1261 1181 1293 est
1214 1261 1504 1302 sacramentum,
1544 1257 1685 1293 scilicet
1721 1266 1794 1292 cir-

1016 1304 1193 1342 cumcisio
1231 1315 1313 1350 quae
1350 1308 1405 1341 est
1438 1305 1476 1340 in
1506 1314 1683 1356 corpore3
1710 1303 1794 1356 duae

1014 1363 1104 1388 vero
1126 1355 1213 1388 sunt
1233 1362 1294 1388 res
1315 1351 1415 1388 illius
1436 1354 1675 1395 sacramenu,
1696 1349 1799 1385 vide-

1015 1399 1102 1435 licet
1120 1398 1353 1435 circumcisio
1372 1410 1394 1435 a
1412 1402 1580 1445 peccato,
1603 1408 1688 1450 quse
1705 1407 1795 1450 quo-

1014 1446 1106 1482 tidie
1133 1449 1190 1482 est
1218 1446 1257 1482 in
1277 1446 1421 1490 anima;
1449 1457 1490 1482 ac
1517 1446 1748 1482 circumclsm
1773 1454 1795 1479 a

1016 1496 1168 1539 peccato
1207 1496 1243 1529 et
1275 1494 1321 1529 ab
1359 1493 1463 1529 omni
1497 1503 1610 1540 poena
1632 1490 1793 1545 peccati,

1018 1551 1115 1586 quae,
1142 1541 1177 1575 in
1198 1540 1488 1585 resurrectione,
1515 1539 1587 1577 erit
1612 1538 1721 1575 Simul
1755 1548 1795 1573 ln

1018 1587 1147 1623 anima
1166 1590 1203 1623 et
1222 1587 1262 1623 in
1283 1598 1453 1633 corpore.

896 1704 1066 1740 ORATIO

211 1793 239 1830 Ο
257 1795 276 1831 J
281 1805 346 1831 esu
364 1797 541 1842 clemens,
562 1798 627 1844 qui
644 1798 689 1835 de
710 1799 864 1846 Virgine
879 1804 987 1836 natus
1006 1801 1075 1836 sub
1098 1801 1192 1846 Lege
1210 1799 1427 1836 circumcidi
1445 1798 1612 1853 voluisti,
1628 1799 1796 1852 'ci-rcum-

164 1840 259 1886 cide,
286 1843 375 1879 Jesu
401 1843 628 1890 misericors,
659 1846 917 1892 cogitationes,
946 1848 1060 1883 verba
1091 1850 1129 1883 et
1155 1858 1270 1893 opera
1303 1847 1400 1883 servi
1436 1849 1503 1892 tul,
1531 1849 1571 1882 ut
1598 1847 1692 1899 nihll
1719 1850 1793 1883 tuae

165 1888 349 1925 voluntati
373 1892 601 1928 contrarium
624 1893 840 1939 cogitando,
869 1894 1073 1940 loquendo,
1102 1894 1307 1939 operando,
1332 1904 1511 1940 peragam
1526 1905 1544 1946 ;·
1560 1895 1597 1946 et
1622 1904 1661 1946 113
1681 1904 1794 1947 sensu

168 1934 234 1971 Dei
256 1935 304 1971 sit
328 1937 419 1973 mihi
447 1939 643 1984 cogitatus,
676 1944 712 1976 et
733 1941 856 1977 omnis
882 1941 1049 1977 narratio
1080 1951 1164 1976 mea
1190 1943 1227 1976 in
1250 1941 1447 1987 praeceptis
1473 1941 1668 1986 Alt1s51m1,
1690 1944 1727 1994 et
1752 1951 1794 1977 ln

168 1982 344 2028 operibus
376 1985 638 2022 mandatorum
668 1990 818 2024 tuorum
845 1987 1056 2034 dirigantur
1081 1999 1212 2024 omnes
1241 1991 1345 2024 actus
1371 1987 1457 2024 mei.
1487 1989 1594 2032 Ecce,
1621 1988 1796 2041 Domine,

167 2039 294 2065 coram
313 2034 350 2067 te
371 2035 456 2068 sunt
473 2048 480 2069 :
503 2044 567 2068 cor
581 2044 720 2079 meum,
737 2035 866 2082 lingua
883 2046 978 2081 mea,
1002 2046 1134 2071 sensus
1153 2039 1189 2071 et
1206 2036 1396 2079 membra;
1421 2038 1607 2071 conantur
1627 2035 1792 2088 qmdem,

168 2076 234 2112 sed
257 2087 325 2123 per
350 2089 389 2114 se
417 2090 493 2115 non
518 2084 689 2126 possunt.
719 2083 803 2127 Fac,
826 2087 878 2126 tu,
902 2083 1001 2128 quod
1026 2082 1096 2128 ipsi
1122 2093 1194 2118 non
1223 2085 1391 2128 possunt,
1412 2085 1449 2118 et
1468 2082 1607 2128 perfice
1627 2092 1666 2117 ln
1685 2082 1793 2118 boms

166 2122 396 2205 desiderium
431 2127 503 2163 mei
537 2128 756 2174 peccatoris,
792 2131 855 2176 qui
886 2129 1112 2166 consuevisti
1145 2129 1372 2166 desiderium
1407 2140 1515 2166 suum
1548 2129 1639 2165 dare
1667 2128 1793 2175 J'ustis.

200 2179 299 2207 men.

844 2319 1024 2366 CAPUT
1050 2321 1111 2366 Xl

525 2455 574 2482 DE
599 2455 807 2484 EPIPHANIA
826 2456 965 2486 DOMINI
984 2458 1113 2487 FACTA
1131 2458 1270 2487 TRIBUS
1293 2457 1428 2487 MAGIS.

819 2563 984 2599 Matthaei
1000 2573 1082 2610 cap.
1099 2565 1145 2600 ΙΙ.

213 2714 225 2735 1
244 2700 508 2735 MAerEsTATm
521 2701 663 2737 Cmusm
678 2713 722 2737 An
739 2703 880 2740 MAGos.
898 2724 942 2730 ——

1014 2705 1266 2742 manifestavit
1287 2717 1327 2743 se
1347 2705 1543 2750 Gentibus,
1563 2705 1602 2741 id
1621 2708 1690 2751 est,
1712 2707 1794 2743 Ma·—

163 2745 435 2783 Tertiadecima
469 2757 556 2784 vero
594 2748 668 2794 die,
708 2759 801 2795 puer
835 2751 942 2787 Jesus

1013 2753 1071 2799 gis
1096 2753 1159 2800 qui
1187 2756 1294 2790 erant
1319 2753 1491 2800 gentiles.
1521 2753 1792 2800 prophetatum
