1902 3126
182 198 241 231 12ss
685 193 828 226 PRIMAE
864 193 1022 228 PARTIS
1060 194 1199 228 CAPUT
1236 194 1314 226 xlv

177 268 258 311 eius
281 266 370 308 duo,
389 263 527 299 scilicet
546 263 709 298 Herodes
727 263 896 309 Antipas,
916 266 953 298 et

179 313 386 359 Philippus,
408 311 467 356 qui
492 320 573 346 cnm
592 310 671 356 ipso
690 314 773 356 post
794 315 951 346 mortem

178 360 296 407 patris
329 357 549 404 superstites
586 360 705 400 erant,
739 357 826 403 quia
861 357 954 393 alios

178 412 255 443 tres
282 406 394 449 filios,
417 404 558 440 scilicet
585 404 817 450 Antipatrem
844 415 953 440 suum

179 453 487 501 primogenitum,
512 456 547 487 et
570 452 818 487 Alexandrum
845 456 955 496 atque

179 500 564 545 Aristobulnm,pater
577 503 662 534 ante
680 503 835 534 niortem
848 508 955 534 suam

181 547 434 585 miserabilem
476 549 686 589 necaverat,
730 545 842 581 etiam
881 546 956 580 Ro-

179 606 280 632 mam
317 597 510 633 venerunt,
543 598 575 628 et
608 597 772 638 paternae
805 591 956 628 heredi-

180 643 268 678 tatis
294 646 437 687 partein
470 640 670 686 petierunt.
694 640 858 675 Tandem
890 640 959 673 Im-

177 693 331 736 perator
357 692 393 724 et
417 690 577 723 Senatus
604 689 871 729 Romanorum,
894 696 957 720 vo-

179 737 299 773 lentes
315 736 487 780 srangcre
502 735 715 769 Judworuin
730 732 956 779 superbiam,

181 787 218 820 et
263 783 410 819 auferre
455 781 507 816 eis
548 780 752 816 rebellandi
795 779 957 815 occasio-

182 841 282 873 nem,
309 829 540 865 abstulerunt
565 827 618 863 eis
641 827 782 872 regium
805 836 956 869 nomen,

182 882 218 914 et
239 877 443 913 diviserunt
466 885 620 920 regnum
643 874 680 908 in
703 877 862 919 quatuor
878 883 960 918 par-

181 928 252 969 tes,
288 923 429 959 scilicet
457 922 493 957 in
528 925 687 967 quatuor
722 920 957 963 tetrarchias,

184 982 343 1017 quarum
388 971 494 1011 duas,
535 968 674 1002 scilicet
715 968 884 1002 Judaeam
925 970 961 1002 et

183 1018 369 1054 Abilinam
410 1016 593 1051 dederunt
631 1015 841 1058 Archelao,
881 1013 959 1048 filio

184 1065 345 1107 seniori3
382 1062 530 1098 tertiam
557 1072 658 1104 vero,
689 1061 828 1096 scilicet
861 1060 959 1096 Gali-

183 1113 291 1147 laeam
330 1110 522 1155 regionem
565 1110 862 1151 transfluentem,
896 1108 959 1143 de-

183 1159 319 1194 derunt
336 1156 469 1192 Herodi
488 1155 646 1201 Antipae,
665 1157 734 1191 sub
759 1166 832 1200 quo
853 1156 963 1190 Joan—

184 1216 251 1241 nes
266 1204 430 1250 Baptista
443 1207 498 1238 est
516 1203 720 1238 decollatus
733 1206 768 1237 et
786 1202 962 1237 Dominus

183 1262 336 1298 passus3
352 1251 415 1286 sed
434 1255 621 1294 quartam,
635 1249 775 1284 scilicet
787 1251 961 1284 Ituraeam

183 1303 220 1335 et
246 1297 520 1334 Traconitidem
547 1307 753 1342 regionem,
780 1296 963 1331 dederunt

186 1346 372 1391 Philippo,
402 1345 505 1389 cujus
527 1354 679 1379 uxorem
707 1343 861 1379 abstulit
882 1343 962 1388 ipse

185 1388 352 1430 Herodes
380 1391 549 1436 Antipas,
574 1391 688 1426 frater
718 1391 810 1436 ejus.
840 1392 883 1425 Et
909 1389 961 1425 sic

185 1440 391 1477 Archelaus
416 1443 493 1474 erat
517 1438 695 1481 Diarcha;
718 1438 783 1473 sed
804 1437 866 1473 alii
888 1437 961 1472 duo

186 1488 336 1524 fuerunt
374 1489 520 1521 tantum
562 1486 788 1520 Tetrarchae.
832 1485 962 1520 Adhuc

185 1532 963 1581 praeterHerodemAs‹·alonitam,etHero-

186 1582 271 1617 dem
289 1580 479 1625 Antipam,
502 1579 736 1624 supradictus
757 1578 869 1614 etiam
886 1582 961 1613 ter-

186 1624 963 1671 tiusHerodes,dictusAgrippa,siliusAri-

186 1674 337 1718 stobuli,
365 1674 429 1709 filii
455 1673 610 1708 Herodis
633 1673 856 1708 Ascalonitae
880 1671 961 1715 fnit,

188 1722 251 1769 qui
276 1722 456 1758 Jacobum
479 1722 629 1755 tratrem
653 1719 806 1755 ,Ioannis
837 1719 961 1766 gladio

187 1769 337 1812 occidit,
375 1771 411 1804 et
452 1769 601 1802 Petrum
630 1767 887 1802 incarceravit.
922 1767 964 1801 Et

188 1816 275 1862 quia
298 1815 501 1851 Archelaus
524 1815 644 1849 fuerat
664 1824 685 1849 a
703 1817 821 1859 patre,
846 1824 962 1859 quan—

186 1867 265 1899 tum
286 1863 324 1898 in
345 1873 383 1898 se
403 1866 496 1905 erat,
521 1861 555 1896 in
578 1864 655 1896 toto
677 1872 793 1906 regno
813 1861 962 1896 Judaeo-

190 1921 273 1946 rum
294 1909 530 1951 substitutus,
560 1908 642 1943 ideo
677 1907 795 1953 magis
817 1908 963 1943 favebat

189 1957 297 1993 factis
317 1967 339 1992 a
362 1959 492 2002 patre;
516 1958 669 2000 propter
694 1955 793 2000 quod
826 1955 962 2000 Joseph

189 2004 313 2040 timuit
333 2003 387 2038 ire
414 2003 452 2037 in
473 2003 656 2038 Judaeam.

236 2055 256 2086 8
279 2053 411 2086 JOSEPH
440 2061 597 2084 SECESSIT
636 2061 670 2083 IN
698 2060 828 2084 PARTES
855 2049 962 2084 GALI-

190 2110 272 2134 LAEAE
308 2099 497 2133 NAZAinzTn
542 2108 798 2132 immurunus.
841 2116 886 2122 —
919 2098 966 2131 Et

190 2146 397 2181 admonitus
428 2146 465 2178 in
499 2147 646 2183 scennis,
682 2154 749 2189 per
779 2143 965 2188 Angelum

191 2192 346 2235 scilicet,
364 2193 507 2226 secessit
541 2201 623 2225 cum
646 2192 765 2226 Puero
788 2194 823 2226 et
848 2191 966 2225 Matre

188 2240 268 2285 ejus
295 2241 331 2273 in
352 2243 473 2283 partes
501 2238 672 2277 Galilaeae,
702 2237 764 2273 ubi
792 2236 964 2273 domina-

186 2287 299 2323 batur
334 2285 428 2320 alins
460 2284 571 2327 filius,
611 2284 752 2320 scilicet
784 2284 964 2329 Herodes,

191 2333 254 2379 qui
293 2332 464 2378 portione
503 2331 572 2367 sibi
610 2331 748 2375 debita,
784 2342 806 2367 a
840 2335 964 2377 patre,

191 2384 374 2426 quantum
404 2378 442 2413 in
477 2389 516 2413 se
551 2382 644 2421 erat,
681 2381 766 2413 ante
798 2379 965 2424 privatus

189 2428 324 2464 suerat.
350 2427 507 2471 Propter
539 2426 638 2470 qnod
666 2426 803 2470 Joseph
825 2425 963 2461 ibidem

190 2485 274 2511 cum
303 2474 422 2509 Puero
447 2472 612 2507 securius
639 2472 800 2515 mansit3
825 2483 907 2517 quae
929 2476 965 2508 et

190 2521 273 2568 ipsa
304 2524 406 2556 terra
439 2521 550 2555 Israel
574 2522 668 2562 erat,
691 2518 778 2564 quia
804 2529 886 2554 eam
917 2521 966 2555 Is-

191 2568 271 2605 rael
303 2566 491 2603 incolebat
524 2569 569 2601 Et
602 2568 759 2606 veniens,
783 2567 965 2602 habitavit

190 2617 231 2651 in
250 2617 398 2651 civitate
420 2625 498 2658 quae
518 2617 667 2648 vocatur
687 2615 871 2650 Nazareth
893 2626 902 2648 .·
924 2617 964 2649 ut

192 2662 244 2699 ibi
283 2661 451 2698 Christus
490 2660 706 2703 nutriretur,
746 2659 807 2695 ubi
843 2660 963 2696 fuerat

192 2712 405 2755 conceptus,
428 2708 513 2743 licet
534 2707 570 2742 in
593 2707 811 2742 Bethlehem
843 2708 964 2742 suerat

191 2760 314 2792 natus.
351 2755 403 2791 lbi
446 2754 545 2790 enim
585 2753 750 2790 securius
792 2753 962 2790 habitare

190 2805 339 2850 poterat
361 2812 471 2849 quam
487 2801 524 2837 in
541 2801 761 2846 Jerusalem,
778 2801 833 2837 vel
848 2801 961 2836 Beth-

1035 265 1173 307 lehem,
1193 263 1254 299 ubi
1276 263 1481 299 Archelaus
1502 263 1689 299 manebat.
1704 264 1810 300 Unde

1037 312 1307 355 chrysostomus
1330 323 1340 345 .·
1362 309 1501 345 «Venit
1518 309 1631 353 igitur
1650 311 1758 346 Jesus
1772 310 1812 346 in

1036 358 1232 401 Nazareth,
1253 368 1327 393 non
1347 357 1466 392 solum
1489 356 1642 402 periculi
1661 356 1812 402 timore,

1036 415 1166 441 verum
1193 404 1304 440 etiam
1331 404 1462 450 patriae
1490 414 1617 439 amore
1639 407 1810 450 cogente,

1037 452 1177 488 scilicet
1216 454 1256 487 ut
1296 451 1466 487 securius
1507 450 1557 486 ibi
1596 450 1784 487 habitaret
1801 479 1811 495 ,

1037 502 1074 534 et
1105 498 1259 544 gratius.
1283 511 1300 530 »
1324 500 1399 533 Hoc
1429 501 1554 533 autem
1578 497 1717 533 factum
1741 500 1812 542 est,

1037 549 1077 581 ut
1097 546 1357 590 adimpleretur
1386 546 1482 589 quod
1504 546 1640 579 dictum
1673 548 1725 580 est
1747 556 1815 591 per

1037 594 1235 637 Prophetas
1268 604 1277 626 :
1313 592 1488 634 Quoniam
1525 594 1722 629 Nazaraeus
1755 603 1814 627 vo-

1039 640 1193 674 cabitur.
1219 639 1293 673 Hoc
1316 641 1368 679 ut,
1397 641 1545 673 tenetur
1564 638 1813 682 consecutive,

1040 697 1112 721 non
1150 684 1361 727 causaliter,
1396 684 1482 729 quia
1517 685 1715 730 prophetia
1737 696 1814 721 non

1040 736 1096 768 est
1125 743 1237 768 causa
1271 734 1427 767 eventus
1458 731 1526 774 rei,
1555 732 1620 767 sed
1656 735 1815 768 eventus

1039 790 1152 815 causa
1196 777 1425 825 impletionis
1475 778 1696 824 prophetiae.
1741 780 1814 815 Na-

1039 837 1180 862 zaraeus
1217 829 1342 862 autem
1375 824 1543 861 Christus
1577 829 1632 861 est
1669 837 1817 862 nuncu-

1039 877 1160 920 patus,
1183 877 1258 909 tam
1290 884 1332 908 ex
1365 872 1435 908 loci
1462 872 1726 919 appellatione,
1751 873 1815 910 ubi

1041 924 1240 967 conceptus
1272 923 1329 956 est
1367 923 1403 955 et
1436 919 1613 963 nutritus,
1635 930 1745 966 quam
1772 931 1815 956 ex

1041 971 1275 1004 sacramento
1306 966 1433 1012 Legis,
1466 967 1667 1003 secundum
1704 977 1816 1013 quam

1040 1017 1236 1051 Nazarzeus
1272 1016 1427 1050 Sanctus
1462 1013 1746 1060 interpretatur,
1779 1017 1818 1050 et

1042 1062 1241 1098 Dominum
1263 1072 1392 1096 omnes
1416 1061 1618 1106 Scriptnrae
1637 1062 1815 1098 Sanctum

1041 1109 1183 1153 dicunt,
1206 1112 1242 1145 et
1268 1110 1466 1144 testantur.
1499 1107 1597 1144 Sicut
1627 1119 1716 1154 ergo
1744 1108 1817 1144 ele-

1042 1156 1094 1201 git
1125 1156 1245 1192 locum
1277 1155 1314 1190 in
1344 1166 1416 1201 quo
1453 1159 1684 1200 nasceretur,
1701 1155 1754 1192 sie
1779 1159 1817 1191 et

1042 1203 1244 1247 civitatem,
1272 1202 1309 1237 in
1340 1213 1413 1247 qua
1449 1202 1713 1239 coadolescens
1746 1213 1816 1238 nu-

1042 1250 1208 1286 triretur.
1244 1250 1358 1293 Cujus
1396 1259 1532 1284 nomen
1568 1253 1623 1285 est
1660 1249 1815 1294 indicio,

1043 1297 1141 1342 quod
1169 1296 1421 1332 essentialiter
1453 1295 1533 1342 ipse
1565 1298 1649 1333 fons
1684 1296 1819 1332 sancti-

1044 1343 1128 1379 tatis
1155 1343 1193 1378 in
1222 1343 1419 1379 sanctitate
1463 1343 1639 1388 nutritus,
1663 1345 1818 1380 Sanctus

1043 1394 1272 1435 sanctorum,
1288 1390 1395 1436 quasi
1412 1392 1609 1426 Nazaraeus
1627 1392 1818 1427 Nazaraeo-

1043 1448 1140 1482 rum,
1177 1441 1277 1473 recte
1319 1436 1467 1473 dicitur.
1500 1438 1683 1474 Nazareth
1716 1437 1816 1474 enim

1042 1488 1106 1530 flos
1123 1487 1256 1530 campi,
1278 1484 1334 1520 vel
1367 1495 1511 1529 qermen
1545 1486 1738 1527 novellum,
1759 1484 1817 1520 vel

1043 1534 1219 1567 sanctitas
1240 1531 1524 1577 interpretatur,
1545 1532 1590 1568 de
1621 1532 1727 1579 cujus
1753 1541 1818 1568 ra-

1043 1579 1124 1614 dice
1155 1578 1351 1625 germinis,
1386 1580 1542 1615 Sanctus
1578 1583 1815 1623 sanctorum,

1042 1626 1080 1661 id
1107 1630 1162 1661 est
1185 1627 1396 1670 Nazaraeus,
1424 1626 1638 1662 ascendisse
1664 1626 1814 1672 legitur.

1043 1673 1149 1709 Unde
1169 1676 1204 1708 et
1224 1683 1266 1708 ex
1287 1673 1356 1708 hoc
1383 1674 1482 1718 quod
1507 1673 1676 1710 Christus
1694 1672 1816 1709 dictus

1042 1723 1099 1756 est
1124 1722 1334 1761 Nazaraeus,
1362 1719 1531 1765 discipuli
1554 1721 1634 1766 ejus
1656 1723 1692 1756 et
1712 1720 1818 1756 Chri—

1044 1766 1170 1810 stiani,
1198 1766 1302 1812 prius
1336 1769 1523 1802 communi
1548 1767 1700 1803 nomine
1732 1777 1818 1803 con-

1044 1817 1244 1850 sueverunt
1276 1814 1439 1849 Nazaraei
1463 1814 1599 1849 vocari.
1623 1815 1695 1850 Sed
1720 1818 1819 1860 post-

1044 1871 1156 1907 quam
1195 1862 1329 1896 Petrus
1366 1861 1640 1897 Antiochenam
1689 1861 1818 1897 sedem

1044 1908 1177 1952 tenuit,
1200 1907 1389 1943 communi
1420 1908 1574 1944 consilio
1601 1909 1728 1943 Graec‘o
1749 1919 1816 1944 no-

1044 1955 1160 1999 mine,
1174 1965 1195 1990 a
1211 1954 1371 1998 Christo,
1388 1955 1590 1991 Christiani
1609 1955 1697 1991 dicti
1715 1957 1815 1991 sunt.

1045 2004 1085 2038 In
1117 2003 1301 2038 Nazareth
1331 2013 1419 2047 ergo
1453 2002 1598 2048 concipi
1628 2006 1664 2038 et
1683 2001 1818 2038 nutriri

1045 2049 1215 2085 Christus
1242 2048 1370 2092 voluit,
1395 2052 1432 2085 ut
1451 2060 1519 2096 per
1542 2050 1611 2084 hoc
1633 2049 1740 2085 daret
1765 2048 1822 2084 in-

1044 2096 1175 2142 telligi,
1197 2096 1296 2142 quod
1317 2095 1449 2132 florida
1475 2096 1544 2132 fuit
1571 2100 1607 2131 et
1629 2097 1708 2141 ejus
1729 2107 1816 2132 con-

1044 2147 1180 2189 ceptio,
1203 2142 1290 2189 quia
1321 2142 1400 2178 sine
1434 2148 1585 2189 peccato
1613 2142 1816 2189 originali;

1044 2193 1081 2226 et
1097 2191 1178 2237 ejus
1194 2189 1441 2233 conversatio,
1463 2189 1552 2236 quia
1572 2190 1649 2225 sine
1665 2189 1816 2226 actuali.

1045 2239 1148 2273 Unde
1183 2237 1272 2273 dicit
1309 2238 1539 2278 Ber-nardus,
1580 2237 1681 2283 quod
1715 2240 1819 2273 amat

1045 2285 1259 2330 florigeram
1296 2284 1471 2330 patriam,
1506 2285 1574 2320 ssos
1612 2284 1659 2319 de
1690 2283 1818 2320 radice

1042 2334 1161 2368 Jesse.
1185 2333 1226 2367 In
1257 2332 1328 2367 hoc
1352 2335 1477 2367 antem
1498 2331 1598 2377 quod
1619 2330 1818 2376 dereliquit

1043 2381 1256 2425 AEgyptum,
1280 2382 1317 2414 et
1341 2378 1443 2414 venit
1463 2379 1499 2414 in
1521 2378 1727 2423 Galilaeam,
1749 2379 1817 2414 ha-

1043 2426 1248 2472 bitavitque
1274 2425 1313 2461 in
1339 2427 1541 2469 Nazareth,
1572 2426 1683 2461 datur
1708 2425 1819 2461 nobis

1043 2474 1266 2519 exemplum,
1295 2473 1394 2518 quod
1428 2476 1565 2509 statum
1606 2472 1723 2518 culpae
1755 2472 1818 2508 de-

1043 2521 1175 2556 bemus
1192 2520 1380 2565 deserere,
1403 2524 1438 2556 et
1455 2520 1500 2556 de
1521 2519 1619 2555 vitiis
1639 2519 1686 2554 ad
1705 2518 1820 2554 virtu-

1043 2570 1098 2603 tes
1116 2566 1291 2611 transire,
1311 2566 1348 2602 in
1374 2565 1732 2613 perseverantiaque
1752 2566 1818 2602 bo-

1042 2625 1176 2650 norum
1203 2624 1359 2660 operum
1379 2615 1528 2657 florere,
1551 2616 1589 2649 ut
1611 2612 1663 2648 sic
1683 2613 1731 2648 ad
1751 2623 1817 2658 pa-

1041 2660 1152 2697 triam
1180 2661 1370 2697 coelestem
1391 2661 1580 2696 valeamus
1602 2661 1815 2705 pervenire.

1089 2724 1108 2755 9
1128 2710 1179 2744 DE
1197 2719 1410 2744 sunULiTATE
1428 2709 1554 2743 MAmAE
1571 2719 1606 2742 iN
1621 2708 1758 2743 FiLIUM.
1773 2727 1818 2733 —

1041 2756 1133 2790 Ecce
1171 2755 1384 2791 reduximus
1417 2764 1573 2801 puerum
1608 2755 1736 2790 Jesum
1772 2753 1819 2789 de

1041 2803 1209 2849 AEgypto.
1228 2803 1278 2837 Eo
1293 2812 1458 2846 reverso,
1472 2811 1619 2837 sorores
1635 2799 1817 2845 Dominae,
