1876 3126
351 130 402 163 1)ss
441 128 687 163 VOCATIONE
726 127 931 162 MATTHAEI
970 131 1020 163 ET
1058 131 1160 163 EJUS
1197 130 1428 164 CONYIVIO.
1650 132 1713 165 255

79 201 140 248 qui
163 200 305 237 fastidit
322 197 595 246 poenitentiam,
610 196 761 232 abdicat
774 207 857 243 gra-

80 249 169 286 tiam
190 260 197 284 :
224 263 240 280 ι»
269 249 347 283 haee
364 246 590 282 Ambrosius.

130 299 150 332 8
174 297 366 331 Pontium
389 303 448 332 Qui
471 301 791 326 NUNCUPABANTUR.
813 310 858 315 —

81 342 271 380 Publicani
308 340 444 392 quippe
479 341 673 392 isocantur‚
702 336 764 382 qui
800 337 858 389 vel

81 389 227 437 publice
256 387 460 424 sceleribus
479 384 690 436 findantur,
717 384 773 419 vel
795 395 859 437 qut

79 437 229 484 publica
268 432 463 477 vectigalia
496 441 560 467 seu
600 431 738 467 tributa
783 442 856 467 exi-

79 487 195 531 gunt;
225 482 281 517 vel
314 480 375 526 qui
407 478 655 514 conductores
690 482 775 514 sunt
797 489 859 514 ve-

78 529 268 576 ctigalium
291 537 356 563 seu
377 525 472 568 fisci,
492 529 555 562 aut
585 536 710 561 rerum
740 525 860 571 puhli-

79 587 206 614 carum
225 587 234 618 ;
253 574 309 611 vel
329 575 389 619 qui
409 573 493 609 aliis
514 572 674 619 publicis
700 572 860 617 negotiis

78 627 116 660 et
133 622 276 660 actibus
297 621 549 667 implicantur,
571 624 607 656 et
625 620 738 655 seculi
758 621 860 656 lurra

79 681 146 718 per
164 669 317 715 negotia
336 672 541 711 sectantur,
557 668 861 703 utcommnniter

79 720 167 754 sunt
197 727 428 763 campsores,
451 719 487 751 et
519 714 765 761 pecuniarum
796 726 862 750 nn-

78 767 300 807 meratores,
333 774 375 799 ac
410 762 472 799 alii
504 761 719 807 hujusmodi
750 765 787 797 ct
809 761 859 797 si-

78 812 199 848 miles.
227 810 490 856 principaliter
509 812 638 845 tamen
659 808 723 854 qui
744 810 860 845 verti-

77 859 177 906 galia
211 869 276 894 seu
313 857 454 894 tributa
484 856 660 902 exigunt,
685 855 861 892 dicuntur

78 905 281 954 publicani,
303 916 324 941 a
339 904 469 940 Publio
487 914 576 951 rege
592 905 778 947 Romano,
795 903 860 949 qui

78 964 142 990 eos
183 953 303 999 primo
343 950 546 996 ordinavit,
585 950 637 986 sie
674 951 776 987 dicti.
818 953 861 986 Et

80 1001 182 1047 quia,
203 1000 409 1036 secundum
432 999 662 1043 Greoom'zcm,
686 998 775 1034 talla
800 1009 862 1033 ne-

79 1048 181 1096 gotia
201 1048 258 1083 vix
277 1050 341 1083 aut
359 1056 565 1091 numquam
594 1045 675 1080 sine
706 1048 860 1091 peccato

78 1095 242 1132 exerceri
263 1097 434 1141 possunt,
461 1093 545 1129 ideo
567 1092 606 1127 in
632 1093 701 1128 hoc
721 1103 862 1137 magna

79 1142 144 1179 Dei
161 1142 283 1188 gratia
302 1144 418 1188 patet,
441 1151 524 1187 quae
543 1151 586 1176 ex
611 1139 749 1176 talibus
769 1142 860 1176 Mat-

78 1190 218 1226 thaeum
243 1189 290 1225 ad
318 1192 459 1224 statum
481 1186 730 1234 apostolicum
752 1198 860 1223 revo-

79 1236 188 1274 cavit.
211 1236 432 1273 Ostenditur
450 1239 577 1272 autem
595 1234 656 1270 hic
676 1234 716 1270 in
737 1234 862 1271 verbis

78 1288 115 1322 et
132 1284 241 1320 sactis
257 1282 409 1324 Christi,
427 1283 527 1328 quod
542 1285 759 1328 peccatores
782 1282 863 1317 red-

78 1335 211 1368 euntes
235 1335 322 1367 sunt
346 1329 507 1366 dulciter
531 1329 752 1375 recipiendi,
776 1329 863 1374 quia

79 1379 248 1416 Christus
269 1377 417 1413 dulcem
440 1388 480 1413 se
502 1376 669 1413 exhibuit
702 1376 739 1411 in
762 1387 863 1412 rece-

79 1426 206 1473 ptione
231 1424 395 1461 Matthaei
427 1424 632 1471 publicani.
663 1424 779 1464 Unde,
809 1435 863 1459 se-

79 1474 243 1510 cundum
282 1475 555 1517 Hieronymum,
593 1470 708 1507 ceteri
745 1473 863 1507 Evan-

77 1521 221 1568 gelistae
249 1524 402 1566 propter
437 1518 702 1555 verecundiam
731 1522 766 1554 et
793 1519 860 1554 ho-

79 1579 210 1604 norem
246 1566 426 1611 Matthaei,
449 1566 650 1602 noluerunt
683 1576 767 1601 eum
799 1576 862 1611 ap-

76 1615 217 1662 pellare
241 1614 391 1651 nomine
411 1614 576 1659 vulgato,
594 1613 659 1648 sed
682 1612 860 1648 dixerunt

75 1665 162 1700 Levi
183 1661 340 1709 Alphaei.
366 1663 448 1707 Ipse
482 1664 609 1696 autem
643 1660 858 1704 Matthzeus,

76 1710 281 1746 secundum
318 1709 409 1744 illud
449 1707 662 1744 Salomonis
693 1718 701 1742 ι
733 1709 859 1742 Justus

72 1759 178 1804 prior
200 1760 253 1792 est
278 1759 469 1792 aecusator
487 1757 560 1797 sui,
586 1765 626 1790 se
644 1756 859 1790 Matthaeam

76 1808 114 1841 et
133 1805 375 1840 Publicanum
397 1801 571 1839 nominat
591 1813 600 1837 ι
620 1805 662 1838 ut
681 1802 859 1838 ostendat

77 1851 290 1898 legentibus
335 1851 481 1887 nullum
520 1850 660 1886 debere
698 1849 859 1885 salutem

77 1899 294 1945 desperare,
315 1897 347 1934 si
379 1898 427 1934 ad
462 1897 621 1933 meliora
652 1907 858 1933 conversus

77 1947 139 1991 sit,
159 1957 243 1982 cum
278 1945 357 1991 ipse
398 1945 444 1980 de
476 1943 676 1991 publicano
704 1943 742 1979 in
763 1946 860 1990 Apo-

77 1994 214 2030 stolum
251 1991 299 2028 sit
331 1994 487 2038 repente
520 1994 699 2027 mutatus.
723 1992 763 2027 In
788 1992 859 2027 hoe

76 2041 190 2078 etiam
225 2039 460 2084 instruimur,
499 2038 599 2084 quod
633 2042 788 2084 peccata
823 2041 861 2074 et

76 2088 243 2125 desectus
273 2086 436 2123 aliorum
462 2085 501 2122 in
522 2088 705 2131 quantum
727 2095 857 2131 possu-

76 2146 162 2172 mus
183 2136 306 2171 celare
329 2138 366 2170 et
389 2133 577 2170 occultare
599 2132 795 2176 debemus,
819 2135 859 2168 ut

76 2193 145 2220 nee
169 2183 300 2226 verbo,
317 2192 385 2218 nec
416 2185 511 2217 nutu
544 2179 696 2216 veniant
731 2180 768 2215 in
794 2179 860 2216 ali-

75 2240 200 2274 orum,
222 2241 297 2266 non
329 2231 474 2265 tantum
498 2227 769 2274 cognitionem,
792 2227 859 2263 sed

76 2288 144 2314 nec
163 2276 437 2323 suspicion,em;
461 2286 505 2313 ac
525 2274 779 2321 nosmetipsos
798 2275 855 2327 'de

77 2324 225 2361 delictis
257 2335 450 2370 accusare,
488 2326 539 2367 et,
573 2322 673 2368 quod
707 2325 853 2368 turpius

77 2375 148 2415 est,
165 2371 203 2407 in
224 2371 388 2418 peccatis
415 2371 555 2408 nostris
575 2370 746 2416 exemplo
766 2372 856 2406 Mat-

78 2418 165 2455 thaei
184 2419 369 2455 confiteri.

125 2482 147 2514 9
168 2467 327 2502 Vocnio
348 2467 521 2502 MATTEAEt
540 2477 577 2501 m
612 2476 722 2501 snxsu
750 2477 855 2502 rmu-

77 2525 181 2550 ωηο.
205 2533 249 2539 -
276 2514 347 2550 Per
375 2512 542 2550 Matthaei
571 2512 792 2549 electionem
822 2516 860 2549 et

77 2560 365 2607 publicanorum
382 2561 632 2604 vocationem,
652 2560 858 2597 secundum

75 2608 225 2651 Rectam,
252 2608 345 2644 sides
383 2607 560 2645 Gentium
595 2607 819 2654 exprimitur
849 2619 858 2644 ι

78 2655 142 2702 qui
166 2655 270 2702 prius
293 2655 406 2692 lucris
436 2655 566 2692 mundi
589 2654 801 2700 inhiabant,
823 2658 861 2692 et

76 2713 177 2740 nune
213 2703 461 2750 spiritualiter
493 2714 517 2740 a
550 2702 709 2739 Domino
735 2702 859 2739 refiei-

75 2754 206 2796 untur3
234 2751 302 2788 sed
337 2761 405 2798 per
431 2750 648 2799 superbiam
674 2750 859 2788 Pharisae-

935 209 1042 234 orum
1078 199 1217 235 invidia
1249 201 1465 237 Judaeorum
1491 200 1720 244 insinuatur,

935 247 996 289 qui
1020 246 1066 281 de
1085 247 1203 282 salute
1224 247 1396 284 Gentium
1420 252 1652 294 torquentur.
1675 269 1722 276 -

938 292 1015 333 Vel,
1031 295 1226 329 Mntthwus
1240 295 1428 339 significat
1445 296 1633 332 hominem
1651 300 1721 332 ter-

936 339 1037 374 renis
1066 340 1177 375 lurris
1208 341 1442 386 inhiantem;
1474 354 1583 388 quem
1613 345 1722 380 Jesus

935 385 1050 429 videt,
1085 387 1173 422 dum
1205 389 1322 424 oculis
1363 390 1635 426 111iseri‹·01·‹iiae
1666 401 1722 426 re-

937 431 1059 484 spicit,
1083 436 1119 468 et
1138 439 1245 470 vocat
1279 447 1378 479 eum,
1407 437 1461 472 vel
1497 448 1563 483 per
1589 438 1721 484 priedi-

937 483 1138 524 cntionem,
1162 482 1219 516 vel
1248 493 1314 527 per
1354 483 1556 530 Scriptura}
1584 485 1719 520 admo-

939 526 1135 571 nitionem,
1157 528 1212 563 vel
1244 539 1311 573 per
1345 531 1529 566 internam
1558 532 1718 578 inspira-

936 573 1094 617 tionem,
1109 574 1163 610 vel
1185 586 1250 620 per
1268 576 1563 622 tribulatiomm,
1580 580 1634 614 vel
1656 590 1720 623 per

937 632 1215 667 quamcumque
1243 621 1339 658 viam
1367 624 1493 659 aliam.
1525 646 1569 650 ——
1595 627 1721 661 l'otest

937 668 1050 704 etiam
1076 669 1221 705 vocatio
1245 670 1410 705 Matthaei
1445 672 1491 706 a‹l
1525 673 1720 717 Apostola-

938 719 1015 751 tum
1039 716 1254 760 significare
1289 717 1523 753 vocationem
1555 719 1719 754 hominis

938 763 1118 799 secularis
1141 764 1188 800 ad
1215 763 1410 809 religionis
1439 769 1602 806 statum;
1628 767 1720 801 Pha-

938 810 1036 846 risaei
1076 822 1165 847 vero
1205 816 1507 854 murmurantes,
1547 812 1722 848 homines

939 857 1107 903 maligni,
1124 858 1319 904 religionis
1336 859 1446 895 statui
1464 860 1721 904 detrahentes,

940 905 1076 951 quihus
1102 907 1198 942 hene
1228 905 1365 942 dicitur
1388 918 1396 942 :
1419 908 1558 942 Euntes
1589 906 1723 942 discite

938 952 1027 998 quid
1047 956 1117 995 est,
1140 952 1443 990 misericordiam
1464 954 1563 998 volo,
1586 958 1622 989 et
1645 964 1722 989 non

939 999 1189 1043 sacriti‹.·ium;
1219 1010 1315 1046 opus
1349 1001 1449 1037 enim
1479 1011 1626 1046 magnfe
1654 1001 1722 1036 mi-

939 1046 1155 1083 sericordiae
1176 1051 1231 1083 est
1245 1051 1462 1094 peccatores
1476 1049 1523 1084 ad
1540 1047 1724 1094 poeniten-

938 1094 1030 1130 tiam
1053 1105 1200 1130 vocare.

992 1156 1031 1177 10
1052 1143 1225 1177 „imminu
1247 1143 1526 1178 Pirtnisfflonmi.
1550 1166 1596 1170 —
1617 1147 1722 1181 Tune

939 1189 1162 1225 accedentes
1185 1189 1365 1226 Pharisaei
1397 1195 1435 1226 et
1468 1190 1640 1239 discipuli
1662 1195 1723 1229 Jo-

939 1235 1048 1271 annis
1085 1237 1310 1282 quaerebant
1351 1248 1373 1274 a
1413 1238 1572 1275 Domino
1609 1241 1720 1284 jesu,

939 1294 1057 1329 quare
1092 1283 1160 1329 ipsi
1193 1284 1428 1330 frequenter,
1451 1286 1516 1321 sed
1553 1297 1627 1322 non
1665 1287 1722 1323 sui

938 1331 1112 1376 discipuli
1143 1332 1374 1377 Jejtmarent.
1409 1332 1589 1369 Pharisaei
1622 1336 1722 1370 enim

938 1377 1156 1423 frequenter
1184 1379 1423 1424 jejunabant,
1461 1391 1543 1416 cum
1580 1381 1720 1427 quibus

937 1425 1097 1461 Joannis
1117 1425 1289 1471 discipuli
1313 1427 1434 1463 adhuc
1460 1426 1498 1462 in
1519 1432 1720 1464 consuetu-

938 1471 1090 1508 dinibus
1115 1473 1283 1508 Judaicis
1310 1475 1596 1519 permanebant.
1620 1475 1722 1512 Sicut

937 1524 1063 1555 autem
1090 1519 1193 1566 prius
1218 1521 1399 1557 Pharisaei
1432 1522 1480 1557 ad
1516 1522 1721 1568 discipulos

937 1570 1194 1611 accesserant,
1217 1570 1257 1603 ut
1283 1569 1382 1614 apud
1412 1579 1478 1604 eos
1499 1569 1721 1615 Magistrum

937 1614 983 1649 de
1010 1613 1199 1650 consortio
1234 1618 1491 1660 peccatorum,
1528 1616 1566 1651 in
1593 1617 1719 1652 convi-

936 1661 1057 1696 vendo
1079 1665 1309 1706 arguerent;
1352 1661 1405 1698 'sic
1435 1663 1547 1699 modo
1571 1664 1619 1699 ad
1646 1665 1720 1699 Ma-

935 1708 1095 1754 gistrum
1130 1709 1330 1753 accedunt,
1349 1712 1390 1745 ut
1426 1710 1526 1756 apud
1555 1721 1640 1746 eum
1668 1710 1721 1746 di-

936 1755 1100 1801 scipulos
1145 1755 1192 1791 de
1231 1756 1465 1802 jejuniorum
1513 1757 1720 1794 omissione

935 1805 1111 1848 arguant,
1137 1806 1177 1839 ut
1197 1803 1250 1839 sie
1270 1804 1368 1840 inter
1381 1814 1446 1840 eos
1466 1805 1624 1842 materia
1647 1805 1720 1842 dis·

935 1850 1020 1886 sidii
1045 1850 1165 1897 possit
1185 1850 1290 1889 oriri.
1321 1852 1384 1887 Isti
1404 1851 1443 1887 in
1462 1852 1609 1889 duobus
1629 1853 1720 1889 defi-

934 1897 1116 1934 ciebant:
1140 1898 1277 1944 primo,
1305 1898 1394 1944 quia
1423 1899 1469 1936 de
1501 1910 1569 1936 sua
1606 1899 1720 1937 absti-

935 1945 1065 1981 nentia
1103 1956 1143 1981 se
1178 1945 1395 1991 jactabant3
1428 1947 1607 1991 secundo,
1631 1947 1721 1993 quia

935 1991 1125 2028 Christum
1145 1993 1358 2038 arguebant
1388 2004 1430 2029 ex
1461 1994 1608 2029 delectu
1630 1994 1718 2031 abs-

935 2039 1104 2075 tinentiae
1136 2040 1173 2074 in
1209 2039 1420 2085 discipulis,
1454 2040 1643 2077 desectum
1682 2044 1720 2077 et

935 2097 1105 2122 errorem
1145 2086 1418 2133 discipulorum
1451 2091 1720 2134 retorquentes

935 2133 973 2168 in
1002 2133 1236 2180 Magistrum.
1263 2135 1335 2170 Per
1361 2134 1454 2170 istos
1481 2135 1544 2181 qui
1575 2136 1621 2171 de
1650 2136 1720 2173 fre-

936 2181 1062 2226 quenti
1088 2181 1234 2227 JeJ'unio
1268 2192 1308 2217 se
1338 2182 1547 2228 Jactabant‚
1570 2187 1608 2219 et
1635 2193 1718 2229 pro-

934 2233 1018 2274 pter
1044 2228 1137 2265 illud
1159 2239 1200 2265 se
1230 2228 1424 2275 discipulis
1460 2229 1597 2266 Christi
1620 2241 1717 2276 prae-

936 2276 1129 2321 serebant,
1183 2275 1445 2322 significantur
1480 2277 1715 2324 hypocritae,

934 2327 1090 2369 propter
1127 2323 1390 2370 apparentiam
1424 2335 1501 2361 suae
1534 2325 1718 2371 religiosi-

934 2370 1022 2407 tatis
1058 2371 1153 2408 alios
1194 2374 1507 2417 contemnentes,
1545 2373 1716 2410 dicentes

934 2418 1025 2454 illud
1056 2429 1142 2455 cum
1180 2418 1372 2456 Pharisaeo
1397 2431 1405 2456 :
1428 2422 1535 2461 Deus,
1571 2422 1716 2464 matins

934 2476 1003 2510 ayo
1033 2466 1115 2507 tibi,
1144 2468 1234 2512 quia
1256 2477 1328 2503 non
1364 2477 1445 2503 sum
1478 2469 1573 2502 sicut
1607 2468 1716 2503 ceteri

935 2514 1140 2559 hominum;
1159 2514 1288 2560 Jejuno
1313 2515 1368 2550 bis
1392 2516 1432 2550 in
1449 2514 1615 2555 sabbato,
1639 2517 1710 2550 etc.

986 2575 1023 2597 11
1047 2562 1224 2599 Cmusrns
1260 2573 1465 2598 mscxrnLos
1501 2572 1572 2597 NON
1615 2572 1714 2598 ,insu-

935 2619 1072 2645 NANTES
1092 2620 1249 2646 excesu
1272 2621 1379 2645 mmm
1401 2619 1641 2645 simLirunim:
1669 2620 1715 2645 οε

935 2667 1040 2692 riLus
1062 2669 1200 2694 spoust.
1223 2677 1268 2683 -
1286 2658 1397 2693 Jesus
1429 2659 1555 2692 autern
1582 2656 1713 2692 consu·

935 2703 1028 2740 tavit
1050 2715 1130 2749 eos,
1152 2707 1191 2741 et
1214 2702 1493 2740 rationabiliter
1526 2703 1717 2740 excusavit

935 2750 1158 2799 discipulos:
1175 2755 1255 2789 tum
1267 2750 1355 2798 quia
1373 2750 1620 2798 corporaliter
1630 2761 1716 2789 cum
