1897 3167
159 211 198 244 14
696 205 840 239 PRIMAE
878 205 1038 239 PARTIS
1075 205 1213 239 CAPUT
1250 207 1261 239 1

160 292 229 318 nec
250 282 335 316 sunt
356 278 430 314 vita
448 277 485 312 in
506 286 559 322 se,
580 276 652 312 hoe
667 278 736 320 est,
755 274 794 311 in
812 277 946 311 natura

164 339 229 365 sua
260 327 299 362 in
335 335 407 371 qua
443 326 528 360 sunt
559 326 597 359 ut
637 326 817 359 creaturae
855 333 874 374 ³.
905 324 945 357 ut

160 380 288 411 tamen
320 375 406 408 sunt
442 371 479 406 in
517 371 591 406 Deo
629 373 666 406 et
691 373 770 405 arte
802 368 941 420 dimna,

162 432 244 467 quae
265 423 321 456 est
340 418 472 454 vitain
494 428 547 461 se,
569 420 655 453 sunt
673 415 762 460 vita,
785 415 871 468 quia
891 415 942 451 1bi

159 469 302 504 habent
327 464 517 511 exemplar
543 468 578 500 et
603 463 788 500 rationem
815 472 941 514 viven-

158 519 247 551 tem.
265 512 400 550 Omnia
413 522 574 557 namque
589 521 672 556 quae
686 509 944 561 temporaliter

159 562 268 605 fiunt,
290 560 347 596 vel
377 560 474 595 facta
494 561 596 602 sunt,
624 558 670 593 ab
693 560 834 592 aeterno
855 556 942 591 fecit

157 609 195 645 id
213 613 283 652 est,
305 607 428 643 facere
449 604 644 651 disposuit,
667 607 702 639 et
722 603 939 649 priusquam

157 655 298 698 fierint,
316 654 413 689 facta
427 655 594 695 noverat,
611 655 647 687 et
663 650 700 685 in
718 651 797 695 ojus
815 652 939 685 mente

158 706 195 739 et
219 700 419 748 praesentia
448 699 624 735 vivebant
658 700 693 733 et
719 696 936 749 vigebant:

157 749 246 795 quia
276 747 402 784 omnia
433 751 519 782 ante
554 743 684 781 mundi
716 747 865 778 1n1t1um
898 753 937 777 ln

153 796 236 842 ipso
267 794 331 830 Dei
366 793 456 830 Filio
492 791 697 838 imaginata
730 792 850 834 erant,
886 792 936 834 et,

154 846 196 878 ut
219 845 350 888 postea
371 841 516 883 fierent,
541 837 722 884 disposita
748 840 869 890 erant,
894 846 937 872 ac

153 899 221 935 per
240 889 311 924 hoc
327 887 431 933 quasi
452 887 550 922 iacta
567 887 675 921 erant
695 887 732 920 et
748 884 935 936 vivebant.

153 935 289 973 Vivunt
316 935 416 970 enim
442 933 568 970 omnia
591 943 673 978 quae
704 931 743 966 in
769 932 834 966 Del
862 931 937 982 dis-

152 982 340 1029 positione
367 985 451 1017 sunt
480 993 488 1016 2
518 980 604 1026 quia
631 979 726 1015 sicut
757 978 939 1023 disposlta

153 1033 254 1073 sunt,
289 1039 367 1064 nou
400 1027 549 1064 evenire
582 1037 656 1062 non
688 1027 858 1071 possunt.
895 1026 938 1060 Et

153 1076 205 1111 sic
231 1078 334 1121 patet
363 1076 497 1112 modus
523 1085 590 1120 per
619 1083 729 1119 quem
756 1075 938 1108 creaturae

150 1122 360 1169 procedunt
398 1134 420 1159 a
454 1122 592 1164 Verbo,
628 1119 815 1163 videlicet,
845 1118 941 1154 sicut

150 1168 352 1205 artificiata
372 1171 419 1206 ab
447 1168 605 1211 artifice,
630 1166 688 1202 vel
721 1169 814 1203 arte.
846 1166 939 1201 Pro-

147 1219 232 1263 pter
251 1217 352 1262 quod
373 1215 463 1252 dicit
481 1216 651 1251 Boetius:

203 1336 522 1351 ..............
552 1309 604 1343 Τιι
634 1308 761 1342 cuncta
783 1315 939 1350 superno

195 1362 305 1398 Ducis
344 1358 389 1394 ab
427 1355 603 1401 eaeemplo,
630 1353 822 1398 pulchrum
853 1352 939 1396 pui-

618 1400 829 1446 [eherrimus
848 1400 938 1444 ipse,

194 1454 372 1492 Mundum
393 1453 508 1486 mente
527 1457 666 1494 qerens,
688 1447 875 1490 similique
895 1445 940 1480 ab

566 1494 738 1541 [imaqine
759 1493 937 1536 formans.

194 1620 240 1629 -
255 1593 447 1637 Moraliter
460 1592 516 1628 est
529 1589 589 1626 hic
602 1586 827 1639 notandum,
838 1585 938 1638 quod

149 1659 242 1695 opus
280 1641 430 1682 virtutis
475 1643 531 1674 est
574 1646 666 1682 opus
703 1636 802 1677 vitae,
844 1636 940 1685 sicut

148 1705 263 1742 opera
282 1689 418 1729 vitiosa
434 1685 623 1736 dicuntur,
645 1691 760 1728 opera
780 1683 935 1716 mortis:

148 1753 242 1789 opus
257 1743 382 1777 autem
398 1731 653 1783 virtutis-Sive
669 1738 762 1774 opus
778 1728 935 1780 bonum,

146 1789 270 1825 nullus
299 1784 477 1830 operatur
506 1778 579 1814 niS1
613 1787 652 1812 in
685 1777 775 1828 Deo.
812 1775 848 1827 ξι
881 1785 936 1809 vis

145 1836 260 1882 igitur
287 1832 382 1870 scire
409 1839 456 1865 an
483 1835 576 1872 opus
601 1825 705 1876 tuum
728 1824 775 1874 sit
796 1832 933 1866 vivum,

145 1883 183 1919 id
208 1885 278 1926 est,
307 1879 337 1916 si
364 1877 412 1912 sit
437 1883 530 1920 opus
554 1871 716 1922 virtutis,
739 1879 815 1921 slve
843 1879 936 1915 opus

143 1932 284 1967 bonum
305 1930 340 1964 et
356 1922 540 1964 divinum3
562 1918 646 1954 vide
659 1928 701 1970 ‘Sl
729 1919 777 1968 sit
795 1915 934 1969 sactum

144 1977 183 2013 in
203 1976 299 2023 ipso,
327 1970 469 2009 scilicet
495 1969 583 2010 Deo,
606 1964 778 2016 qma-liic
798 1963 934 1999 dlcitur

149 2024 249 2070 quod
262 2023 403 2058 factum
421 2019 477 2052 est
495 2014 534 2050 in
552 2013 648 2059 ipso,
662 2011 803 2063 seilicet
824 2011 898 2056 Deo
923 2021 930 2046 :

145 2071 222 2106 vita
252 2071 344 2112 erat,
378 2064 416 2100 id
438 2065 507 2106 est,
529 2059 640 2096 vitale
662 2061 699 2094 et
718 2067 843 2093 vivum
861 2061 930 2094 est.

144 2120 187 2153 In
223 2118 299 2152 Deo
330 2115 455 2150 autem
488 2109 531 2144 fit
557 2105 656 2153 quod
683 2105 722 2141 in
750 2104 932 2141 charitate

145 2165 212 2208 fit3
243 2166 281 2199 et
309 2159 408 2208 quod
440 2159 544 2193 extra
573 2155 690 2190 Deum
722 2154 759 2188 et
792 2155 931 2197 praeter

144 2213 278 2254 Deum,
300 2219 375 2244 non
395 2205 509 2241 habet
528 2210 683 2237 movens
704 2209 774 2235 nec
796 2198 926 2235 finem.

193 2261 213 2294 8
234 2259 383 2293 VERBUM
407 2254 473 2287 Dm
501 2261 569 2285 Lnx
594 2259 656 2283 EST
683 2257 857 2282 HOMINUM.
884 2267 929 2272 -

144 2305 302 2342 Ostenso
335 2303 461 2337 autem
493 2295 653 2343 qualiter
684 2295 848 2346 Verbum
890 2304 929 2329 se

143 2352 283 2388 habeat
305 2349 352 2385 ad
378 2355 509 2383 omues
535 2345 726 2379 creaturas
751 2352 789 2376 1n
812 2351 927 2393 gene-

142 2398 227 2443 rali,
252 2395 526 2440 consequenter
563 2389 739 2432 ostendit,
768 2388 929 2434 quahter

91 2480 99 2486 .
143 2456 183 2482 se
227 2444 365 2480 habeat
401 2440 449 2476 ad
482 2436 654 2473 homines
689 2435 728 2471 in
761 2434 926 2481 speciali,

143 2493 272 2529 dicens
307 2502 315 2525 ε
347 2491 395 2525 Et
417 2488 494 2522 vita
525 2486 603 2519 erat
634 2483 699 2517 luoe
728 2483 924 2517 hominum.

142 2539 236 2583 Quia
254 2537 343 2580 vita,
360 2535 397 2571 id
412 2535 480 2577 est,
502 2531 623 2577 ipsum
642 2529 807 2566 Verbum
827 2529 926 2574 quod

143 2589 200 2623 est
214 2585 290 2621 vita
309 2583 346 2619 in
361 2580 463 2625 se,in
480 2589 553 2624 qua
570 2579 607 2612 et
618 2586 684 2622 per
698 2586 809 2628 quam
826 2586 927 2611 crea-

141 2637 237 2669 turae
256 2631 398 2673 vivunt,
414 2631 492 2663 erat
510 2626 574 2660 luoe
587 2625 782 2663 hominum,
799 2622 837 2657 1d
855 2626 924 2666 est,

142 2680 241 2716 unde
276 2675 479 2714 rationales
514 2673 695 2708 creaturae
730 2672 770 2705 ut
796 2669 925 2722 ‘beatae

142 2728 291 2770 fierent,
313 2719 570 2760 illuminanda}
589 2720 696 2754 erant
713 2727 720 2751 :
741 2726 829 2762 qula
849 2727 925 2752 non

142 2773 269 2810 deficit
282 2770 456 2808 homines
474 2767 660 2803 illustrare
677 2774 744 2810 per
761 2763 925 2816 *gratiam

142 2831 256 2867 super
303 2828 432 2855 omnes
469 2811 699 2856 irradiando,
739 2821 769 2847 si
812 2810 924 2847 homo

1020 274 1107 311 facit
1133 274 1232 320 quod
1251 274 1289 310 in
1315 285 1353 310 se
1375 279 1443 320 est,
1463 285 1502 311 se
1522 275 1569 311 ad
1590 277 1708 312 Deum
1727 287 1796 323 per

1021 321 1271 367 cognitionem
1299 324 1335 357 et
1357 332 1524 358 amorem
1545 326 1655 368 prout
1673 327 1796 370 potest

1020 368 1285 404 convertendo.
1309 388 1354 395 -
1377 369 1579 414 Moraliter,
1601 370 1677 406 vita
1697 371 1796 407 bona

1020 418 1075 451 est
1095 417 1160 451 lum
1181 417 1377 457 hominum,
1399 415 1486 461 quia
1505 417 1589 462 plus
1608 416 1796 454 illuminat

1019 465 1054 498 et
1097 462 1259 498 aedificat
1297 461 1507 508 proximum
1546 464 1635 508 vita,
1682 474 1795 510 quam

1018 509 1143 545 verba.
1182 509 1285 545 Unde
1323 511 1598 553 Hieronymus.-
1631 525 1648 543 «
1682 510 1795 547 Multo

1016 555 1098 601 plus
1123 555 1344 600 intelligitur
1368 556 1467 601 quod
1492 557 1608 593 oculis
1632 557 1794 603 videtur,

1015 612 1126 647 quam
1145 602 1244 649 quod
1261 613 1351 638 aure
1368 603 1582 648 percipitur.
1603 618 1621 636 »
1639 605 1742 641 Unde
1759 608 1797 641 et

1013 650 1146 686 Seneca
1163 662 1174 685 .-
1199 663 1216 682 «
1235 650 1403 694 Longum
1421 648 1492 685 iter
1510 661 1577 696 per
1593 654 1796 697 praecepta,

1013 696 1125 732 breve
1143 699 1180 732 et
1200 696 1331 732 efficax
1353 706 1420 741 per
1447 697 1628 743 exempla.
1651 710 1669 731 »
1691 698 1796 734 Unde

1011 742 1124 779 etiam
1157 743 1203 779 de
1236 743 1395 779 Domino
1423 742 1563 779 dictum
1584 747 1641 781 est
1663 755 1672 780 ε
1694 746 1796 781 Jesus

1010 793 1115 837 eoepit
1133 792 1253 834 faeere
1266 794 1298 826 et
1316 790 1452 825 docere.
1490 808 1497 813 »

1059 852 1078 884 9
1098 838 1174 880 Quo
1201 849 1296 873 Mono
1319 847 1387 872 Lux
1413 848 1449 872 IN
1475 849 1644 873 TENEBms
1671 850 1794 875 LUCET.

1012 904 1056 909 —-
1079 887 1126 920 Ei
1148 886 1213 920 lucc
1241 886 1280 920 in
1307 884 1460 919 tenebris
1482 885 1586 924 lucei.
1607 884 1645 920 id
1670 888 1740 930 est,
1758 885 1796 921 in

1011 931 1290 976 peccatoribus3
1320 930 1407 976 quia
1426 932 1590 967 Verbum
1616 935 1796 977 quantum

1013 979 1050 1013 in
1078 989 1118 1014 se
1144 982 1214 1023 est,
1245 978 1408 1013 illustrat
1433 988 1497 1014 eos
1528 978 1609 1015 luce
1642 978 1795 1024 gratiae3

1013 1025 1079 1060 sed
1117 1024 1308 1062 tenebrosi
1343 1024 1536 1070 sunt,quia
1572 1036 1610 1061 se
1649 1027 1796 1063 subtra-

1013 1073 1106 1107 hunt
1135 1074 1182 1109 ab
1207 1070 1404 1108 influentia
1424 1071 1558 1107 divinae
1579 1072 1685 1117 lucis,
1719 1072 1798 1109 sive

1013 1118 1144 1163 Verbi3
1165 1119 1250 1155 ideo
1270 1117 1438 1163 sequitur
1456 1131 1463 1155 :
1482 1121 1530 1154 Et
1551 1120 1701 1156 tenebrae
1721 1131 1798 1156 eam

1013 1177 1083 1201 non
1118 1166 1471 1212 comprehenderunt,
1509 1169 1546 1202 et
1582 1169 1799 1212 peccatores

1014 1213 1111 1248 hanc
1159 1213 1280 1249 lucem
1327 1222 1403 1247 non
1459 1217 1678 1258 sequuntur,
1722 1224 1799 1250 non

1015 1261 1167 1305 propter
1189 1259 1295 1302 lucis,
1331 1259 1396 1294 sed
1421 1262 1576 1305 propter
1604 1260 1798 1307 proprium

1015 1306 1214 1342 desectum.
1237 1305 1342 1342 Unde
1367 1306 1597 1350 Auyustinus
1619 1319 1628 1342 :
1654 1321 1671 1341 ι(
1698 1308 1798 1350 Quo-

1015 1353 1127 1388 modo
1159 1353 1260 1389 enim
1298 1352 1412 1388 homo
1450 1352 1594 1398 positus
1634 1353 1673 1389 in
1720 1354 1798 1390 sole

1015 1409 1149 1443 caecus,
1179 1409 1347 1446 praesens
1374 1403 1430 1435 est
1452 1399 1505 1435 illi
1533 1400 1601 1444 sol,
1632 1400 1698 1436 sed
1716 1401 1798 1447 ipse

1015 1447 1084 1482 soli
1111 1448 1245 1483 absens
1278 1447 1353 1488 est;
1395 1446 1448 1482 sic
1485 1446 1609 1483 omnis
1648 1447 1796 1492 stultus,

1015 1493 1136 1529 omnis
1158 1494 1323 1540 iniquus,
1355 1493 1478 1529 omnis
1499 1493 1649 1539 impius,
1678 1505 1798 1531 caecus

1015 1543 1070 1577 est
1100 1541 1225 1586 corde,
1262 1543 1449 1588 praesente
1488 1541 1683 1586 sapientia.
1726 1542 1798 1578 Sed

1014 1598 1097 1624 cum
1130 1598 1227 1625 caeco
1263 1598 1430 1635 praesens
1462 1591 1531 1631 est,
1568 1588 1686 1624 oculis
1717 1589 1798 1635 ejus

1013 1635 1151 1671 absens
1171 1638 1245 1680 est;
1271 1648 1345 1672 non
1375 1634 1462 1681 quia
1481 1634 1546 1670 illa
1569 1634 1640 1680 ipsi
1659 1636 1798 1672 absens

1013 1685 1083 1726 est,
1106 1683 1171 1718 sed
1198 1682 1285 1728 quia
1305 1684 1384 1730 ipse
1408 1683 1544 1718 absens
1571 1685 1627 1717 est
1647 1683 1693 1719 ab
1717 1681 1794 1718 illa.

1013 1728 1107 1772 Quid
1124 1740 1212 1776 crgo
1229 1730 1338 1766 faciet
1354 1729 1449 1766 iste‘?
1466 1729 1679 1773 Mundetur,
1698 1729 1798 1765 unde

1012 1775 1129 1822 possit
1162 1777 1279 1813 videri
1319 1779 1430 1814 Deus.
1455 1777 1612 1811 Peccata
1653 1779 1690 1812 et
1728 1775 1798 1812 ini-

1012 1823 1172 1869 quitates
1198 1824 1300 1868 tolle,
1329 1828 1365 1860 et
1397 1822 1542 1859 videbis
1573 1822 1797 1869 sapientiam

1012 1881 1095 1916 quae
1120 1881 1286 1916 przesens
1307 1875 1377 1915 est,
1402 1870 1489 1916 quia
1516 1871 1613 1905 Deus
1634 1873 1691 1906 est
1714 1869 1797 1916 ipsa

1010 1917 1193 1963 sapientia
1201 1930 1210 1963 3
1228 1921 1265 1954 et
1282 1919 1422 1954 dictum
1441 1920 1497 1953 est
1517 1928 1525 1952 :
1546 1919 1651 1953 Beati
1662 1918 1795 1954 mundo

1010 1965 1126 2007 eorde,
1147 1968 1318 2010 quoniam
1345 1967 1419 2011 ipsi
1437 1967 1549 2000 Deum
1567 1964 1754 2000 videbunt.
1773 1978 1792 1998 »

1010 2013 1221 2048 Secundum
1249 2013 1449 2057 02²i9enem‚
1477 2011 1538 2047 lux
1560 2011 1599 2046 in
1628 2012 1794 2048 tenebris

1007 2059 1117 2103 lucet,
1147 2058 1234 2105 quia
1264 2060 1329 2096 Dei
1358 2060 1536 2103 Verbum,
1563 2057 1640 2094 vita
1671 2061 1708 2094 et
1732 2058 1794 2095 lux

1007 2106 1217 2150 hominum,
1242 2106 1281 2142 in
1302 2110 1431 2143 nostra
1450 2108 1598 2149 natura,
1621 2115 1703 2151 quae
1725 2116 1793 2151 per

1007 2164 1046 2189 se
1063 2153 1288 2199 investigata
1303 2158 1340 2190 et
1355 2152 1604 2196 considerata,
1620 2152 1791 2188 informis

1006 2200 1177 2246 quaedam
1192 2201 1442 2237 tenebrositas
1457 2199 1656 2243 invenitur,
1667 2198 1791 2236 lucere

1004 2258 1082 2283 non
1121 2247 1270 2283 desinit.
1310 2250 1371 2290 Et,
1409 2246 1587 2294 quoniam
1615 2245 1696 2292 ipsa
1729 2246 1791 2282 lux

1004 2294 1106 2330 omni
1153 2298 1334 2331 creaturae
1374 2299 1430 2331 est
1469 2292 1788 2339 incomprehensi-

1002 2341 1088 2377 bilis
1111 2353 1119 2377 z
1143 2343 1294 2378 tenebrae
1321 2353 1398 2377 eam
1422 2352 1493 2377 non
1520 2340 1789 2386 comprehende-

1001 2392 1100 2424 runt.
1129 2388 1196 2425 Ubi
1221 2392 1311 2425 nota
1331 2389 1430 2435 quod
1453 2388 1587 2434 triplex
1606 2389 1662 2423 est
1685 2397 1786 2423 com-

1001 2435 1218 2481 prehensiO,
1241 2436 1381 2472 scilicet
1403 2447 1410 2472 :
1434 2446 1501 2482 per
1521 2433 1784 2478 inclusionem,

1001 2493 1069 2528 per
1105 2486 1273 2528 apertam
1305 2483 1502 2527 visionem,
1532 2492 1599 2528 per
1627 2480 1716 2517 fidei
1748 2484 1785 2517 et

1002 2529 1194 2566 charitatis
1215 2530 1482 2566 adhaesionem.
1506 2528 1629 2564 Primo
1656 2527 1782 2572 modo,

1002 2587 1023 2612 a
1062 2576 1186 2621 nullo;
1226 2577 1390 2614 secundo
1425 2576 1551 2619 modo,
1584 2585 1605 2611 a
1640 2574 1780 2619 beatis;

1000 2623 1110 2659 tertio
1151 2624 1276 2668 modo,
1316 2635 1338 2660 a
1377 2622 1520 2660 Sanctis
1548 2633 1556 2657 t
1586 2621 1652 2658 sed
1678 2621 1780 2657 nullo

999 2670 1156 2706 istorum
1191 2672 1388 2707 modorum
1422 2681 1444 2706 a
1470 2668 1644 2714 malignis
1679 2678 1779 2704 com-

998 2717 1256 2763 prehenditur,
1277 2717 1362 2754 ideo
1380 2716 1514 2753 dicitur
1537 2727 1545 2752 :
1563 2718 1610 2751 Et
1630 2715 1781 2751 tenebrae

1000 2774 1076 2799 eam
1095 2775 1165 2801 non
1184 2765 1539 2811 comprehenderunt,
1568 2762 1607 2798 id
1627 2765 1695 2807 est,
1716 2762 1778 2807 qui

999 2821 1076 2848 non
1120 2811 1195 2848 fide
1240 2822 1309 2849 nec
1351 2819 1479 2848 anrore
1522 2810 1774 2848 adhaeserunt.
