1876 3126
497 171 719 207 SERMONIS
757 172 800 206 IN
836 172 982 207 MONTE
1020 173 1340 209 CONTINUATIO.

118 243 178 280 ira
209 253 357 287 recens,
381 242 499 278 multo
529 240 650 287 magis
678 240 902 287 inveterata,

118 294 163 328 ut
182 291 272 327 dicit
296 291 526 335 Auqusctnus
550 300 561 323 :
589 303 605 320 «
628 287 664 324 Si
689 287 799 324 irasci
828 299 904 325 non

119 341 181 375 est
216 338 271 375 fas
303 337 422 380 tratri,
450 338 514 371 aut
547 334 671 370 dicere
698 336 812 380 Raca,
839 339 905 372 aut

120 386 238 422 Fatue
260 396 268 421 t
292 384 408 420 multo
428 382 548 426 magis
568 381 606 417 in
623 381 750 417 animo
774 386 904 419 tenere

119 432 276 478 aliquid,
296 435 338 468 ut
365 431 402 466 in
429 429 557 465 odium
585 428 797 474 indignatio
819 441 906 467 con-

123 483 317 516 vertatur:
344 491 357 509 »
388 477 468 512 haec
488 477 734 520 Achustinus.

169 529 190 562 8
210 528 486 562 Rscoxcmmrio
504 534 620 559 ,turen
641 535 810 568 JUBETUR,
835 536 903 560 nu-

121 584 346 612 Nssmnusoun
381 582 642 607 ANTEPONITUR.
666 571 820 608 —Ideo
860 582 903 607 ex

120 619 328 668 praemissis
363 617 552 654 concludit
578 617 773 662 Dominus,
802 620 903 664 quod

122 667 254 703 volens
284 666 421 703 ol'serre
449 667 523 701 Deo
544 665 581 700 in
617 665 725 701 altari
748 666 834 701 fidei
866 670 903 702 et

122 713 248 751 cordis
261 713 314 750 sui
326 713 587 759 quodcumque
599 723 750 756 munus,
761 713 903 749 scilicet

122 761 262 805 cordis,
281 761 370 804 oris,
384 759 523 806 operis,
537 759 614 795 sive
628 760 805 804 hostiam,
825 760 902 796 sive

118 808 397 854 eleemosynam
405 807 495 851 ,sive
506 806 903 851 doct1·inam,siveora-

118 856 277 898 tionem,
292 855 369 891 sive
388 855 583 900 hymnum,
598 855 675 889 sive
699 854 900 900 psalmum,

119 902 198 939 sive
228 903 331 939 aliud
362 900 613 948 spiritualium
633 901 689 936 vel
723 912 900 948 corpora-

119 949 214 986 lium
245 950 446 992 donorum,
482 947 600 994 prius,
628 948 741 984 debet
768 960 899 985 recon-

121 997 241 1033 ciliari
277 996 397 1040 fratri,
438 996 525 1031 lfcso
565 1006 631 1031 seu
656 996 802 1031 ossenso
833 1007 901 1042 per

119 1054 206 1081 eum
226 1045 342 1080 verbo
375 1043 431 1079 vel
459 1044 570 1086 sacto,
599 1042 738 1078 damno
767 1053 921 1089 corpo--

114 1091 184 1128 rali
224 1092 280 1127 vel
317 1090 516 1137 spirituali,
540 1088 628 1134 quia
658 1100 796 1126 munus
824 1102 899 1126 non

118 1138 316 1185 accipitur,
346 1137 415 1173 nisi
437 1141 526 1173 ante
546 1136 735 1172 discordia
755 1138 802 1173 ab
822 1137 900 1173 ani-

117 1195 180 1223 mo
201 1186 419 1231 repellatur.
443 1186 541 1219 Deus
562 1183 699 1229 quippe
716 1195 791 1219 non
816 1196 898 1220 mu-

118 1243 190 1269 nus
209 1233 370 1279 repellit,
396 1232 462 1268 sed
492 1231 716 1267 charitatem
741 1232 897 1276 proximi

118 1280 268 1333 quaerit,
292 1283 329 1316 et
346 1279 430 1315 ideo
452 1278 674 1314 charitatem
690 1279 794 1324 prius
816 1290 898 1325 pro—

110 1338 210 1364 ximo
232 1328 410 1369 exsolvat,
440 1326 505 1372 qui
526 1336 660 1361 munus
682 1336 790 1362 suum
821 1328 896 1362 Deo

113 1375 264 1422 placere
306 1377 467 1420 exoptat.
509 1375 642 1409 Munus
677 1373 777 1408 enim
820 1375 895 1410 Deo

113 1423 281 1459 oblatum
317 1432 392 1457 non
425 1420 572 1467 prolicit
607 1420 676 1466 ipsi
703 1421 892 1465 otl'erenti,

110 1469 185 1506 nisi
211 1469 259 1505 sit
285 1469 321 1504 in
348 1468 554 1511 charitate;
577 1467 800 1504 charitatem
827 1479 893 1504 au-

111 1518 189 1554 tem
223 1527 300 1552 non
335 1517 464 1559 habet,
507 1514 577 1550 nisi
616 1515 786 1560 proximo
826 1526 894 1561 per

111 1574 200 1601 eum
223 1565 311 1600 laeso
332 1563 421 1600 velit
435 1562 664 1599 satisfacere.
685 1562 750 1597 Ubi
770 1562 891 1598 scien-

112 1611 202 1648 dum
224 1611 337 1658 quod,
360 1611 389 1647 si
414 1610 608 1646 commode
620 1608 738 1655 possit
759 1610 889 1646 haberi

113 1659 232 1706 ipsius
253 1658 379 1695 fratris
400 1656 535 1693 offensi
560 1656 776 1703 praesentia,
802 1660 891 1692 tunc

111 1706 344 1753 pergendum
377 1709 433 1741 est
461 1704 508 1740 ad
529 1714 615 1739 eum
635 1703 795 1750 pedibus
814 1715 892 1740 cor-

107 1753 225 1801 poris,
253 1756 290 1789 et
318 1751 554 1788 revocandus
584 1754 640 1787 est
666 1750 704 1786 in
729 1751 890 1797 gratiam

110 1799 391 1844 satisfaciendo,
407 1799 463 1835 vel
482 1797 630 1834 veniam
647 1798 889 1844 postulando.

110 1847 149 1885 Si
169 1851 296 1884 autem
318 1847 398 1893 ejus
422 1845 627 1893 praesentia
660 1856 735 1881 non
773 1846 892 1892 possit
926 1867 927 1890 ἦ

926 1908 928 1924 ι
955 1894 1088 1930 ablui?
1108 1894 1225 1938 Quale
1259 1893 1400 1929 crimen
1421 1896 1490 1935 est,
1516 1891 1615 1937 quod
1638 1902 1740 1927 mar-

926 1947 929 1954 ·
954 1941 1050 1987 tyrio
1073 1952 1148 1977 non
1174 1944 1297 1986 potest
1331 1939 1503 1985 expiari?
1528 1953 1546 1969 »
1570 1939 1613 1973 Et
1639 1937 1742 1982 ideo,

926 1999 929 2014 ²
956 1992 996 2024 ut
1023 1988 1075 2024 ait
1103 1990 1378 2032 Chrysas-tomus
1399 1999 1406 2022 :
1431 2000 1449 2018 «
1471 1987 1626 2021 Munera
1646 1985 1740 2021 Abel

926 2045 929 2061 ³
955 2038 1128 2081 suscepta
1149 2038 1237 2071 sunt
1258 2045 1280 2070 a
1300 2036 1390 2076 Deo,
1412 2032 1502 2069 Cain
1524 2033 1742 2078 reprobata,

926 2082 1043 2128 ⁴quia
1086 2082 1178 2118 Abel
1217 2092 1312 2128 pura
1335 2091 1379 2116 ac
1411 2079 1571 2125 simplici
1611 2081 1740 2115 mente

925 2131 927 2157 i
956 2130 1114 2166 Domino
1135 2139 1293 2165 munera
1312 2128 1519 2170 offerebat3
1541 2126 1631 2163 Cain
1649 2136 1740 2163 vero

109 1895 307 1932 commode
323 1893 468 1937 haberi,
485 1897 573 1929 tunc
586 1892 723 1928 sufficit
739 1894 785 1928 ad
804 1904 890 1929 eum

108 1941 165 1979 ire
191 1942 349 1988 pedibus
375 1941 522 1983 mentis,
551 1941 827 1985 prosternendo
856 1944 893 1976 et

107 1989 307 2026 subdendo
330 1999 369 2024 se
394 1988 460 2032 illi,
477 1987 548 2034 piis
575 1987 671 2022 votis
697 1991 733 2022 et
752 1988 890 2023 affectu

110 2036 259 2080 humili,
288 2036 463 2072 habendo
487 2033 721 2081 propositum
743 2035 891 2070 satisfa-

114 2084 253 2127 ciendi,
276 2084 357 2119 loco
387 2088 424 2119 et
458 2086 626 2127 tempore
647 2081 888 2127 competenti.

110 2133 156 2170 Et
188 2133 259 2168 hoc
289 2132 400 2167 modo
428 2130 544 2166 utitur
567 2128 732 2164 Ecclesia
756 2130 892 2165 Roma-

109 2190 173 2225 na,
199 2190 284 2226 quae
307 2189 414 2214 reum
442 2177 683 2213 confitentem
717 2176 890 2221 absolvit,

111 2231 152 2264 et
171 2227 241 2263 sibi
258 2225 551 2262 satisfactionem
571 2223 661 2259 laeso
680 2222 892 2259 faciendam

107 2274 281 2321 imponit.
310 2273 510 2309 Sciendum
543 2274 598 2307 est
639 2270 766 2314 etiam,
793 2271 893 2316 quod

109 2322 142 2359 si
166 2322 313 2358 offensa
333 2324 422 2356 nota
445 2324 500 2356 est
523 2316 643 2361 fratri,
668 2318 893 2363 postulanda

111 2372 171 2406 est
190 2367 471 2412 reconciliatio;
494 2366 525 2402 si
546 2375 633 2400 vcro
657 2365 890 2410 abscondita,

111 2427 188 2453 non
208 2419 339 2452 teneor
355 2414 426 2451 sibi
453 2412 709 2456 manifestare,
734 2423 780 2448 ne
802 2422 892 2449 con-

114 2463 250 2500 citetur
269 2463 316 2499 ad
335 2462 443 2506 iram,
463 2461 528 2498 sed
549 2459 774 2506 postulanda
795 2465 851 2496 est
871 2472 894 2497 a

113 2512 206 2555 Deo,
232 2514 268 2546 et
298 2508 576 2545 manifestanda
610 2507 810 2543 sacerdoti.
834 2510 891 2552 Et,

112 2558 317 2595 secundum
342 2558 646 2601 Cltrgssostomum,
670 2553 699 2589 si
728 2555 893 2601 cogitatu
929 2581 931 2594 .

930 2603 931 2607 ’
957 2603 1080 2640 solvas
1119 2602 1357 2639 inimicitiam
1395 2610 1480 2636 cum
1504 2599 1617 2634 fratre
1648 2600 1743 2641 tuo;

103 2604 326 2649 -oss'endisti,
360 2603 604 2640 reconciliare
645 2601 834 2647 cogitatu;
861 2603 890 2640 si

111 2652 238 2690 verbis
261 2651 467 2696 otl'endisti,
486 2648 729 2687 reconciliare
750 2651 890 2695 verbis3

113 2700 148 2738 si
189 2699 366 2747 operibus
398 2698 586 2735 offendisti
607 2729 616 2746 ‚
647 2697 894 2737 reconciliare

113 2747 303 2795 operibus.
321 2748 440 2784 Omne
467 2747 567 2783 enim
590 2752 798 2795 peccatum,
820 2757 893 2793 quo

107 2795 224 2833 modo
257 2794 518 2841 committitur,
541 2796 674 2832 eodem
703 2795 814 2831 modo
847 2793 894 2831 de

927 1614 930 1653 ξ
955 1621 1023 1646 nus
1051 1623 1061 1645 .·

928 2414 1062 2450 lUnde
1097 2413 1197 2449 idem
1236 2413 1510 2457 Chrysostomus
1543 2424 1553 2445 :

1688 172 1752 208 2⁶19

965 242 1049 288 ipso
1064 243 1287 289 poenitentia
1314 244 1465 289 agitur;
1493 247 1542 289 et,
1566 244 1595 280 si
1627 244 1748 281 oss'en-

968 289 1023 324 dit
1045 290 1130 335 quis
1151 292 1265 326 verlio
1287 292 1536 334 detrahendo,
1564 292 1677 328 debet
1695 302 1755 329 re·

938 379 940 384 X
966 337 1170 372 conciliare
1195 338 1333 373 famam
1356 338 1600 374 restituendo.
1620 340 1750 376 Atten-

966 383 1012 419 de
1037 384 1134 419 bene
1156 383 1240 427 ista,
1264 385 1353 430 quia
1391 386 1532 421 relucet
1563 385 1623 421 hic
1649 386 1750 424 circa

967 441 1037 466 nos
1056 440 1194 475 magna
1216 432 1278 466 Dei
1302 432 1576 475 misericordia,
1600 433 1754 478 quando

966 476 1162 513 hominum
1184 477 1366 513 utilitates
1388 480 1470 524 plus
1485 480 1619 524 aspicit
1637 489 1752 526 quam

966 535 1056 560 suos
1078 525 1254 567 honores,
1278 528 1315 560 et
1336 526 1420 571 plus
1435 526 1554 571 diligit
1578 527 1749 564 fidelium

966 571 1208 607 concordiam
1242 582 1354 617 quam
1389 583 1544 609 munera
1571 574 1641 609 sibi
1683 575 1750 611 ob·

938 646 939 654 ,
965 619 1053 654 lata.
1086 619 1190 654 Unde
1208 620 1526 663 Ghmssostomus:«
1555 622 1582 655 Ο
1604 621 1752 658 admira

967 666 1080 702 bilem
1090 665 1500 711 benignitatem,atque
1517 666 1750 703 ineffabilem

938 717 1056 759 'erga
1084 713 1259 748 homines
1293 723 1463 748 amorem
1498 713 1587 749 Dei!
1624 715 1751 749 Hono-

966 771 1046 796 rem
1074 771 1184 796 suum
1206 759 1379 806 despicit,
1405 760 1494 795 dum
1519 760 1552 794 in
1581 760 1752 806 proximo

937 808 1189 844 ·charitatem
1229 806 1401 854 requirit.
1432 806 1529 842 Nihil
1564 808 1664 843 enim
1699 807 1752 843 ita

966 855 1092 891 studet
1128 856 1242 899 Deus,
1285 857 1325 890 ut
1360 865 1429 890 nos
1465 853 1604 890 mutuis
1641 853 1752 890 nobis

965 901 1161 938 charitatis
1182 901 1340 938 nexibus
1362 900 1540 946 colligare
1564 912 1571 936 :
1595 904 1752 947 propter

965 950 1035 984 hoc
1064 948 1165 984 enim
1196 949 1293 984 sacta
1326 951 1412 984 sunt
1445 948 1586 992 onmia,
1609 948 1753 984 idcirco

964 1000 1001 1032 et
1024 998 1120 1032 Deus
1151 997 1264 1031 homo
1297 995 1417 1031 factus
1449 999 1519 1039 est,
1540 999 1653 1040 atque
1674 1005 1753 1031 om-

965 1044 1028 1079 nia
1051 1044 1113 1079 illa
1136 1043 1265 1089 gessit,
1289 1046 1330 1078 ut
1356 1053 1424 1078 nos
1451 1041 1487 1077 in
1521 1053 1640 1077 unum
1662 1052 1751 1078 con-

935 1104 937 1116 4
963 1094 1139 1136 gregaret
1163 1102 1169 1126 :
1196 1104 1212 1123 η
1247 1092 1328 1126 liaec
1368 1091 1656 1133 Chi-yssostomzes.
1680 1090 1754 1125 Re-

934 1139 1063 1173 ¹lucet
1102 1140 1137 1173 et
1179 1137 1239 1173 hic
1279 1136 1528 1172 nihilominus
1568 1135 1753 1172 severitas

934 1190 935 1218 l
963 1185 1027 1220 Dei
1064 1196 1215 1230 magna,

932 1230 935 1272 J
961 1235 1048 1268 vota
1084 1236 1235 1268 recusat
1274 1235 1310 1268 et
1336 1242 1507 1267 munera.
1533 1231 1639 1266 L'nde
1665 1231 1752 1267 Gre-

932 1291 933 1318 ÷
960 1282 1086 1324 florius
1108 1293 1118 1315 :
1144 1294 1162 1312 «
1192 1282 1286 1316 Ecce
1309 1290 1331 1315 a
1351 1278 1657 1314 discor‹;lantibus
1683 1287 1748 1314 ac-

930 1344 933 1361 ;
960 1327 1085 1373 cipere
1107 1338 1182 1362 non
1201 1327 1279 1363 vult
1300 1326 1542 1366 sacrificium,
1567 1326 1745 1362 holocau-

1263 1184 1414 1230 quando
1451 1183 1753 1220 discordantium

960 1378 1059 1410 stum
1103 1374 1293 1420 suscipere
1327 1376 1493 1409 recusat.
1524 1372 1618 1408 Hinc
1654 1383 1745 1418 ergo

929 1445 931 1451 ι
956 1421 1177 1468 perpendite
1199 1424 1383 1467 qnantum
1419 1420 1466 1456 sit
1500 1420 1640 1455 malum
1668 1420 1746 1455 dis-

956 1469 1108 1514 cordiae,
1136 1472 1291 1515 propter
1330 1468 1431 1513 quod
1465 1471 1502 1503 ct
1529 1467 1621 1503 illud
1649 1466 1746 1512 abji-

954 1516 1064 1560 citur,
1088 1527 1156 1561 per
1177 1516 1279 1561 quod
1296 1516 1407 1560 culpa
1425 1515 1626 1550 relaxatur.
1652 1527 1669 1547 J)
1690 1516 1743 1550 De

955 1564 1025 1599 hoc
1052 1564 1151 1599 malo
1174 1561 1371 1598 discordiae
1399 1561 1452 1597 sic
1473 1561 1563 1596 dicit
1585 1562 1739 1606 Cypria-

1091 1624 1109 1643 «
1134 1609 1360 1645 Discordans
1394 1612 1429 1644 et
1469 1607 1671 1652 dissidens,
1702 1611 1738 1644 et

954 1668 1086 1704 pacem
1119 1667 1205 1693 cum
1238 1656 1420 1692 fratribus
1461 1666 1537 1690 non
1576 1656 1738 1699 habens,

926 1701 928 1729 l
957 1716 1026 1740 nee
1044 1704 1073 1740 si
1095 1715 1162 1750 pro
1184 1703 1337 1739 nomine
1361 1702 1497 1740 Christi
1519 1701 1664 1738 occisus
1682 1702 1738 1737 fu-

926 1770 928 1786 ;
956 1751 1205 1796 erit,crimine
1219 1750 1743 1795 dissensionisfraternaepot-

926 1810 928 1829 =
956 1799 1027 1836 erit
1048 1796 1348 1842 evadereQuale
1372 1808 1461 1844 ergo
1483 1797 1663 1833 delictum
1686 1799 1744 1833 est

957 1847 1070 1893 quod,
1096 1858 1164 1883 nec
1184 1846 1372 1893 baptismo
1401 1844 1597 1891 sanguinis
1620 1846 1744 1890 potest

956 2177 1050 2213 iram
1086 2177 1267 2212 adversus
1303 2176 1459 2211 fratrem
1494 2175 1667 2217 tenebam
1706 2175 1742 2209 et

955 2225 1038 2260 ideo
1064 2223 1126 2259 ille
1146 2223 1285 2270 placuit
1312 2222 1352 2258 in
1378 2231 1550 2265 munere,
1571 2220 1635 2266 qui
1656 2220 1739 2267 pla-

955 2273 1062 2308 cebat
1096 2271 1133 2306 in
1169 2271 1328 2306 corde.»
1364 2269 1461 2312 Sed,
1494 2269 1588 2304 heu!
1626 2267 1741 2304 hodie

955 2318 1062 2355 multi
1082 2318 1166 2354 huic
1178 2317 1268 2355 Cain
1284 2321 1370 2354 sunt
1380 2316 1536 2360 similes,
1556 2325 1641 2351 cum
1663 2315 1740 2351 dis-

956 2365 1094 2402 cordiis
1117 2369 1155 2402 et
1181 2365 1278 2402 dolis
1304 2365 1352 2401 ad
1366 2365 1486 2401 altare
1498 2363 1735 2399 accedentes.

1594 2423 1610 2443 «
1644 2411 1737 2445 Cum

957 2463 1054 2497 Deus
1067 2464 1210 2497 tantum
1219 2471 1320 2496 curie
1334 2455 1656 2495 reconciliationis
1669 2466 1736 2491 no-

955 2512 1043 2544 strae
1070 2509 1220 2553 habeat,
1244 2511 1285 2544 ut
1314 2506 1480 2553 patiatur
1511 2502 1736 2549 interrumpi

958 2555 1168 2592 ministeria
1197 2566 1279 2599 sua,
1305 2555 1424 2590 donee
1462 2556 1500 2587 tu
1531 2561 1595 2587 eas
1620 2553 1656 2586 et
1680 2560 1740 2585 re-

958 2661 1027 2687 nec
1049 2661 1118 2687 nos
1139 2652 1210 2686 hoe
1235 2650 1359 2696 ipsum
1381 2643 1742 2697 erubescimus-sed

958 2699 1096 2734 multos
1111 2698 1192 2734 dies
1227 2696 1392 2743 patimur
1418 2703 1573 2729 manere
1620 2701 1744 2727 numl-

959 2745 1081 2791 citias,
1106 2749 1143 2782 et
1163 2745 1348 2781 trahimus
1377 2741 1474 2778 sicut
1507 2741 1634 2776 sunem
1659 2738 1742 2775 lon-

957 2803 1046 2839 gum
1100 2791 1327 2833 discordias,
1364 2789 1583 2835 ignorantes
1645 2784 1745 2832 quod
