<?xml version="1.0" encoding="UTF-8"?>
<!DOCTYPE html PUBLIC "-//W3C//DTD XHTML 1.0 Transitional//EN"
    "http://www.w3.org/TR/xhtml1/DTD/xhtml1-transitional.dtd">
<html xmlns="http://www.w3.org/1999/xhtml" xml:lang="en" lang="en">
 <head>
  <title>
</title>
<meta http-equiv="Content-Type" content="text/html;charset=utf-8" />
  <meta name='ocr-system' content='tesseract 3.04.00' />
  <meta name='ocr-capabilities' content='ocr_page ocr_carea ocr_par ocr_line ocrx_word'/>
</head>
<body>
  <div class='ocr_page' id='page_1' title='image "./vitajesuchristie01ludouoft_0299.png"; bbox 0 0 1876 3126; ppageno 0'>
   <div class='ocr_carea' id='block_1_1' title="bbox 498 160 1746 198">
    <p class='ocr_par' dir='ltr' id='par_1_1' title="bbox 498 160 1746 198">
     <span class='ocr_line' id='line_1_1' title="bbox 498 160 1746 198; baseline 0.002 -3"><span class='ocrx_word' id='word_1_1' title='bbox 498 161 726 195; x_wconf 75' lang='lat' dir='ltr'>SERMONIS</span> <span class='ocrx_word' id='word_1_2' title='bbox 763 161 806 194; x_wconf 77' lang='lat' dir='ltr'>IN</span> <span class='ocrx_word' id='word_1_3' title='bbox 844 160 987 195; x_wconf 73' lang='lat' dir='ltr'>MONTE</span> <span class='ocrx_word' id='word_1_4' title='bbox 1027 161 1339 196; x_wconf 65' lang='lat' dir='ltr'>CONTINUATIO.</span> <span class='ocrx_word' id='word_1_5' title='bbox 1685 165 1746 198; x_wconf 72' lang='lat'>285</span> 
     </span>
    </p>
   </div>
   <div class='ocr_carea' id='block_1_2' title="bbox 737 352 1119 400">
    <p class='ocr_par' dir='ltr' id='par_1_2' title="bbox 737 352 1119 400">
     <span class='ocr_line' id='line_1_2' title="bbox 737 352 1119 400; baseline 0.003 -1"><span class='ocrx_word' id='word_1_6' title='bbox 737 353 920 400; x_wconf 87' lang='lat' dir='ltr'><strong>CAPUT</strong></span> <span class='ocrx_word' id='word_1_7' title='bbox 949 352 1119 400; x_wconf 87' lang='lat' dir='ltr'><strong>XXXV</strong></span> 
     </span>
    </p>
   </div>
   <div class='ocr_carea' id='block_1_3' title="bbox 105 509 1749 604">
    <p class='ocr_par' dir='ltr' id='par_1_3' title="bbox 105 509 1749 604">
     <span class='ocr_line' id='line_1_3' title="bbox 105 509 1749 545; baseline 0.001 -2"><span class='ocrx_word' id='word_1_8' title='bbox 105 512 296 543; x_wconf 80' lang='lat' dir='ltr'>SERMONIS</span> <span class='ocrx_word' id='word_1_9' title='bbox 318 512 357 540; x_wconf 89' lang='lat' dir='ltr'>IN</span> <span class='ocrx_word' id='word_1_10' title='bbox 381 511 514 541; x_wconf 82' lang='lat' dir='ltr'>MONTE</span> <span class='ocrx_word' id='word_1_11' title='bbox 539 509 806 540; x_wconf 84' lang='lat' dir='ltr'>CONTINUATIO</span> <span class='ocrx_word' id='word_1_12' title='bbox 829 510 837 536; x_wconf 74' lang='grc' dir='ltr'><strong>Ξ</strong></span> <span class='ocrx_word' id='word_1_13' title='bbox 859 509 907 538; x_wconf 86' lang='lat' dir='ltr'>DE</span> <span class='ocrx_word' id='word_1_14' title='bbox 929 509 1143 538; x_wconf 79' lang='lat' dir='ltr'><strong>PATIENTIA</strong></span> <span class='ocrx_word' id='word_1_15' title='bbox 1168 510 1219 538; x_wconf 86' lang='lat' dir='ltr'>ET</span> <span class='ocrx_word' id='word_1_16' title='bbox 1239 511 1459 542; x_wconf 78' lang='lat' dir='ltr'>LARGITATE</span> <span class='ocrx_word' id='word_1_17' title='bbox 1486 515 1595 543; x_wconf 69' lang='grc' dir='ltr'>(ΗΒΕΑ</span> <span class='ocrx_word' id='word_1_18' title='bbox 1618 516 1749 545; x_wconf 81' lang='lat' dir='ltr'><strong>PROXI-</strong></span> 
     </span>
     <span class='ocr_line' id='line_1_4' title="bbox 747 574 1101 604; baseline -0.003 -1"><span class='ocrx_word' id='word_1_19' title='bbox 747 575 837 604; x_wconf 81' lang='lat' dir='ltr'>MUM</span> <span class='ocrx_word' id='word_1_20' title='bbox 859 574 1101 604; x_wconf 81' lang='lat' dir='ltr'><strong>EXHIBENDA.</strong></span> 
     </span>
    </p>
   </div>
   <div class='ocr_carea' id='block_1_4' title="bbox 569 684 1288 733">
    <p class='ocr_par' dir='ltr' id='par_1_4' title="bbox 569 684 1288 733">
     <span class='ocr_line' id='line_1_5' title="bbox 569 684 1288 733; baseline 0.001 -12"><span class='ocrx_word' id='word_1_21' title='bbox 569 684 735 722; x_wconf 68' lang='lat' dir='ltr'>Matthcei</span> <span class='ocrx_word' id='word_1_22' title='bbox 763 695 844 732; x_wconf 86' lang='lat' dir='ltr'>cap.</span> <span class='ocrx_word' id='word_1_23' title='bbox 872 686 903 721; x_wconf 92' lang='lat' dir='ltr'>V</span> <span class='ocrx_word' id='word_1_24' title='bbox 922 687 960 722; x_wconf 83' lang='lat' dir='ltr'>et</span> <span class='ocrx_word' id='word_1_25' title='bbox 984 685 1091 722; x_wconf 79' lang='lat' dir='ltr'>Lucae</span> <span class='ocrx_word' id='word_1_26' title='bbox 1118 696 1198 733; x_wconf 86' lang='lat' dir='ltr'>cap.</span> <span class='ocrx_word' id='word_1_27' title='bbox 1228 687 1288 722; x_wconf 85' lang='lat' dir='ltr'>VI.</span> 
     </span>
    </p>
   </div>
   <div class='ocr_carea' id='block_1_5' title="bbox 100 821 894 2811">
    <p class='ocr_par' dir='ltr' id='par_1_5' title="bbox 100 821 894 2811">
     <span class='ocr_line' id='line_1_6' title="bbox 155 821 892 859; baseline -0.004 0"><span class='ocrx_word' id='word_1_28' title='bbox 155 838 167 859; x_wconf 92' lang='lat'>1</span> <span class='ocrx_word' id='word_1_29' title='bbox 207 823 279 859; x_wconf 69' lang='lat' dir='ltr'>Lex</span> <span class='ocrx_word' id='word_1_30' title='bbox 315 832 480 857; x_wconf 63' lang='lat' dir='ltr'>mmm-is</span> <span class='ocrx_word' id='word_1_31' title='bbox 522 831 614 855; x_wconf 70' lang='lat' dir='ltr'>Arri)</span> <span class='ocrx_word' id='word_1_32' title='bbox 648 821 807 856; x_wconf 68' lang='lat' dir='ltr'>Junffios.</span> <span class='ocrx_word' id='word_1_33' title='bbox 847 841 892 846; x_wconf 96' lang='lat'>—</span> 
     </span>
     <span class='ocr_line' id='line_1_7' title="bbox 104 867 891 917; baseline -0.005 -10"><span class='ocrx_word' id='word_1_34' title='bbox 104 873 309 917; x_wconf 85' lang='lat' dir='ltr'>Postquam</span> <span class='ocrx_word' id='word_1_35' title='bbox 337 879 427 913; x_wconf 83' lang='lat' dir='ltr'>ergo</span> <span class='ocrx_word' id='word_1_36' title='bbox 456 867 640 903; x_wconf 85' lang='lat' dir='ltr'>Dominus</span> <span class='ocrx_word' id='word_1_37' title='bbox 665 867 794 903; x_wconf 89' lang='lat' dir='ltr'>docuit</span> <span class='ocrx_word' id='word_1_38' title='bbox 815 878 891 903; x_wconf 89' lang='lat' dir='ltr'>non</span> 
     </span>
     <span class='ocr_line' id='line_1_8' title="bbox 105 914 889 961; baseline -0.009 -5"><span class='ocrx_word' id='word_1_39' title='bbox 105 929 187 956; x_wconf 88' lang='lat' dir='ltr'>esse</span> <span class='ocrx_word' id='word_1_40' title='bbox 226 917 461 952; x_wconf 80' lang='lat' dir='ltr'>inserendam</span> <span class='ocrx_word' id='word_1_41' title='bbox 490 914 668 960; x_wconf 83' lang='lat' dir='ltr'>injuriam</span> <span class='ocrx_word' id='word_1_42' title='bbox 704 915 889 961; x_wconf 81' lang='lat' dir='ltr'>proximo,</span> 
     </span>
     <span class='ocr_line' id='line_1_9' title="bbox 104 962 891 1007; baseline -0.008 -4"><span class='ocrx_word' id='word_1_43' title='bbox 104 977 174 1002; x_wconf 92' lang='lat' dir='ltr'>nec</span> <span class='ocrx_word' id='word_1_44' title='bbox 191 962 477 1001; x_wconf 77' lang='lat' dir='ltr'>irreverentiam</span> <span class='ocrx_word' id='word_1_45' title='bbox 498 964 593 1005; x_wconf 89' lang='lat' dir='ltr'>Deo;</span> <span class='ocrx_word' id='word_1_46' title='bbox 614 966 891 1007; x_wconf 79' lang='lat' dir='ltr'>consequenter</span> 
     </span>
     <span class='ocr_line' id='line_1_10' title="bbox 104 1009 891 1058; baseline -0.008 -8"><span class='ocrx_word' id='word_1_47' title='bbox 104 1014 213 1050; x_wconf 89' lang='lat' dir='ltr'>docet</span> <span class='ocrx_word' id='word_1_48' title='bbox 237 1011 398 1058; x_wconf 76' lang='lat' dir='ltr'>qualiter</span> <span class='ocrx_word' id='word_1_49' title='bbox 425 1009 662 1046; x_wconf 67' lang='lat' dir='ltr'>Christianus</span> <span class='ocrx_word' id='word_1_50' title='bbox 689 1020 728 1045; x_wconf 91' lang='lat' dir='ltr'>se</span> <span class='ocrx_word' id='word_1_51' title='bbox 752 1010 891 1045; x_wconf 86' lang='lat' dir='ltr'>babere</span> 
     </span>
     <span class='ocr_line' id='line_1_11' title="bbox 104 1056 890 1109; baseline -0.008 -12"><span class='ocrx_word' id='word_1_52' title='bbox 104 1061 216 1097; x_wconf 86' lang='lat' dir='ltr'>debet</span> <span class='ocrx_word' id='word_1_53' title='bbox 243 1060 288 1095; x_wconf 89' lang='lat' dir='ltr'>ad</span> <span class='ocrx_word' id='word_1_54' title='bbox 317 1069 382 1094; x_wconf 91' lang='lat' dir='ltr'>eos</span> <span class='ocrx_word' id='word_1_55' title='bbox 409 1056 471 1103; x_wconf 92' lang='lat' dir='ltr'>qui</span> <span class='ocrx_word' id='word_1_56' title='bbox 497 1056 566 1092; x_wconf 88' lang='lat' dir='ltr'>sibi</span> <span class='ocrx_word' id='word_1_57' title='bbox 598 1056 773 1102; x_wconf 89' lang='lat' dir='ltr'>injuriam</span> <span class='ocrx_word' id='word_1_58' title='bbox 795 1056 890 1109; x_wconf 82' lang='lat' dir='ltr'>inse-</span> 
     </span>
     <span class='ocr_line' id='line_1_12' title="bbox 105 1104 887 1153; baseline -0.008 -9"><span class='ocrx_word' id='word_1_59' title='bbox 105 1111 363 1153; x_wconf 90' lang='lat' dir='ltr'>runt,ponens</span> <span class='ocrx_word' id='word_1_60' title='bbox 381 1115 501 1151; x_wconf 80' lang='lat' dir='ltr'>pauca</span> <span class='ocrx_word' id='word_1_61' title='bbox 519 1104 648 1147; x_wconf 74' lang='lat' dir='ltr'>verba,</span> <span class='ocrx_word' id='word_1_62' title='bbox 669 1114 751 1150; x_wconf 71' lang='lat' dir='ltr'>quse</span> <span class='ocrx_word' id='word_1_63' title='bbox 771 1114 887 1139; x_wconf 83' lang='lat' dir='ltr'>omm-</span> 
     </span>
     <span class='ocr_line' id='line_1_13' title="bbox 103 1151 893 1197; baseline -0.008 -6"><span class='ocrx_word' id='word_1_64' title='bbox 103 1155 174 1191; x_wconf 83' lang='lat' dir='ltr'>bus</span> <span class='ocrx_word' id='word_1_65' title='bbox 194 1152 411 1189; x_wconf 89' lang='lat' dir='ltr'>hominibus</span> <span class='ocrx_word' id='word_1_66' title='bbox 428 1152 474 1187; x_wconf 90' lang='lat' dir='ltr'>ad</span> <span class='ocrx_word' id='word_1_67' title='bbox 495 1151 768 1197; x_wconf 79' lang='lat' dir='ltr'>perfectionem</span> <span class='ocrx_word' id='word_1_68' title='bbox 791 1152 893 1187; x_wconf 84' lang='lat' dir='ltr'>susti-</span> 
     </span>
     <span class='ocr_line' id='line_1_14' title="bbox 104 1198 892 1245; baseline -0.006 -7"><span class='ocrx_word' id='word_1_69' title='bbox 104 1201 220 1245; x_wconf 89' lang='lat' dir='ltr'>ciunt,</span> <span class='ocrx_word' id='word_1_70' title='bbox 243 1200 279 1236; x_wconf 94' lang='lat' dir='ltr'>in</span> <span class='ocrx_word' id='word_1_71' title='bbox 313 1199 449 1245; x_wconf 86' lang='lat' dir='ltr'>quibus</span> <span class='ocrx_word' id='word_1_72' title='bbox 482 1198 604 1234; x_wconf 90' lang='lat' dir='ltr'>omnis</span> <span class='ocrx_word' id='word_1_73' title='bbox 636 1198 830 1244; x_wconf 70' lang='lat' dir='ltr'>patientize</span> <span class='ocrx_word' id='word_1_74' title='bbox 856 1201 892 1234; x_wconf 87' lang='lat' dir='ltr'>et</span> 
     </span>
     <span class='ocr_line' id='line_1_15' title="bbox 106 1246 891 1295; baseline -0.004 -11"><span class='ocrx_word' id='word_1_75' title='bbox 106 1248 293 1295; x_wconf 86' lang='lat' dir='ltr'>largitatis</span> <span class='ocrx_word' id='word_1_76' title='bbox 313 1247 433 1283; x_wconf 75' lang='lat' dir='ltr'>virtus</span> <span class='ocrx_word' id='word_1_77' title='bbox 454 1249 583 1292; x_wconf 88' lang='lat' dir='ltr'>aperte</span> <span class='ocrx_word' id='word_1_78' title='bbox 605 1246 891 1281; x_wconf 86' lang='lat' dir='ltr'>commendatur</span> 
     </span>
     <span class='ocr_line' id='line_1_16' title="bbox 105 1293 889 1339; baseline -0.004 -7"><span class='ocrx_word' id='word_1_79' title='bbox 105 1300 142 1332; x_wconf 88' lang='lat' dir='ltr'>et</span> <span class='ocrx_word' id='word_1_80' title='bbox 163 1295 360 1332; x_wconf 85' lang='lat' dir='ltr'>suadetur.</span> <span class='ocrx_word' id='word_1_81' title='bbox 384 1296 427 1329; x_wconf 91' lang='lat' dir='ltr'>Et</span> <span class='ocrx_word' id='word_1_82' title='bbox 454 1293 590 1339; x_wconf 88' lang='lat' dir='ltr'>primo,</span> <span class='ocrx_word' id='word_1_83' title='bbox 614 1293 720 1338; x_wconf 83' lang='lat' dir='ltr'>ponit</span> <span class='ocrx_word' id='word_1_84' title='bbox 742 1293 889 1329; x_wconf 86' lang='lat' dir='ltr'>intelle-</span> 
     </span>
     <span class='ocr_line' id='line_1_17' title="bbox 105 1340 888 1389; baseline -0.006 -9"><span class='ocrx_word' id='word_1_85' title='bbox 105 1347 206 1380; x_wconf 88' lang='lat' dir='ltr'>ctum</span> <span class='ocrx_word' id='word_1_86' title='bbox 246 1342 442 1389; x_wconf 88' lang='lat' dir='ltr'>cujusdam</span> <span class='ocrx_word' id='word_1_87' title='bbox 476 1340 652 1387; x_wconf 75' lang='lat' dir='ltr'>praecepti</span> <span class='ocrx_word' id='word_1_88' title='bbox 685 1340 888 1385; x_wconf 81' lang='lat' dir='ltr'>judicialis,</span> 
     </span>
     <span class='ocr_line' id='line_1_18' title="bbox 105 1388 890 1434; baseline -0.005 -7"><span class='ocrx_word' id='word_1_89' title='bbox 105 1390 166 1427; x_wconf 93' lang='lat' dir='ltr'>ubi</span> <span class='ocrx_word' id='word_1_90' title='bbox 191 1391 371 1426; x_wconf 85' lang='lat' dir='ltr'>errabant</span> <span class='ocrx_word' id='word_1_91' title='bbox 397 1388 532 1431; x_wconf 78' lang='lat' dir='ltr'>Judaei,</span> <span class='ocrx_word' id='word_1_92' title='bbox 555 1388 768 1432; x_wconf 87' lang='lat' dir='ltr'>credentes,</span> <span class='ocrx_word' id='word_1_93' title='bbox 789 1388 890 1434; x_wconf 88' lang='lat' dir='ltr'>quod</span> 
     </span>
     <span class='ocr_line' id='line_1_19' title="bbox 104 1436 887 1482; baseline -0.003 -10"><span class='ocrx_word' id='word_1_94' title='bbox 104 1437 271 1474; x_wconf 75' lang='lat' dir='ltr'>vindicta</span> <span class='ocrx_word' id='word_1_95' title='bbox 295 1440 392 1473; x_wconf 89' lang='lat' dir='ltr'>esset</span> <span class='ocrx_word' id='word_1_96' title='bbox 416 1439 570 1482; x_wconf 82' lang='lat' dir='ltr'>propter</span> <span class='ocrx_word' id='word_1_97' title='bbox 591 1445 630 1471; x_wconf 86' lang='lat' dir='ltr'>se</span> <span class='ocrx_word' id='word_1_98' title='bbox 654 1436 887 1481; x_wconf 85' lang='lat' dir='ltr'>appetenda;</span> 
     </span>
     <span class='ocr_line' id='line_1_20' title="bbox 102 1482 891 1528; baseline -0.005 -6"><span class='ocrx_word' id='word_1_99' title='bbox 102 1485 169 1522; x_wconf 86' lang='lat' dir='ltr'>sed</span> <span class='ocrx_word' id='word_1_100' title='bbox 183 1486 254 1521; x_wconf 87' lang='lat' dir='ltr'>hoc</span> <span class='ocrx_word' id='word_1_101' title='bbox 272 1489 328 1520; x_wconf 86' lang='lat' dir='ltr'>est</span> <span class='ocrx_word' id='word_1_102' title='bbox 347 1484 502 1525; x_wconf 81' lang='lat' dir='ltr'>falsum3</span> <span class='ocrx_word' id='word_1_103' title='bbox 520 1482 608 1528; x_wconf 87' lang='lat' dir='ltr'>quia</span> <span class='ocrx_word' id='word_1_104' title='bbox 623 1483 718 1517; x_wconf 81' lang='lat' dir='ltr'>velle</span> <span class='ocrx_word' id='word_1_105' title='bbox 738 1493 891 1528; x_wconf 77' lang='lat' dir='ltr'>poenam</span> 
     </span>
     <span class='ocr_line' id='line_1_21' title="bbox 101 1530 890 1578; baseline -0.005 -9"><span class='ocrx_word' id='word_1_106' title='bbox 101 1533 274 1578; x_wconf 89' lang='lat' dir='ltr'>alicujus,</span> <span class='ocrx_word' id='word_1_107' title='bbox 297 1530 468 1567; x_wconf 87' lang='lat' dir='ltr'>absolute</span> <span class='ocrx_word' id='word_1_108' title='bbox 500 1540 576 1565; x_wconf 88' lang='lat' dir='ltr'>non</span> <span class='ocrx_word' id='word_1_109' title='bbox 603 1532 727 1575; x_wconf 88' lang='lat' dir='ltr'>potest</span> <span class='ocrx_word' id='word_1_110' title='bbox 749 1530 890 1565; x_wconf 88' lang='lat' dir='ltr'>habere</span> 
     </span>
     <span class='ocr_line' id='line_1_22' title="bbox 101 1575 890 1622; baseline -0.005 -6"><span class='ocrx_word' id='word_1_111' title='bbox 101 1581 288 1616; x_wconf 88' lang='lat' dir='ltr'>rationem</span> <span class='ocrx_word' id='word_1_112' title='bbox 307 1577 485 1617; x_wconf 81' lang='lat' dir='ltr'>boni,sed</span> <span class='ocrx_word' id='word_1_113' title='bbox 506 1576 628 1612; x_wconf 90' lang='lat' dir='ltr'>solum</span> <span class='ocrx_word' id='word_1_114' title='bbox 648 1575 686 1611; x_wconf 91' lang='lat' dir='ltr'>in</span> <span class='ocrx_word' id='word_1_115' title='bbox 707 1580 890 1622; x_wconf 85' lang='lat' dir='ltr'>quantum</span> 
     </span>
     <span class='ocr_line' id='line_1_23' title="bbox 100 1623 889 1674; baseline -0.006 -10"><span class='ocrx_word' id='word_1_116' title='bbox 100 1626 290 1674; x_wconf 86' lang='lat' dir='ltr'>appetitur</span> <span class='ocrx_word' id='word_1_117' title='bbox 316 1628 472 1672; x_wconf 84' lang='lat' dir='ltr'>propter</span> <span class='ocrx_word' id='word_1_118' title='bbox 498 1623 614 1668; x_wconf 88' lang='lat' dir='ltr'>aliud,</span> <span class='ocrx_word' id='word_1_119' title='bbox 639 1623 781 1660; x_wconf 86' lang='lat' dir='ltr'>scilicet</span> <span class='ocrx_word' id='word_1_120' title='bbox 801 1635 889 1670; x_wconf 90' lang='lat' dir='ltr'>pro—</span> 
     </span>
     <span class='ocr_line' id='line_1_24' title="bbox 101 1671 889 1721; baseline -0.006 -11"><span class='ocrx_word' id='word_1_121' title='bbox 101 1678 185 1721; x_wconf 89' lang='lat' dir='ltr'>pter</span> <span class='ocrx_word' id='word_1_122' title='bbox 199 1673 370 1709; x_wconf 87' lang='lat' dir='ltr'>ordinem</span> <span class='ocrx_word' id='word_1_123' title='bbox 385 1671 542 1718; x_wconf 76' lang='lat' dir='ltr'>justitiae</span> <span class='ocrx_word' id='word_1_124' title='bbox 562 1672 807 1714; x_wconf 81' lang='lat' dir='ltr'>servandum3</span> <span class='ocrx_word' id='word_1_125' title='bbox 832 1671 889 1707; x_wconf 80' lang='lat' dir='ltr'>vel</span> 
     </span>
     <span class='ocr_line' id='line_1_25' title="bbox 101 1718 890 1768; baseline -0.005 -10"><span class='ocrx_word' id='word_1_126' title='bbox 101 1724 257 1768; x_wconf 88' lang='lat' dir='ltr'>propter</span> <span class='ocrx_word' id='word_1_127' title='bbox 291 1720 391 1755; x_wconf 87' lang='lat' dir='ltr'>illius</span> <span class='ocrx_word' id='word_1_128' title='bbox 428 1718 491 1765; x_wconf 92' lang='lat' dir='ltr'>qui</span> <span class='ocrx_word' id='word_1_129' title='bbox 525 1718 682 1764; x_wconf 86' lang='lat' dir='ltr'>deliquit</span> <span class='ocrx_word' id='word_1_130' title='bbox 715 1718 890 1754; x_wconf 88' lang='lat' dir='ltr'>correcti-</span> 
     </span>
     <span class='ocr_line' id='line_1_26' title="bbox 103 1765 887 1814; baseline -0.005 -9"><span class='ocrx_word' id='word_1_131' title='bbox 103 1779 234 1812; x_wconf 88' lang='lat' dir='ltr'>onem;</span> <span class='ocrx_word' id='word_1_132' title='bbox 256 1767 314 1804; x_wconf 88' lang='lat' dir='ltr'>vel</span> <span class='ocrx_word' id='word_1_133' title='bbox 335 1771 490 1814; x_wconf 86' lang='lat' dir='ltr'>propter</span> <span class='ocrx_word' id='word_1_134' title='bbox 507 1765 668 1802; x_wconf 80' lang='lat' dir='ltr'>aliorum</span> <span class='ocrx_word' id='word_1_135' title='bbox 688 1769 887 1808; x_wconf 84' lang='lat' dir='ltr'>terrorem,</span> 
     </span>
     <span class='ocr_line' id='line_1_27' title="bbox 102 1812 891 1859; baseline -0.005 -7"><span class='ocrx_word' id='word_1_136' title='bbox 102 1821 143 1853; x_wconf 88' lang='lat' dir='ltr'>ut</span> <span class='ocrx_word' id='word_1_137' title='bbox 160 1816 331 1852; x_wconf 85' lang='lat' dir='ltr'>videntes</span> <span class='ocrx_word' id='word_1_138' title='bbox 350 1814 463 1850; x_wconf 86' lang='lat' dir='ltr'>talem</span> <span class='ocrx_word' id='word_1_139' title='bbox 484 1812 623 1859; x_wconf 83' lang='lat' dir='ltr'>puniri.</span> <span class='ocrx_word' id='word_1_140' title='bbox 640 1817 891 1850; x_wconf 83' lang='lat' dir='ltr'>coerceantur</span> 
     </span>
     <span class='ocr_line' id='line_1_28' title="bbox 103 1861 889 1908; baseline -0.004 -8"><span class='ocrx_word' id='word_1_141' title='bbox 103 1874 126 1900; x_wconf 85' lang='lat' dir='ltr'>a</span> <span class='ocrx_word' id='word_1_142' title='bbox 149 1862 277 1906; x_wconf 75' lang='lat' dir='ltr'>malis3</span> <span class='ocrx_word' id='word_1_143' title='bbox 306 1862 363 1898; x_wconf 80' lang='lat' dir='ltr'>vel</span> <span class='ocrx_word' id='word_1_144' title='bbox 396 1864 550 1908; x_wconf 83' lang='lat' dir='ltr'>propter</span> <span class='ocrx_word' id='word_1_145' title='bbox 578 1861 733 1907; x_wconf 83' lang='lat' dir='ltr'>aliquod</span> <span class='ocrx_word' id='word_1_146' title='bbox 760 1861 889 1906; x_wconf 74' lang='lat' dir='ltr'>huius-</span> 
     </span>
     <span class='ocr_line' id='line_1_29' title="bbox 105 1908 891 1954; baseline -0.004 -7"><span class='ocrx_word' id='word_1_147' title='bbox 105 1910 220 1947; x_wconf 87' lang='lat' dir='ltr'>modi.</span> <span class='ocrx_word' id='word_1_148' title='bbox 237 1909 302 1946; x_wconf 85' lang='lat' dir='ltr'>Ubi</span> <span class='ocrx_word' id='word_1_149' title='bbox 319 1920 409 1954; x_wconf 84' lang='lat' dir='ltr'>ergo</span> <span class='ocrx_word' id='word_1_150' title='bbox 428 1909 571 1944; x_wconf 91' lang='lat' dir='ltr'>nullum</span> <span class='ocrx_word' id='word_1_151' title='bbox 591 1909 734 1944; x_wconf 89' lang='lat' dir='ltr'>bonum</span> <span class='ocrx_word' id='word_1_152' title='bbox 753 1908 826 1944; x_wconf 89' lang='lat' dir='ltr'>tale</span> <span class='ocrx_word' id='word_1_153' title='bbox 849 1919 891 1944; x_wconf 84' lang='lat' dir='ltr'>ex</span> 
     </span>
     <span class='ocr_line' id='line_1_30' title="bbox 103 1955 891 2005; baseline -0.004 -11"><span class='ocrx_word' id='word_1_154' title='bbox 103 1968 217 2005; x_wconf 87' lang='lat' dir='ltr'>poena</span> <span class='ocrx_word' id='word_1_155' title='bbox 235 1957 395 2002; x_wconf 84' lang='lat' dir='ltr'>alicujus</span> <span class='ocrx_word' id='word_1_156' title='bbox 413 1955 623 1991; x_wconf 75' lang='lat' dir='ltr'>aestimatur</span> <span class='ocrx_word' id='word_1_157' title='bbox 642 1955 806 1997; x_wconf 78' lang='lat' dir='ltr'>evenire,</span> <span class='ocrx_word' id='word_1_158' title='bbox 825 1955 891 1991; x_wconf 91' lang='lat' dir='ltr'>sed</span> 
     </span>
     <span class='ocr_line' id='line_1_31' title="bbox 105 2002 892 2051; baseline -0.004 -10"><span class='ocrx_word' id='word_1_159' title='bbox 105 2005 228 2051; x_wconf 83' lang='lat' dir='ltr'>magis</span> <span class='ocrx_word' id='word_1_160' title='bbox 262 2006 416 2040; x_wconf 83' lang='lat' dir='ltr'>timetur</span> <span class='ocrx_word' id='word_1_161' title='bbox 448 2003 494 2038; x_wconf 87' lang='lat' dir='ltr'>de</span> <span class='ocrx_word' id='word_1_162' title='bbox 529 2002 721 2046; x_wconf 85' lang='lat' dir='ltr'>scandalo,</span> <span class='ocrx_word' id='word_1_163' title='bbox 756 2002 811 2038; x_wconf 86' lang='lat' dir='ltr'>vel</span> <span class='ocrx_word' id='word_1_164' title='bbox 845 2003 892 2038; x_wconf 93' lang='lat' dir='ltr'>de</span> 
     </span>
     <span class='ocr_line' id='line_1_32' title="bbox 104 2050 893 2099; baseline -0.005 -10"><span class='ocrx_word' id='word_1_165' title='bbox 104 2052 238 2099; x_wconf 87' lang='lat' dir='ltr'>majori</span> <span class='ocrx_word' id='word_1_166' title='bbox 261 2052 360 2087; x_wconf 85' lang='lat' dir='ltr'>malo</span> <span class='ocrx_word' id='word_1_167' title='bbox 383 2050 615 2093; x_wconf 82' lang='lat' dir='ltr'>suscitando,</span> <span class='ocrx_word' id='word_1_168' title='bbox 632 2053 724 2085; x_wconf 86' lang='lat' dir='ltr'>tunc</span> <span class='ocrx_word' id='word_1_169' title='bbox 742 2052 893 2086; x_wconf 89' lang='lat' dir='ltr'>tenetur</span> 
     </span>
     <span class='ocr_line' id='line_1_33' title="bbox 103 2096 889 2150; baseline -0.004 -14"><span class='ocrx_word' id='word_1_170' title='bbox 103 2101 218 2137; x_wconf 84' lang='lat' dir='ltr'>homo</span> <span class='ocrx_word' id='word_1_171' title='bbox 243 2099 423 2135; x_wconf 64' lang='lat' dir='ltr'>desistere</span> <span class='ocrx_word' id='word_1_172' title='bbox 444 2109 465 2133; x_wconf 89' lang='lat' dir='ltr'>a</span> <span class='ocrx_word' id='word_1_173' title='bbox 486 2096 650 2133; x_wconf 84' lang='lat' dir='ltr'>vindicta</span> <span class='ocrx_word' id='word_1_174' title='bbox 673 2097 889 2150; x_wconf 75' lang='lat' dir='ltr'>quaerenda,</span> 
     </span>
     <span class='ocr_line' id='line_1_34' title="bbox 106 2144 892 2188; baseline -0.005 -4"><span class='ocrx_word' id='word_1_175' title='bbox 106 2151 142 2184; x_wconf 90' lang='lat' dir='ltr'>et</span> <span class='ocrx_word' id='word_1_176' title='bbox 161 2149 231 2184; x_wconf 90' lang='lat' dir='ltr'>hoe</span> <span class='ocrx_word' id='word_1_177' title='bbox 249 2150 303 2183; x_wconf 83' lang='lat' dir='ltr'>est</span> <span class='ocrx_word' id='word_1_178' title='bbox 324 2144 582 2188; x_wconf 78' lang='lat' dir='ltr'>necessitatis3</span> <span class='ocrx_word' id='word_1_179' title='bbox 602 2144 631 2180; x_wconf 92' lang='lat' dir='ltr'>si</span> <span class='ocrx_word' id='word_1_180' title='bbox 651 2149 776 2180; x_wconf 90' lang='lat' dir='ltr'>autem</span> <span class='ocrx_word' id='word_1_181' title='bbox 799 2148 892 2180; x_wconf 79' lang='lat' dir='ltr'>citra</span> 
     </span>
     <span class='ocr_line' id='line_1_35' title="bbox 103 2192 893 2245; baseline -0.005 -14"><span class='ocrx_word' id='word_1_182' title='bbox 103 2195 218 2232; x_wconf 88' lang='lat' dir='ltr'>talem</span> <span class='ocrx_word' id='word_1_183' title='bbox 237 2204 365 2231; x_wconf 89' lang='lat' dir='ltr'>casum</span> <span class='ocrx_word' id='word_1_184' title='bbox 383 2192 552 2236; x_wconf 84' lang='lat' dir='ltr'>desistat,</span> <span class='ocrx_word' id='word_1_185' title='bbox 570 2196 627 2228; x_wconf 86' lang='lat' dir='ltr'>est</span> <span class='ocrx_word' id='word_1_186' title='bbox 647 2202 893 2245; x_wconf 76' lang='lat' dir='ltr'>supereroga-</span> 
     </span>
     <span class='ocr_line' id='line_1_36' title="bbox 103 2239 892 2292; baseline -0.005 -13"><span class='ocrx_word' id='word_1_187' title='bbox 103 2242 230 2279; x_wconf 86' lang='lat' dir='ltr'>tionis.</span> <span class='ocrx_word' id='word_1_188' title='bbox 258 2242 388 2288; x_wconf 82' lang='lat' dir='ltr'>Igitur,</span> <span class='ocrx_word' id='word_1_189' title='bbox 416 2251 493 2277; x_wconf 89' lang='lat' dir='ltr'>non</span> <span class='ocrx_word' id='word_1_190' title='bbox 520 2239 697 2276; x_wconf 86' lang='lat' dir='ltr'>resistere</span> <span class='ocrx_word' id='word_1_191' title='bbox 726 2239 824 2275; x_wconf 91' lang='lat' dir='ltr'>malo</span> <span class='ocrx_word' id='word_1_192' title='bbox 854 2250 892 2292; x_wconf 63' lang='grc' dir='ltr'>ψ</span> 
     </span>
     <span class='ocr_line' id='line_1_37' title="bbox 106 2290 891 2336; baseline -0.005 -10"><span class='ocrx_word' id='word_1_193' title='bbox 106 2290 232 2336; x_wconf 89' lang='lat' dir='ltr'>aliquo</span> <span class='ocrx_word' id='word_1_194' title='bbox 272 2300 360 2326; x_wconf 89' lang='lat' dir='ltr'>casu</span> <span class='ocrx_word' id='word_1_195' title='bbox 399 2291 456 2324; x_wconf 89' lang='lat' dir='ltr'>est</span> <span class='ocrx_word' id='word_1_196' title='bbox 494 2291 737 2334; x_wconf 71' lang='lat' dir='ltr'>prreceptum,</span> <span class='ocrx_word' id='word_1_197' title='bbox 777 2290 814 2323; x_wconf 85' lang='lat' dir='ltr'>et</span> <span class='ocrx_word' id='word_1_198' title='bbox 852 2297 891 2322; x_wconf 87' lang='lat' dir='ltr'>m</span> 
     </span>
     <span class='ocr_line' id='line_1_38' title="bbox 106 2335 892 2388; baseline -0.005 -15"><span class='ocrx_word' id='word_1_199' title='bbox 106 2337 231 2383; x_wconf 85' lang='lat' dir='ltr'>aliquo</span> <span class='ocrx_word' id='word_1_200' title='bbox 260 2336 482 2379; x_wconf 79' lang='lat' dir='ltr'>consilium3</span> <span class='ocrx_word' id='word_1_201' title='bbox 515 2338 551 2370; x_wconf 88' lang='lat' dir='ltr'>et</span> <span class='ocrx_word' id='word_1_202' title='bbox 578 2335 892 2388; x_wconf 38' lang='lat' dir='ltr'>aliquando-non</span> 
     </span>
     <span class='ocr_line' id='line_1_39' title="bbox 105 2382 894 2435; baseline -0.005 -14"><span class='ocrx_word' id='word_1_203' title='bbox 105 2385 284 2421; x_wconf 86' lang='lat' dir='ltr'>resistere</span> <span class='ocrx_word' id='word_1_204' title='bbox 301 2388 400 2420; x_wconf 83' lang='lat' dir='ltr'>esset</span> <span class='ocrx_word' id='word_1_205' title='bbox 416 2383 571 2426; x_wconf 88' lang='lat' dir='ltr'>malum,</span> <span class='ocrx_word' id='word_1_206' title='bbox 586 2382 738 2435; x_wconf 84' lang='lat' dir='ltr'>quando</span> <span class='ocrx_word' id='word_1_207' title='bbox 751 2382 894 2434; x_wconf 78' lang='lat' dir='ltr'>seilicet</span> 
     </span>
     <span class='ocr_line' id='line_1_40' title="bbox 105 2429 894 2479; baseline -0.005 -11"><span class='ocrx_word' id='word_1_208' title='bbox 105 2443 175 2479; x_wconf 90' lang='lat' dir='ltr'>per</span> <span class='ocrx_word' id='word_1_209' title='bbox 194 2433 265 2468; x_wconf 91' lang='lat' dir='ltr'>hoc</span> <span class='ocrx_word' id='word_1_210' title='bbox 287 2431 443 2467; x_wconf 89' lang='lat' dir='ltr'>daretur</span> <span class='ocrx_word' id='word_1_211' title='bbox 463 2429 622 2466; x_wconf 87' lang='lat' dir='ltr'>audacia</span> <span class='ocrx_word' id='word_1_212' title='bbox 644 2429 754 2465; x_wconf 90' lang='lat' dir='ltr'>mal1s</span> <span class='ocrx_word' id='word_1_213' title='bbox 775 2430 894 2465; x_wconf 80' lang='lat' dir='ltr'>homi-</span> 
     </span>
     <span class='ocr_line' id='line_1_41' title="bbox 108 2476 894 2530; baseline -0.004 -15"><span class='ocrx_word' id='word_1_214' title='bbox 108 2479 218 2515; x_wconf 87' lang='lat' dir='ltr'>nibus</span> <span class='ocrx_word' id='word_1_215' title='bbox 239 2478 428 2525; x_wconf 78' lang='lat' dir='ltr'>simplices</span> <span class='ocrx_word' id='word_1_216' title='bbox 447 2476 700 2524; x_wconf 88' lang='lat' dir='ltr'>opprimendi,</span> <span class='ocrx_word' id='word_1_217' title='bbox 715 2479 750 2512; x_wconf 89' lang='lat' dir='ltr'>et</span> <span class='ocrx_word' id='word_1_218' title='bbox 770 2480 894 2530; x_wconf 79' lang='lat' dir='ltr'>potest</span> 
     </span>
     <span class='ocr_line' id='line_1_42' title="bbox 106 2523 890 2570; baseline -0.005 -7"><span class='ocrx_word' id='word_1_219' title='bbox 106 2537 237 2564; x_wconf 86' lang='lat' dir='ltr'>eorum</span> <span class='ocrx_word' id='word_1_220' title='bbox 259 2525 413 2562; x_wconf 71' lang='lat' dir='ltr'>malitia&gt;</span> <span class='ocrx_word' id='word_1_221' title='bbox 435 2525 517 2561; x_wconf 90' lang='lat' dir='ltr'>sine</span> <span class='ocrx_word' id='word_1_222' title='bbox 539 2523 709 2570; x_wconf 87' lang='lat' dir='ltr'>periculo</span> <span class='ocrx_word' id='word_1_223' title='bbox 731 2535 890 2560; x_wconf 90' lang='lat' dir='ltr'>occurr1.</span> 
     </span>
     <span class='ocr_line' id='line_1_43' title="bbox 106 2571 893 2619; baseline -0.004 -8"><span class='ocrx_word' id='word_1_224' title='bbox 106 2575 202 2611; x_wconf 86' lang='lat' dir='ltr'>Malo</span> <span class='ocrx_word' id='word_1_225' title='bbox 221 2573 320 2610; x_wconf 89' lang='lat' dir='ltr'>enim</span> <span class='ocrx_word' id='word_1_226' title='bbox 342 2573 461 2619; x_wconf 86' lang='lat' dir='ltr'>culpae</span> <span class='ocrx_word' id='word_1_227' title='bbox 479 2582 630 2618; x_wconf 86' lang='lat' dir='ltr'>semper</span> <span class='ocrx_word' id='word_1_228' title='bbox 643 2575 699 2608; x_wconf 88' lang='lat' dir='ltr'>est</span> <span class='ocrx_word' id='word_1_229' title='bbox 716 2571 893 2608; x_wconf 87' lang='lat' dir='ltr'>resisten-</span> 
     </span>
     <span class='ocr_line' id='line_1_44' title="bbox 106 2618 891 2665; baseline -0.003 -7"><span class='ocrx_word' id='word_1_230' title='bbox 106 2622 216 2663; x_wconf 88' lang='lat' dir='ltr'>dum;</span> <span class='ocrx_word' id='word_1_231' title='bbox 246 2621 311 2658; x_wconf 89' lang='lat' dir='ltr'>sed</span> <span class='ocrx_word' id='word_1_232' title='bbox 348 2621 447 2656; x_wconf 89' lang='lat' dir='ltr'>malo</span> <span class='ocrx_word' id='word_1_233' title='bbox 481 2618 652 2665; x_wconf 81' lang='lat' dir='ltr'>injuriae,</span> <span class='ocrx_word' id='word_1_234' title='bbox 685 2629 891 2665; x_wconf 86' lang='lat' dir='ltr'>numquam</span> 
     </span>
     <span class='ocr_line' id='line_1_45' title="bbox 107 2666 889 2720; baseline -0.004 -15"><span class='ocrx_word' id='word_1_235' title='bbox 107 2669 265 2706; x_wconf 89' lang='lat' dir='ltr'>libidine</span> <span class='ocrx_word' id='word_1_236' title='bbox 293 2667 484 2712; x_wconf 79' lang='lat' dir='ltr'>vindictae,</span> <span class='ocrx_word' id='word_1_237' title='bbox 509 2667 574 2702; x_wconf 89' lang='lat' dir='ltr'>sed</span> <span class='ocrx_word' id='word_1_238' title='bbox 605 2677 678 2720; x_wconf 80' lang='lat' dir='ltr'>per</span> <span class='ocrx_word' id='word_1_239' title='bbox 708 2666 889 2720; x_wconf 66' lang='lat' dir='ltr'>judicem,</span> 
     </span>
     <span class='ocr_line' id='line_1_46' title="bbox 106 2714 892 2763; baseline -0.003 -10"><span class='ocrx_word' id='word_1_240' title='bbox 106 2727 236 2753; x_wconf 87' lang='lat' dir='ltr'>amore</span> <span class='ocrx_word' id='word_1_241' title='bbox 249 2715 420 2763; x_wconf 77' lang='lat' dir='ltr'>justitiae,</span> <span class='ocrx_word' id='word_1_242' title='bbox 432 2725 547 2751; x_wconf 88' lang='lat' dir='ltr'>causa</span> <span class='ocrx_word' id='word_1_243' title='bbox 562 2714 705 2750; x_wconf 76' lang='lat' dir='ltr'>scilicet</span> <span class='ocrx_word' id='word_1_244' title='bbox 721 2714 892 2751; x_wconf 80' lang='lat' dir='ltr'>utilitat1s</span> 
     </span>
     <span class='ocr_line' id='line_1_47' title="bbox 107 2761 891 2811; baseline -0.001 -11"><span class='ocrx_word' id='word_1_245' title='bbox 107 2764 295 2811; x_wconf 62' lang='lat' dir='ltr'>Ecclesiae,</span> <span class='ocrx_word' id='word_1_246' title='bbox 318 2767 354 2801; x_wconf 85' lang='lat' dir='ltr'>et</span> <span class='ocrx_word' id='word_1_247' title='bbox 376 2761 624 2800; x_wconf 86' lang='lat' dir='ltr'>correctionis</span> <span class='ocrx_word' id='word_1_248' title='bbox 645 2761 820 2810; x_wconf 88' lang='lat' dir='ltr'>proximi,</span> <span class='ocrx_word' id='word_1_249' title='bbox 843 2773 891 2799; x_wconf 87' lang='lat' dir='ltr'>ne</span> 
     </span>
    </p>
   </div>
   <div class='ocr_carea' id='block_1_6' title="bbox 957 821 1752 2811">
    <p class='ocr_par' dir='ltr' id='par_1_6' title="bbox 957 821 1752 2811">
     <span class='ocr_line' id='line_1_48' title="bbox 965 821 1752 872; baseline 0.009 -16"><span class='ocrx_word' id='word_1_250' title='bbox 965 821 1076 857; x_wconf 90' lang='lat' dir='ltr'>malis</span> <span class='ocrx_word' id='word_1_251' title='bbox 1090 821 1209 858; x_wconf 89' lang='lat' dir='ltr'>discat</span> <span class='ocrx_word' id='word_1_252' title='bbox 1227 833 1458 860; x_wconf 85' lang='lat' dir='ltr'>assuescere.</span> <span class='ocrx_word' id='word_1_253' title='bbox 1476 825 1582 861; x_wconf 86' lang='lat' dir='ltr'>Unde</span> <span class='ocrx_word' id='word_1_254' title='bbox 1599 824 1634 861; x_wconf 91' lang='lat' dir='ltr'>in</span> <span class='ocrx_word' id='word_1_255' title='bbox 1655 826 1752 872; x_wconf 82' lang='lat' dir='ltr'>Lege</span> 
     </span>
     <span class='ocr_line' id='line_1_49' title="bbox 964 870 1750 918; baseline 0.009 -15"><span class='ocrx_word' id='word_1_256' title='bbox 964 873 1193 915; x_wconf 68' lang='lat' dir='ltr'>prfeceptum</span> <span class='ocrx_word' id='word_1_257' title='bbox 1211 870 1390 916; x_wconf 87' lang='lat' dir='ltr'>judiciale</span> <span class='ocrx_word' id='word_1_258' title='bbox 1404 872 1449 907; x_wconf 91' lang='lat' dir='ltr'>de</span> <span class='ocrx_word' id='word_1_259' title='bbox 1469 882 1581 918; x_wconf 82' lang='lat' dir='ltr'>poena</span> <span class='ocrx_word' id='word_1_260' title='bbox 1599 873 1750 911; x_wconf 88' lang='lat' dir='ltr'>talionis</span> 
     </span>
     <span class='ocr_line' id='line_1_50' title="bbox 965 916 1747 968; baseline 0.009 -19"><span class='ocrx_word' id='word_1_261' title='bbox 965 919 1045 950; x_wconf 88' lang='lat' dir='ltr'>erat</span> <span class='ocrx_word' id='word_1_262' title='bbox 1083 916 1182 952; x_wconf 77' lang='lat' dir='ltr'>circa</span> <span class='ocrx_word' id='word_1_263' title='bbox 1221 922 1402 963; x_wconf 87' lang='lat' dir='ltr'>mortem,</span> <span class='ocrx_word' id='word_1_264' title='bbox 1441 919 1747 968; x_wconf 79' lang='lat' dir='ltr'>percussionem,</span> 
     </span>
     <span class='ocr_line' id='line_1_51' title="bbox 966 962 1749 1011; baseline 0.009 -14"><span class='ocrx_word' id='word_1_265' title='bbox 966 962 1263 1008; x_wconf 81' lang='lat' dir='ltr'>mutilationem,</span> <span class='ocrx_word' id='word_1_266' title='bbox 1293 969 1333 1000; x_wconf 92' lang='lat' dir='ltr'>ut</span> <span class='ocrx_word' id='word_1_267' title='bbox 1371 966 1599 1011; x_wconf 81' lang='lat' dir='ltr'>percutiens,</span> <span class='ocrx_word' id='word_1_268' title='bbox 1629 967 1665 1003; x_wconf 88' lang='lat' dir='ltr'>in</span> <span class='ocrx_word' id='word_1_269' title='bbox 1705 979 1749 1005; x_wconf 90' lang='lat' dir='ltr'>eo</span> 
     </span>
     <span class='ocr_line' id='line_1_52' title="bbox 964 1011 1747 1059; baseline 0.009 -15"><span class='ocrx_word' id='word_1_270' title='bbox 964 1014 1157 1055; x_wconf 88' lang='lat' dir='ltr'>pateretur</span> <span class='ocrx_word' id='word_1_271' title='bbox 1173 1015 1206 1046; x_wconf 90' lang='lat' dir='ltr'>et</span> <span class='ocrx_word' id='word_1_272' title='bbox 1225 1011 1423 1057; x_wconf 89' lang='lat' dir='ltr'>puniretur</span> <span class='ocrx_word' id='word_1_273' title='bbox 1438 1012 1476 1048; x_wconf 89' lang='lat' dir='ltr'>in</span> <span class='ocrx_word' id='word_1_274' title='bbox 1494 1024 1567 1058; x_wconf 90' lang='lat' dir='ltr'>quo</span> <span class='ocrx_word' id='word_1_275' title='bbox 1586 1015 1747 1059; x_wconf 62' lang='lat' dir='ltr'>laeserat,</span> 
     </span>
     <span class='ocr_line' id='line_1_53' title="bbox 965 1057 1748 1106; baseline 0.009 -15"><span class='ocrx_word' id='word_1_276' title='bbox 965 1061 1000 1092; x_wconf 87' lang='lat' dir='ltr'>et</span> <span class='ocrx_word' id='word_1_277' title='bbox 1025 1057 1076 1091; x_wconf 85' lang='lat' dir='ltr'>sic</span> <span class='ocrx_word' id='word_1_278' title='bbox 1101 1058 1279 1094; x_wconf 86' lang='lat' dir='ltr'>redderet</span> <span class='ocrx_word' id='word_1_279' title='bbox 1299 1059 1464 1095; x_wconf 88' lang='lat' dir='ltr'>animam</span> <span class='ocrx_word' id='word_1_280' title='bbox 1488 1070 1556 1106; x_wconf 93' lang='lat' dir='ltr'>pro</span> <span class='ocrx_word' id='word_1_281' title='bbox 1583 1061 1710 1099; x_wconf 86' lang='lat' dir='ltr'>anima</span> <span class='ocrx_word' id='word_1_282' title='bbox 1740 1075 1748 1098; x_wconf 74' lang='grc' dir='ltr'>ε</span> 
     </span>
     <span class='ocr_line' id='line_1_54' title="bbox 964 1105 1746 1152; baseline 0.008 -12"><span class='ocrx_word' id='word_1_283' title='bbox 964 1105 1114 1140; x_wconf 73' lang='lat' dir='ltr'>Oculum</span> <span class='ocrx_word' id='word_1_284' title='bbox 1142 1117 1207 1151; x_wconf 79' lang='lat' dir='ltr'>pro</span> <span class='ocrx_word' id='word_1_285' title='bbox 1229 1108 1342 1147; x_wconf 72' lang='lat' dir='ltr'>oculo,</span> <span class='ocrx_word' id='word_1_286' title='bbox 1367 1108 1508 1142; x_wconf 62' lang='lat' dir='ltr'>dentem</span> <span class='ocrx_word' id='word_1_287' title='bbox 1536 1120 1601 1152; x_wconf 77' lang='lat' dir='ltr'>pro</span> <span class='ocrx_word' id='word_1_288' title='bbox 1629 1110 1746 1147; x_wconf 78' lang='lat' dir='ltr'>dente.</span> 
     </span>
     <span class='ocr_line' id='line_1_55' title="bbox 964 1152 1749 1200; baseline 0.009 -14"><span class='ocrx_word' id='word_1_289' title='bbox 964 1152 1057 1194; x_wconf 86' lang='lat' dir='ltr'>Quia</span> <span class='ocrx_word' id='word_1_290' title='bbox 1076 1152 1176 1188; x_wconf 91' lang='lat' dir='ltr'>enim</span> <span class='ocrx_word' id='word_1_291' title='bbox 1196 1153 1315 1189; x_wconf 57' lang='lat' dir='ltr'>Judaffi</span> <span class='ocrx_word' id='word_1_292' title='bbox 1338 1154 1445 1200; x_wconf 91' lang='lat' dir='ltr'>proni</span> <span class='ocrx_word' id='word_1_293' title='bbox 1467 1155 1513 1190; x_wconf 88' lang='lat' dir='ltr'>ad</span> <span class='ocrx_word' id='word_1_294' title='bbox 1533 1156 1749 1193; x_wconf 84' lang='lat' dir='ltr'>inserendas</span> 
     </span>
     <span class='ocr_line' id='line_1_56' title="bbox 963 1198 1749 1246; baseline 0.011 -14"><span class='ocrx_word' id='word_1_295' title='bbox 963 1198 1124 1244; x_wconf 83' lang='lat' dir='ltr'>injurias</span> <span class='ocrx_word' id='word_1_296' title='bbox 1142 1202 1324 1246; x_wconf 72' lang='lat' dir='ltr'>proximo</span> <span class='ocrx_word' id='word_1_297' title='bbox 1342 1201 1455 1237; x_wconf 88' lang='lat' dir='ltr'>etiam</span> <span class='ocrx_word' id='word_1_298' title='bbox 1473 1205 1551 1238; x_wconf 80' lang='lat' dir='ltr'>sine</span> <span class='ocrx_word' id='word_1_299' title='bbox 1572 1214 1698 1244; x_wconf 77' lang='lat' dir='ltr'>rausa,</span> <span class='ocrx_word' id='word_1_300' title='bbox 1712 1208 1749 1241; x_wconf 87' lang='lat' dir='ltr'>et</span> 
     </span>
     <span class='ocr_line' id='line_1_57' title="bbox 964 1246 1749 1297; baseline 0.008 -15"><span class='ocrx_word' id='word_1_301' title='bbox 964 1246 1052 1282; x_wconf 73' lang='lat' dir='ltr'>saevi</span> <span class='ocrx_word' id='word_1_302' title='bbox 1076 1246 1113 1281; x_wconf 90' lang='lat' dir='ltr'>in</span> <span class='ocrx_word' id='word_1_303' title='bbox 1136 1248 1362 1284; x_wconf 83' lang='lat' dir='ltr'>vindicando</span> <span class='ocrx_word' id='word_1_304' title='bbox 1390 1250 1563 1296; x_wconf 85' lang='lat' dir='ltr'>proprias</span> <span class='ocrx_word' id='word_1_305' title='bbox 1592 1251 1749 1297; x_wconf 84' lang='lat' dir='ltr'>injurias</span> 
     </span>
     <span class='ocr_line' id='line_1_58' title="bbox 963 1295 1749 1344; baseline 0.006 -15"><span class='ocrx_word' id='word_1_306' title='bbox 963 1297 1084 1330; x_wconf 86' lang='lat' dir='ltr'>erant.</span> <span class='ocrx_word' id='word_1_307' title='bbox 1101 1295 1329 1341; x_wconf 88' lang='lat' dir='ltr'>modumque</span> <span class='ocrx_word' id='word_1_308' title='bbox 1346 1300 1380 1332; x_wconf 91' lang='lat' dir='ltr'>et</span> <span class='ocrx_word' id='word_1_309' title='bbox 1399 1307 1612 1333; x_wconf 86' lang='lat' dir='ltr'>mensuram</span> <span class='ocrx_word' id='word_1_310' title='bbox 1628 1310 1749 1344; x_wconf 74' lang='lat' dir='ltr'>poenae</span> 
     </span>
     <span class='ocr_line' id='line_1_59' title="bbox 963 1342 1747 1390; baseline 0.008 -14"><span class='ocrx_word' id='word_1_311' title='bbox 963 1342 1207 1386; x_wconf 83' lang='lat' dir='ltr'>excedebant,</span> <span class='ocrx_word' id='word_1_312' title='bbox 1236 1344 1318 1384; x_wconf 81' lang='lat' dir='ltr'>Lex,</span> <span class='ocrx_word' id='word_1_313' title='bbox 1343 1347 1418 1380; x_wconf 88' lang='lat' dir='ltr'>tam</span> <span class='ocrx_word' id='word_1_314' title='bbox 1442 1355 1509 1390; x_wconf 89' lang='lat' dir='ltr'>pro</span> <span class='ocrx_word' id='word_1_315' title='bbox 1535 1346 1747 1383; x_wconf 86' lang='lat' dir='ltr'>temeritate</span> 
     </span>
     <span class='ocr_line' id='line_1_60' title="bbox 964 1388 1751 1436; baseline 0.009 -14"><span class='ocrx_word' id='word_1_316' title='bbox 964 1388 1181 1425; x_wconf 61' lang='lat' dir='ltr'>laedentium</span> <span class='ocrx_word' id='word_1_317' title='bbox 1216 1401 1329 1436; x_wconf 86' lang='lat' dir='ltr'>quam</span> <span class='ocrx_word' id='word_1_318' title='bbox 1366 1392 1554 1435; x_wconf 76' lang='lat' dir='ltr'>laesorum,</span> <span class='ocrx_word' id='word_1_319' title='bbox 1591 1393 1751 1430; x_wconf 83' lang='lat' dir='ltr'>instituit</span> 
     </span>
     <span class='ocr_line' id='line_1_61' title="bbox 965 1437 1749 1486; baseline 0.006 -15"><span class='ocrx_word' id='word_1_320' title='bbox 965 1437 1117 1472; x_wconf 87' lang='lat' dir='ltr'>modum</span> <span class='ocrx_word' id='word_1_321' title='bbox 1151 1440 1187 1472; x_wconf 89' lang='lat' dir='ltr'>et</span> <span class='ocrx_word' id='word_1_322' title='bbox 1214 1438 1415 1475; x_wconf 90' lang='lat' dir='ltr'>terminum</span> <span class='ocrx_word' id='word_1_323' title='bbox 1446 1440 1598 1475; x_wconf 86' lang='lat' dir='ltr'>ultionis</span> <span class='ocrx_word' id='word_1_324' title='bbox 1638 1452 1749 1486; x_wconf 88' lang='lat' dir='ltr'>quem</span> 
     </span>
     <span class='ocr_line' id='line_1_62' title="bbox 965 1483 1749 1531; baseline 0.009 -14"><span class='ocrx_word' id='word_1_325' title='bbox 965 1483 1089 1519; x_wconf 89' lang='lat' dir='ltr'>nullus</span> <span class='ocrx_word' id='word_1_326' title='bbox 1111 1485 1307 1520; x_wconf 77' lang='lat' dir='ltr'>excederet</span> <span class='ocrx_word' id='word_1_327' title='bbox 1329 1487 1364 1521; x_wconf 91' lang='lat' dir='ltr'>in</span> <span class='ocrx_word' id='word_1_328' title='bbox 1385 1486 1533 1531; x_wconf 87' lang='lat' dir='ltr'>injuriis</span> <span class='ocrx_word' id='word_1_329' title='bbox 1554 1487 1749 1524; x_wconf 57' lang='lat' dir='ltr'>vindican-</span> 
     </span>
     <span class='ocr_line' id='line_1_63' title="bbox 963 1530 1752 1577; baseline 0.009 -12"><span class='ocrx_word' id='word_1_330' title='bbox 963 1530 1033 1573; x_wconf 84' lang='lat' dir='ltr'>dis,</span> <span class='ocrx_word' id='word_1_331' title='bbox 1058 1530 1199 1567; x_wconf 81' lang='lat' dir='ltr'>scilicet</span> <span class='ocrx_word' id='word_1_332' title='bbox 1222 1543 1373 1577; x_wconf 87' lang='lat' dir='ltr'>poenam</span> <span class='ocrx_word' id='word_1_333' title='bbox 1400 1533 1551 1569; x_wconf 83' lang='lat' dir='ltr'>talionis</span> <span class='ocrx_word' id='word_1_334' title='bbox 1590 1536 1752 1572; x_wconf 82' lang='lat' dir='ltr'>Provida</span> 
     </span>
     <span class='ocr_line' id='line_1_64' title="bbox 963 1577 1747 1628; baseline 0.008 -16"><span class='ocrx_word' id='word_1_335' title='bbox 963 1577 1063 1613; x_wconf 87' lang='lat' dir='ltr'>enim</span> <span class='ocrx_word' id='word_1_336' title='bbox 1081 1578 1244 1623; x_wconf 88' lang='lat' dir='ltr'>quadam</span> <span class='ocrx_word' id='word_1_337' title='bbox 1260 1581 1421 1624; x_wconf 88' lang='lat' dir='ltr'>cautela,</span> <span class='ocrx_word' id='word_1_338' title='bbox 1436 1582 1587 1617; x_wconf 88' lang='lat' dir='ltr'>modum</span> <span class='ocrx_word' id='word_1_339' title='bbox 1602 1583 1747 1628; x_wconf 87' lang='lat' dir='ltr'>posuit:</span> 
     </span>
     <span class='ocr_line' id='line_1_65' title="bbox 962 1628 1750 1672; baseline 0.008 -12"><span class='ocrx_word' id='word_1_340' title='bbox 962 1628 1039 1660; x_wconf 88' lang='lat' dir='ltr'>tam</span> <span class='ocrx_word' id='word_1_341' title='bbox 1088 1630 1244 1671; x_wconf 87' lang='lat' dir='ltr'>propter</span> <span class='ocrx_word' id='word_1_342' title='bbox 1285 1628 1571 1672; x_wconf 82' lang='lat' dir='ltr'>protervitatem</span> <span class='ocrx_word' id='word_1_343' title='bbox 1613 1630 1750 1665; x_wconf 64' lang='lat' dir='ltr'>lzeden-</span> 
     </span>
     <span class='ocr_line' id='line_1_66' title="bbox 962 1672 1749 1722; baseline 0.008 -15"><span class='ocrx_word' id='word_1_344' title='bbox 962 1672 1069 1716; x_wconf 91' lang='lat' dir='ltr'>tium,</span> <span class='ocrx_word' id='word_1_345' title='bbox 1089 1675 1129 1708; x_wconf 87' lang='lat' dir='ltr'>ut</span> <span class='ocrx_word' id='word_1_346' title='bbox 1147 1673 1448 1719; x_wconf 82' lang='lat' dir='ltr'>reprimerentur</span> <span class='ocrx_word' id='word_1_347' title='bbox 1465 1675 1618 1719; x_wconf 79' lang='lat' dir='ltr'>timore3</span> <span class='ocrx_word' id='word_1_348' title='bbox 1637 1687 1749 1722; x_wconf 85' lang='lat' dir='ltr'>quam</span> 
     </span>
     <span class='ocr_line' id='line_1_67' title="bbox 962 1720 1751 1764; baseline 0.008 -9"><span class='ocrx_word' id='word_1_349' title='bbox 962 1720 1153 1764; x_wconf 69' lang='lat' dir='ltr'>laesorum,</span> <span class='ocrx_word' id='word_1_350' title='bbox 1167 1731 1214 1757; x_wconf 91' lang='lat' dir='ltr'>ne</span> <span class='ocrx_word' id='word_1_351' title='bbox 1234 1721 1415 1757; x_wconf 85' lang='lat' dir='ltr'>ultionem</span> <span class='ocrx_word' id='word_1_352' title='bbox 1437 1728 1628 1759; x_wconf 88' lang='lat' dir='ltr'>sumerent</span> <span class='ocrx_word' id='word_1_353' title='bbox 1651 1725 1751 1762; x_wconf 89' lang='lat' dir='ltr'>ultra</span> 
     </span>
     <span class='ocr_line' id='line_1_68' title="bbox 962 1767 1751 1815; baseline 0.009 -13"><span class='ocrx_word' id='word_1_354' title='bbox 962 1767 1116 1803; x_wconf 90' lang='lat' dir='ltr'>modum</span> <span class='ocrx_word' id='word_1_355' title='bbox 1137 1770 1346 1814; x_wconf 91' lang='lat' dir='ltr'>proprium.</span> <span class='ocrx_word' id='word_1_356' title='bbox 1371 1770 1506 1806; x_wconf 84' lang='lat' dir='ltr'>Christi</span> <span class='ocrx_word' id='word_1_357' title='bbox 1529 1776 1670 1815; x_wconf 91' lang='lat' dir='ltr'>autem,</span> <span class='ocrx_word' id='word_1_358' title='bbox 1690 1783 1751 1809; x_wconf 90' lang='lat' dir='ltr'>cu-</span> 
     </span>
     <span class='ocr_line' id='line_1_69' title="bbox 957 1814 1747 1865; baseline 0.009 -16"><span class='ocrx_word' id='word_1_359' title='bbox 957 1815 1034 1860; x_wconf 73' lang='lat' dir='ltr'>J&#39;us,</span> <span class='ocrx_word' id='word_1_360' title='bbox 1049 1818 1088 1850; x_wconf 87' lang='lat' dir='ltr'>ut</span> <span class='ocrx_word' id='word_1_361' title='bbox 1101 1814 1250 1857; x_wconf 81' lang='lat' dir='ltr'>dicitur,</span> <span class='ocrx_word' id='word_1_362' title='bbox 1264 1818 1517 1853; x_wconf 74' lang='lat' dir='ltr'>misericordia</span> <span class='ocrx_word' id='word_1_363' title='bbox 1530 1822 1747 1865; x_wconf 73' lang='lat' dir='ltr'>sztpereoeal-</span> 
     </span>
     <span class='ocr_line' id='line_1_70' title="bbox 965 1862 1752 1913; baseline 0.008 -16"><span class='ocrx_word' id='word_1_364' title='bbox 965 1866 1019 1898; x_wconf 75' lang='lat' dir='ltr'>tat</span> <span class='ocrx_word' id='word_1_365' title='bbox 1032 1862 1233 1907; x_wconf 74' lang='lat' dir='ltr'>judicium,</span> <span class='ocrx_word' id='word_1_366' title='bbox 1257 1868 1293 1899; x_wconf 90' lang='lat' dir='ltr'>et</span> <span class='ocrx_word' id='word_1_367' title='bbox 1310 1864 1428 1910; x_wconf 85' lang='lat' dir='ltr'>ipsius</span> <span class='ocrx_word' id='word_1_368' title='bbox 1445 1867 1752 1913; x_wconf 78' lang='lat' dir='ltr'>EvangeliiJ&#39;usti·</span> 
     </span>
     <span class='ocr_line' id='line_1_71' title="bbox 962 1909 1751 1955; baseline 0.009 -11"><span class='ocrx_word' id='word_1_369' title='bbox 962 1909 1014 1945; x_wconf 89' lang='lat' dir='ltr'>tia</span> <span class='ocrx_word' id='word_1_370' title='bbox 1029 1913 1087 1945; x_wconf 87' lang='lat' dir='ltr'>est</span> <span class='ocrx_word' id='word_1_371' title='bbox 1103 1910 1201 1946; x_wconf 86' lang='lat' dir='ltr'>talis:</span> <span class='ocrx_word' id='word_1_372' title='bbox 1218 1913 1294 1955; x_wconf 70' lang='lat' dir='ltr'>Eyo</span> <span class='ocrx_word' id='word_1_373' title='bbox 1315 1916 1435 1947; x_wconf 79' lang='lat' dir='ltr'>autem</span> <span class='ocrx_word' id='word_1_374' title='bbox 1451 1913 1530 1948; x_wconf 84' lang='lat' dir='ltr'>dico</span> <span class='ocrx_word' id='word_1_375' title='bbox 1554 1916 1666 1955; x_wconf 73' lang='lat' dir='ltr'>vobis,</span> <span class='ocrx_word' id='word_1_376' title='bbox 1680 1926 1751 1951; x_wconf 82' lang='lat' dir='ltr'>non</span> 
     </span>
     <span class='ocr_line' id='line_1_72' title="bbox 961 1958 1749 2006; baseline 0.01 -16"><span class='ocrx_word' id='word_1_377' title='bbox 961 1959 1130 1992; x_wconf 76' lang='lat' dir='ltr'>resistere</span> <span class='ocrx_word' id='word_1_378' title='bbox 1147 1960 1255 1998; x_wconf 77' lang='lat' dir='ltr'>malo,</span> <span class='ocrx_word' id='word_1_379' title='bbox 1272 1958 1413 1995; x_wconf 88' lang='lat' dir='ltr'>scilicet</span> <span class='ocrx_word' id='word_1_380' title='bbox 1430 1971 1497 2006; x_wconf 89' lang='lat' dir='ltr'>per</span> <span class='ocrx_word' id='word_1_381' title='bbox 1513 1961 1666 2005; x_wconf 88' lang='lat' dir='ltr'>malum,</span> <span class='ocrx_word' id='word_1_382' title='bbox 1683 1962 1749 1998; x_wconf 85' lang='lat' dir='ltr'>sed</span> 
     </span>
     <span class='ocr_line' id='line_1_73' title="bbox 963 2004 1749 2050; baseline 0.008 -12"><span class='ocrx_word' id='word_1_383' title='bbox 963 2004 999 2038; x_wconf 94' lang='lat' dir='ltr'>in</span> <span class='ocrx_word' id='word_1_384' title='bbox 1022 2004 1120 2039; x_wconf 86' lang='lat' dir='ltr'>bono</span> <span class='ocrx_word' id='word_1_385' title='bbox 1144 2005 1336 2050; x_wconf 81' lang='lat' dir='ltr'>patientiae</span> <span class='ocrx_word' id='word_1_386' title='bbox 1358 2006 1510 2042; x_wconf 84' lang='lat' dir='ltr'>vincere</span> <span class='ocrx_word' id='word_1_387' title='bbox 1532 2008 1671 2044; x_wconf 90' lang='lat' dir='ltr'>malum</span> <span class='ocrx_word' id='word_1_388' title='bbox 1691 2009 1749 2045; x_wconf 92' lang='lat' dir='ltr'>in-</span> 
     </span>
     <span class='ocr_line' id='line_1_74' title="bbox 960 2050 1749 2101; baseline 0.009 -16"><span class='ocrx_word' id='word_1_389' title='bbox 960 2050 1084 2097; x_wconf 79' lang='lat' dir='ltr'>juriae.</span> <span class='ocrx_word' id='word_1_390' title='bbox 1118 2052 1192 2087; x_wconf 84' lang='lat' dir='ltr'>Nec</span> <span class='ocrx_word' id='word_1_391' title='bbox 1225 2052 1353 2097; x_wconf 90' lang='lat' dir='ltr'>etiam,</span> <span class='ocrx_word' id='word_1_392' title='bbox 1386 2054 1484 2099; x_wconf 83' lang='lat' dir='ltr'>quod</span> <span class='ocrx_word' id='word_1_393' title='bbox 1523 2056 1645 2101; x_wconf 85' lang='lat' dir='ltr'>majus</span> <span class='ocrx_word' id='word_1_394' title='bbox 1679 2060 1749 2100; x_wconf 85' lang='lat' dir='ltr'>est,</span> 
     </span>
     <span class='ocr_line' id='line_1_75' title="bbox 963 2098 1750 2149; baseline 0.009 -17"><span class='ocrx_word' id='word_1_395' title='bbox 963 2098 1273 2143; x_wconf 80' lang='lat' dir='ltr'>respondendum</span> <span class='ocrx_word' id='word_1_396' title='bbox 1288 2104 1345 2135; x_wconf 86' lang='lat' dir='ltr'>est</span> <span class='ocrx_word' id='word_1_397' title='bbox 1360 2099 1523 2145; x_wconf 84' lang='lat' dir='ltr'>injuriis,</span> <span class='ocrx_word' id='word_1_398' title='bbox 1544 2106 1581 2137; x_wconf 88' lang='lat' dir='ltr'>ut</span> <span class='ocrx_word' id='word_1_399' title='bbox 1601 2102 1750 2149; x_wconf 86' lang='lat' dir='ltr'>injuriis</span> 
     </span>
     <span class='ocr_line' id='line_1_76' title="bbox 964 2145 1750 2194; baseline 0.009 -14"><span class='ocrx_word' id='word_1_400' title='bbox 964 2145 1143 2189; x_wconf 86' lang='lat' dir='ltr'>lacessiti,</span> <span class='ocrx_word' id='word_1_401' title='bbox 1167 2146 1287 2192; x_wconf 87' lang='lat' dir='ltr'>parati</span> <span class='ocrx_word' id='word_1_402' title='bbox 1316 2150 1352 2182; x_wconf 90' lang='lat' dir='ltr'>et</span> <span class='ocrx_word' id='word_1_403' title='bbox 1376 2148 1539 2194; x_wconf 88' lang='lat' dir='ltr'>prompti</span> <span class='ocrx_word' id='word_1_404' title='bbox 1564 2149 1681 2186; x_wconf 91' lang='lat' dir='ltr'>simus</span> <span class='ocrx_word' id='word_1_405' title='bbox 1702 2151 1750 2187; x_wconf 92' lang='lat' dir='ltr'>ad</span> 
     </span>
     <span class='ocr_line' id='line_1_77' title="bbox 965 2192 1751 2244; baseline 0.009 -17"><span class='ocrx_word' id='word_1_406' title='bbox 965 2192 1049 2227; x_wconf 88' lang='lat' dir='ltr'>illas</span> <span class='ocrx_word' id='word_1_407' title='bbox 1078 2193 1267 2238; x_wconf 88' lang='lat' dir='ltr'>patienter</span> <span class='ocrx_word' id='word_1_408' title='bbox 1298 2195 1549 2231; x_wconf 87' lang='lat' dir='ltr'>sustinendas.</span> <span class='ocrx_word' id='word_1_409' title='bbox 1577 2198 1618 2232; x_wconf 94' lang='lat' dir='ltr'>In</span> <span class='ocrx_word' id='word_1_410' title='bbox 1654 2199 1751 2244; x_wconf 83' lang='lat' dir='ltr'>Lege</span> 
     </span>
     <span class='ocr_line' id='line_1_78' title="bbox 965 2240 1749 2291; baseline 0.009 -17"><span class='ocrx_word' id='word_1_411' title='bbox 965 2244 1019 2275; x_wconf 81' lang='lat' dir='ltr'>est</span> <span class='ocrx_word' id='word_1_412' title='bbox 1031 2240 1241 2284; x_wconf 80' lang='lat' dir='ltr'>retributio,</span> <span class='ocrx_word' id='word_1_413' title='bbox 1254 2242 1451 2288; x_wconf 84' lang='lat' dir='ltr'>quiajubet</span> <span class='ocrx_word' id='word_1_414' title='bbox 1465 2243 1597 2279; x_wconf 68' lang='lat' dir='ltr'>laesum</span> <span class='ocrx_word' id='word_1_415' title='bbox 1611 2245 1749 2291; x_wconf 71' lang='lat' dir='ltr'>{equali</span> 
     </span>
     <span class='ocr_line' id='line_1_79' title="bbox 960 2286 1747 2339; baseline 0.008 -16"><span class='ocrx_word' id='word_1_416' title='bbox 960 2286 1102 2333; x_wconf 84' lang='lat' dir='ltr'>judicio</span> <span class='ocrx_word' id='word_1_417' title='bbox 1120 2287 1301 2333; x_wconf 78' lang='lat' dir='ltr'>Judicari3</span> <span class='ocrx_word' id='word_1_418' title='bbox 1322 2289 1360 2324; x_wconf 88' lang='lat' dir='ltr'>in</span> <span class='ocrx_word' id='word_1_419' title='bbox 1380 2291 1598 2337; x_wconf 81' lang='lat' dir='ltr'>Evangelio,</span> <span class='ocrx_word' id='word_1_420' title='bbox 1612 2293 1747 2339; x_wconf 83' lang='lat' dir='ltr'>gratia,</span> 
     </span>
     <span class='ocr_line' id='line_1_80' title="bbox 965 2334 1749 2382; baseline 0.009 -13"><span class='ocrx_word' id='word_1_421' title='bbox 965 2334 1053 2380; x_wconf 89' lang='lat' dir='ltr'>quia</span> <span class='ocrx_word' id='word_1_422' title='bbox 1076 2334 1186 2371; x_wconf 88' lang='lat' dir='ltr'>docet</span> <span class='ocrx_word' id='word_1_423' title='bbox 1207 2335 1398 2382; x_wconf 83' lang='lat' dir='ltr'>patientiae</span> <span class='ocrx_word' id='word_1_424' title='bbox 1423 2338 1613 2381; x_wconf 86' lang='lat' dir='ltr'>virtutem,</span> <span class='ocrx_word' id='word_1_425' title='bbox 1636 2340 1749 2375; x_wconf 90' lang='lat' dir='ltr'>etiam</span> 
     </span>
     <span class='ocr_line' id='line_1_81' title="bbox 964 2383 1749 2428; baseline 0.006 -11"><span class='ocrx_word' id='word_1_426' title='bbox 964 2392 1032 2428; x_wconf 91' lang='lat' dir='ltr'>per</span> <span class='ocrx_word' id='word_1_427' title='bbox 1047 2383 1303 2420; x_wconf 88' lang='lat' dir='ltr'>membrorum</span> <span class='ocrx_word' id='word_1_428' title='bbox 1318 2384 1456 2421; x_wconf 89' lang='lat' dir='ltr'>damna</span> <span class='ocrx_word' id='word_1_429' title='bbox 1471 2387 1625 2422; x_wconf 79' lang='lat' dir='ltr'>servari.</span> <span class='ocrx_word' id='word_1_430' title='bbox 1644 2388 1749 2423; x_wconf 88' lang='lat' dir='ltr'>Unde</span> 
     </span>
     <span class='ocr_line' id='line_1_82' title="bbox 965 2431 1748 2474; baseline 0.005 -8"><span class='ocrx_word' id='word_1_431' title='bbox 965 2431 1239 2474; x_wconf 73' lang='lat' dir='ltr'>Chrysostomus</span> <span class='ocrx_word' id='word_1_432' title='bbox 1270 2444 1280 2467; x_wconf 74' lang='grc' dir='ltr'><strong><em>ε</em></strong></span> <span class='ocrx_word' id='word_1_433' title='bbox 1311 2446 1330 2464; x_wconf 89' lang='lat'>«</span> <span class='ocrx_word' id='word_1_434' title='bbox 1355 2432 1390 2468; x_wconf 93' lang='lat' dir='ltr'>Si</span> <span class='ocrx_word' id='word_1_435' title='bbox 1417 2433 1572 2469; x_wconf 88' lang='lat' dir='ltr'>alterius</span> <span class='ocrx_word' id='word_1_436' title='bbox 1599 2435 1748 2470; x_wconf 80' lang='lat' dir='ltr'>oculum</span> 
     </span>
     <span class='ocr_line' id='line_1_83' title="bbox 964 2477 1747 2526; baseline 0.005 -13"><span class='ocrx_word' id='word_1_437' title='bbox 964 2477 1078 2521; x_wconf 89' lang='lat' dir='ltr'>eruis,</span> <span class='ocrx_word' id='word_1_438' title='bbox 1093 2488 1167 2514; x_wconf 92' lang='lat' dir='ltr'>non</span> <span class='ocrx_word' id='word_1_439' title='bbox 1186 2481 1290 2515; x_wconf 91' lang='lat' dir='ltr'>tuum</span> <span class='ocrx_word' id='word_1_440' title='bbox 1312 2481 1555 2526; x_wconf 84' lang='lat' dir='ltr'>recuperasti,</span> <span class='ocrx_word' id='word_1_441' title='bbox 1577 2481 1641 2516; x_wconf 90' lang='lat' dir='ltr'>sed</span> <span class='ocrx_word' id='word_1_442' title='bbox 1662 2492 1747 2518; x_wconf 81' lang='lat' dir='ltr'>cum</span> 
     </span>
     <span class='ocr_line' id='line_1_84' title="bbox 964 2525 1745 2574; baseline 0.005 -14"><span class='ocrx_word' id='word_1_443' title='bbox 964 2526 1134 2561; x_wconf 88' lang='lat' dir='ltr'>membro</span> <span class='ocrx_word' id='word_1_444' title='bbox 1156 2525 1268 2562; x_wconf 88' lang='lat' dir='ltr'>etiam</span> <span class='ocrx_word' id='word_1_445' title='bbox 1293 2527 1512 2573; x_wconf 85' lang='lat' dir='ltr'>patientiam</span> <span class='ocrx_word' id='word_1_446' title='bbox 1534 2528 1745 2574; x_wconf 85' lang='lat' dir='ltr'>perdidisti.</span> 
     </span>
     <span class='ocr_line' id='line_1_85' title="bbox 964 2572 1746 2621; baseline 0.005 -13"><span class='ocrx_word' id='word_1_447' title='bbox 964 2572 1143 2609; x_wconf 86' lang='lat' dir='ltr'>Diabolus</span> <span class='ocrx_word' id='word_1_448' title='bbox 1162 2574 1319 2610; x_wconf 89' lang='lat' dir='ltr'>vulnera</span> <span class='ocrx_word' id='word_1_449' title='bbox 1334 2579 1511 2620; x_wconf 85' lang='lat' dir='ltr'>procurat</span> <span class='ocrx_word' id='word_1_450' title='bbox 1531 2586 1746 2621; x_wconf 89' lang='lat' dir='ltr'>corporum,</span> 
     </span>
     <span class='ocr_line' id='line_1_86' title="bbox 963 2621 1747 2666; baseline 0.005 -10"><span class='ocrx_word' id='word_1_451' title='bbox 963 2626 1117 2666; x_wconf 88' lang='lat' dir='ltr'>propter</span> <span class='ocrx_word' id='word_1_452' title='bbox 1133 2621 1290 2658; x_wconf 89' lang='lat' dir='ltr'>vulnera</span> <span class='ocrx_word' id='word_1_453' title='bbox 1311 2621 1537 2658; x_wconf 86' lang='lat' dir='ltr'>animarum.</span> <span class='ocrx_word' id='word_1_454' title='bbox 1559 2622 1594 2659; x_wconf 90' lang='lat' dir='ltr'>Si</span> <span class='ocrx_word' id='word_1_455' title='bbox 1612 2627 1649 2659; x_wconf 89' lang='lat' dir='ltr'>tu</span> <span class='ocrx_word' id='word_1_456' title='bbox 1672 2634 1747 2660; x_wconf 90' lang='lat' dir='ltr'>non</span> 
     </span>
     <span class='ocr_line' id='line_1_87' title="bbox 962 2668 1747 2715; baseline 0.005 -12"><span class='ocrx_word' id='word_1_457' title='bbox 962 2668 1209 2714; x_wconf 87' lang='lat' dir='ltr'>percusseris,</span> <span class='ocrx_word' id='word_1_458' title='bbox 1229 2669 1276 2705; x_wconf 92' lang='lat' dir='ltr'>ab</span> <span class='ocrx_word' id='word_1_459' title='bbox 1291 2668 1443 2705; x_wconf 90' lang='lat' dir='ltr'>homine</span> <span class='ocrx_word' id='word_1_460' title='bbox 1458 2669 1609 2715; x_wconf 87' lang='lat' dir='ltr'>quidem</span> <span class='ocrx_word' id='word_1_461' title='bbox 1628 2670 1747 2707; x_wconf 67' lang='lat' dir='ltr'>victus</span> 
     </span>
     <span class='ocr_line' id='line_1_88' title="bbox 963 2715 1746 2762; baseline 0.005 -11"><span class='ocrx_word' id='word_1_462' title='bbox 963 2715 1122 2759; x_wconf 88' lang='lat' dir='ltr'>videris;</span> <span class='ocrx_word' id='word_1_463' title='bbox 1138 2716 1202 2752; x_wconf 90' lang='lat' dir='ltr'>sed</span> <span class='ocrx_word' id='word_1_464' title='bbox 1215 2716 1408 2752; x_wconf 87' lang='lat' dir='ltr'>diabolum</span> <span class='ocrx_word' id='word_1_465' title='bbox 1424 2716 1559 2753; x_wconf 83' lang='lat' dir='ltr'>vicisti.</span> <span class='ocrx_word' id='word_1_466' title='bbox 1580 2717 1696 2762; x_wconf 89' lang='lat' dir='ltr'>Unde,</span> <span class='ocrx_word' id='word_1_467' title='bbox 1717 2718 1746 2755; x_wconf 91' lang='lat' dir='ltr'>si</span> 
     </span>
     <span class='ocr_line' id='line_1_89' title="bbox 961 2763 1745 2811; baseline 0.005 -12"><span class='ocrx_word' id='word_1_468' title='bbox 961 2773 1038 2800; x_wconf 90' lang='lat' dir='ltr'>non</span> <span class='ocrx_word' id='word_1_469' title='bbox 1060 2763 1270 2800; x_wconf 88' lang='lat' dir='ltr'>reddideris</span> <span class='ocrx_word' id='word_1_470' title='bbox 1291 2763 1431 2800; x_wconf 89' lang='lat' dir='ltr'>malum</span> <span class='ocrx_word' id='word_1_471' title='bbox 1453 2775 1520 2811; x_wconf 87' lang='lat' dir='ltr'>pro</span> <span class='ocrx_word' id='word_1_472' title='bbox 1540 2765 1654 2811; x_wconf 88' lang='lat' dir='ltr'>malo,</span> <span class='ocrx_word' id='word_1_473' title='bbox 1676 2766 1745 2803; x_wconf 89' lang='lat' dir='ltr'>etsi</span> 
     </span>
    </p>
   </div>
  </div>
 </body>
</html>
