1876 3126
152 118 215 156 364
796 123 936 158 INDEX
971 123 1169 158 CAPITUM

208 200 295 243 nem
333 189 566 243 spiritualem
600 190 750 244 Christi,
783 191 823 229 in

208 236 335 274 anima
357 237 563 283 poenitente
597 238 650 284 sig
642 239 796 276 nificat.

186 299 206 331 7
228 285 412 328 Secunda,
435 296 517 320 cani
538 285 576 321 in
601 285 727 323 anima
740 297 823 334 pro-

211 330 334 369 ciente
355 332 554 378 significat.

1039 197 1059 231 8
1080 192 1218 238 Tertia,
1243 191 1281 228 in
1300 190 1429 229 anima
1447 191 1626 238 perfecta.

895 243 938 289 57
1039 257 1059 290 9
1079 239 1364 288 Progenitorum
1386 238 1522 276 Christi
1551 237 1673 275 humi-

1061 289 1161 333 litas,
1154 268 1270 335 „quid
1282 286 1555 340 designaverit?
1566 285 1672 324 Unde

897 338 941 372 58
1060 336 1142 373 laus
1163 336 1277 382 hujus
1296 333 1457 370 virtutis.

349 488 501 525 CAPUT
521 490 614 526 VIII.
638 510 683 518 -—
702 493 753 527 De
773 501 812 528 eo
832 492 930 538 quod
948 493 1080 538 Joseph
1094 492 1211 528 voluit
1230 493 1414 528 dimittere
1431 491 1608 527 Mariam.

189 614 201 636 1
227 598 344 636 Maria
364 599 557 636 invenitur
574 601 743 648 gravida.

186 659 205 684 2
223 648 362 700 Joseph
388 650 529 684 occulte
567 649 737 686 vulteam
769 648 824 686 di-

207 693 370 731 mittere.

183 744 205 779 5
224 743 397 778 Monetur
419 743 466 779 ab
499 743 656 789 Angelo,
677 746 719 780 ut
738 754 821 781 eam

207 788 380 835 accipiat.

184 839 208 881 4
228 836 394 882 Mysterii
447 835 722 873 lucar-nationis
779 837 824 873 fit

209 883 393 920 conscius.

185 932 205 966 5
224 931 364 976 Joseph
383 929 463 965 voci
483 930 614 975 Angeli
636 930 779 967 obedit.

185 979 206 1013 6
225 978 304 1013 Vox
333 978 442 1013 donec
465 978 654 1023 quomodo
688 977 824 1015 intelli-

894 606 935 640 61
1059 602 1182 649 genda
1209 601 1284 638 sit?

1034 652 1185 697 7Jesus
1218 649 1256 685 in
1282 651 1389 685 utero
1422 660 1492 686 nos
1527 647 1673 695 patien-

895 666 1152 734 617tiam
1178 699 1214 732 et
1244 695 1495 732 humilitatem
1526 697 1647 734 docet.

1038 746 1059 779 8
1084 742 1292 779 Tribulatio
1350 743 1535 779 bonorum
1583 741 1675 790 ipsis

896 794 940 828 62
1061 794 1216 837 propter
1234 789 1414 826 tredecim
1436 790 1551 827 utilis.

1039 852 1059 885 9
1081 836 1287 873 Tribulatio
1305 838 1490 874 malorum
1510 836 1579 874 ad
1570 847 1673 884 lpso·

896 887 939 920 62
1061 895 1145 920 rum
1156 883 1410 937 punitionem.

896 935 941 968 62
1019 946 1059 969 10
1084 931 1276 968 Patienter
1296 942 1384 978 ergo
1402 930 1603 968 toleranda
1620 932 1678 968 est

1060 978 1270 1016 tribulatio.

568 1130 717 1167 CAPUT
735 1131 796 1167 IX.
818 1151 862 1158 —
874 1133 927 1168 De
945 1133 1150 1171 Nativitate
1169 1132 1387 1169 Salvatoris.

189 1255 203 1280 1
225 1240 396 1278 Edictum
408 1241 567 1278 Caesaris
582 1242 754 1288 Augusti.

187 1301 208 1325 2
224 1288 383 1325 Univers
368 1289 397 1324 si
422 1290 523 1326 orbis
550 1290 765 1337 descriptio.

184 1339 207 1372 5
227 1337 302 1372 Iter
321 1336 448 1372 Mariae
480 1341 516 1372 et
535 1338 676 1390 Joseph
708 1337 825 1373 Beth-

207 1382 331 1419 lehem
346 1385 452 1419 Judae
473 1383 720 1421 venientium.

184 1434 207 1474 4
222 1431 339 1483 Hujus
359 1430 507 1467 itineris
528 1431 713 1477 fatigatio.

185 1481 206 1515 5
227 1477 382 1524 Mystica
405 1478 666 1524 interpretatio
684 1478 825 1525 Joseph

208 1526 393 1561 Nazareth
413 1530 449 1561 et
469 1526 702 1562 Bethlehem.

184 1575 206 1609 6
227 1572 438 1618 Hospitium
457 1573 741 1610 noninveniens
751 1573 827 1610 Ma-

207 1619 267 1655 ria
286 1619 512 1665 praesepium
534 1620 663 1655 intrat.

186 1682 207 1713 7
229 1667 398 1703 Christus
425 1667 629 1741 quomod09
641 1666 829 1713 primoge-

210 1713 313 1750 nitus
333 1717 369 1750 et
390 1714 629 1766 unigenitus.

187 1762 312 1798 8Jam
348 1761 386 1796 in
422 1760 606 1807 praesepio
633 1760 829 1807 perfectio-

210 1807 272 1844 nis
321 1811 459 1844 statum
509 1809 679 1855 exemplo
718 1808 830 1844 docet

209 1854 405 1892 Dominus.

187 1902 476 1950 9Commendat
489 1902 659 1938 Christus
670 1912 831 1948 pauper-

187 1916 327 1986 9tatem
368 1949 539 1994 penuiia‚
576 1949 830 1985 humilitatem

210 1995 348 2032 stabuli
375 1995 530 2039 vilitate,
565 1995 829 2033 mortificatio-

209 2053 298 2079 nem
319 2043 486 2089 corporis
508 2043 793 2080 afflictionibus.

169 2105 211 2130 10
228 2091 348 2126 Locus
380 2090 635 2136 conceptionis
670 2095 706 2126 et
742 2101 831 2143 par-

215 2139 276 2173 tus
294 2137 432 2174 Christi
451 2148 641 2184 congruus
663 2136 830 2174 ostendi-

214 2186 290 2220 tur.

171 2245 209 2271 ιι
233 2230 383 2267 Gabriel
412 2230 460 2266 ad
492 2235 663 2277 pastores
683 2230 831 2268 coelitus

210 2276 385 2314 mittitur.

172 2335 212 2362 12
233 2326 305 2362 Eos
327 2325 545 2372 alloquitur.

900 1245 945 1278 66
1015 1248 1055 1282 15
1072 1243 1266 1281 Moraliter
1300 1255 1322 1281 a
1361 1243 1497 1290 quibus
1534 1245 1572 1279 et
1597 1252 1673 1289 quo

899 1293 943 1337 67
1058 1292 1170 1328 modo
1190 1291 1358 1329 Christus
1376 1291 1600 1327 inveniatur.

899 1386 946 1420 68
1015 1343 1057 1423 ἒξ*
1075 1338 1649 1423 ἕὲῑὲῖἐῖῗιῶοῗὲὲῗὲῖἶῑὲἳῗιίἳὲἷίῗ·

899 1434 944 1468 68
1016 1437 1057 1471 ι6
1078 1435 1254 1470 Pastores
1274 1433 1497 1469 festinanter
1517 1432 1565 1468 ad
1583 1441 1678 1478 prae·

1060 1491 1148 1527 sepe
1171 1480 1337 1517 veniunt.

899 1528 944 1562 68
1017 1542 1055 1575 ²7
1079 1527 1272 1564 Moraliter
1292 1531 1328 1564 et
1348 1526 1554 1581 anagogice
1574 1523 1678 1562 Chri·

1060 1580 1159 1611 stum
1192 1575 1231 1610 in
1264 1574 1388 1622 patria
1422 1572 1592 1611 invenire
1617 1582 1680 1608 vo-

899 1622 944 1656 68
1060 1621 1223 1659 lentibus
1245 1622 1474 1658 necessaria.

1017 1672 1058 1707 18
1079 1668 1198 1705 Maria
1216 1672 1305 1705 tunc
1326 1668 1470 1715 optima
1493 1666 1678 1713 discipula

901 1716 946 1761 69
1061 1716 1144 1760 fuit,
1172 1719 1213 1752 ut
1251 1721 1384 1769 postea
1418 1714 1678 1761 Evangelista-

1060 1774 1146 1799 rum
1167 1763 1348 1809 magistra
1369 1763 1492 1798 fieret.

901 1857 921 1890 6
1018 1823 1059 1858 ¹9
1081 1812 1279 1846 Pastorum
1314 1810 1479 1846 reversio
1517 1808 1566 1845 ad
1595 1817 1681 1854 gre-

926 1868 947 1901 9
981 1884 983 1892 =
1062 1868 1160 1903 gem·

1016 1918 1060 1941 20
1080 1904 1272 1940 Meditatio
1291 1902 1483 1950 praedictae
1494 1899 1677 1938 historiae.

1016 1965 1056 1988 21
1082 1951 1229 1998 Triplex
1246 1950 1382 1988 Christi
1407 1950 1596 1986 nativitas.

1017 2012 1059 2035 22
1082 1999 1302 2035 Bethlehem
1314 1997 1608 2034 commendatio.

902 2056 948 2090 70
982 2043 984 2057 ³
1018 2049 1060 2082 25
1079 2046 1256 2130 Civitates
1270 2045 1449 2082 aChristo
1462 2042 1678 2092 specialiter

1064 2104 1084 2129 e
1102 2096 1193 2129 ectae

1018 2143 1061 2183 24
1082 2140 1228 2186 Figurae
1246 2138 1452 2176 nativitatis
1469 2137 1620 2175 Christi.

904 2198 947 2231 7¹
1019 2191 1061 2223 25
1084 2188 1176 2233 Ipsis
1198 2186 1359 2233 Paganis
1371 2185 1594 2223 annuntiata
1607 2183 1678 2222 fuit

1063 2234 1199 2271 Christi
1219 2234 1407 2270 nativitas.

904 2290 950 2325 72
1020 2285 1063 2318 26
1082 2281 1339 2319 solemnitatis
1371 2279 1509 2317 natalis
1545 2277 1684 2317 Christi

904 2339 949 2373 72
1065 2329 1302 2376 magnitudo.

578 2477 728 2519 CAPUT
746 2477 791 2513 X.
808 2496 854 2504 —
873 2482 924 2516 De
942 2482 1222 2520 Circumcisione
1237 2481 1399 2518 Domini.

195 2607 208 2631 1
231 2591 472 2631 Circumcisio
494 2595 540 2632 ab
571 2596 762 2633 Abraham
780 2595 835 2633 in-

217 2644 338 2694 cepta.

194 2700 213 2724 2
234 2687 402 2724 Primum
423 2689 644 2743 mysterium
665 2690 739 2728 diei
766 2690 834 2727 cir-

217 2735 487 2773 cumcisionis:
510 2736 701 2785 impositio
716 2737 836 2775 nomi-

1066 2595 1125 2632 nis
1146 2597 1250 2639 Jesu,
1282 2595 1387 2641 cujus
1407 2591 1683 2639 interpretatio,

908 2645 949 2681 81
1068 2643 1272 2689 dignitates
1296 2646 1333 2678 et
1355 2642 1486 2678 virtus.

1050 2694 1070 2727 5
1086 2690 1299 2743 Secundum
1312 2689 1554 2735 mysterium.
1564 2685 1687 2734 prima

1069 2736 1265 2784 sanguinis
1282 2737 1419 2774 Christi
1439 2734 1587 2774 effusio.

1743 193 1788 229 58

1747 602 1792 637 65

1747 697 1791 731 65

1748 791 1794 833 64

1748 885 1793 919 65

1750 978 1795 1013 65

1757 2640 1799 2677 81

1758 2734 1803 2770 85
