1902 3126
146 160 203 194 136
647 160 793 194 PRIMAE
829 160 988 195 PARTIS

149 230 326 272 formam,
365 228 403 264 in
447 239 519 274 qua
556 232 593 264 et
628 229 703 275 pati
737 233 774 266 et
799 230 931 277 subjici

148 279 290 322 posset,
322 275 360 310 in
384 275 559 321 passione
581 279 753 322 expertus
782 281 837 314 est
860 277 928 313 mi-

149 322 303 366 seriam,
338 324 374 358 ct
407 322 445 358 in
488 323 717 369 subJectione
756 325 931 361 obedien-

148 369 258 413 tiam3
278 380 346 415 per
367 379 479 414 quam
499 372 626 406 tamen
647 371 928 417 experientiam,

148 426 223 451 non
257 416 309 451 illi
344 416 514 461 scientia,
550 418 615 453 sed
654 418 762 454 nobis
793 419 930 455 fiducia

148 462 280 506 crevit,
297 463 382 499 dum
397 463 434 499 in
453 464 523 500 hoc
537 464 674 501 misero
696 476 833 511 genere
847 477 931 511 cog-

150 509 306 545 nitionis
328 510 360 545 is
377 521 399 546 a
420 521 494 556 quo
527 511 637 557 longe
668 523 930 548 erraveramus

149 556 269 593 factus
289 560 345 593 est
367 557 614 604 propinquior
629 559 750 595 nobis.
778 560 930 602 Quando

151 603 251 639 enim
284 604 338 639 illi
375 605 680 651 appropinquare
708 606 932 642 auderemus

148 649 188 686 in
208 661 274 686 sua
300 651 601 697 impassibilitate
623 653 814 688 manenti?
828 654 932 688 Nunc

148 700 275 733 autem
287 708 487 734 monemur
502 710 585 735 cum
602 699 741 735 fiducia
761 700 864 735 adire
886 700 932 735 ad

148 744 328 780 thronum
340 745 470 791 gratiae
487 746 619 792 ipsius,
631 757 742 792 quem
756 746 933 782 nimirum

148 791 355 838 languores
381 796 533 828 nostros
566 793 696 828 tulisse
723 796 759 829 et
785 793 934 829 dolores

149 843 321 883 portasse
354 839 633 884 cognoscimus,
673 842 710 875 et
748 839 786 875 in
824 850 866 875 eo
894 839 934 875 in

152 894 225 929 quo
237 895 369 930 passus
381 889 434 921 est
449 885 542 931 ipse,
559 885 668 921 nobis
681 886 841 931 compati
857 897 935 922 non

150 931 366 968 dubitamus
407 945 421 965 ι)
464 945 474 967 .·
510 933 592 968 haec
625 934 847 969 Bernardus.
888 953 933 959 —

150 978 342 1013 Moraliter
370 979 466 1014 sicut
489 979 569 1024 ipse
595 981 698 1014 Jesus
719 981 934 1025 proficiebat

147 1026 345 1070 sapientia,
366 1029 470 1061 aetate
482 1029 514 1061 et
533 1028 671 1070 qratia,
699 1028 799 1073 apud
820 1029 932 1063 Deum

1024 160 1157 194 CAPUT
1194 159 1274 192 XVI

1003 234 1035 266 et
1065 232 1235 271 homines,
1259 233 1296 265 et
1318 239 1463 275 passus,
1486 231 1522 263 et
1558 227 1772 280 resurrexit,

1002 281 1038 314 et
1058 278 1109 313 ita
1130 276 1282 313 intravit
1310 276 1347 312 in
1373 275 1532 321 gloriam
1566 282 1693 327 s⁴uam3
1723 285 1776 310 sm

1001 325 1114 361 etiam
1147 335 1232 359 suos
1265 333 1443 369 sequaces
1463 321 1627 374 ostendit
1664 321 1776 367 profi-

1001 382 1084 408 cere
1117 370 1329 415 virtutibus,
1351 373 1385 406 et
1412 380 1480 416 per
1510 378 1705 415 passrones
1728 368 1776 404 ad

1001 418 1138 464 gaudia
1158 417 1428 463 transmigrare
1448 417 1597 453 debere.

1054 481 1093 512 19
1114 466 1290 501 CIVITATIS
1317 465 1505 500 NAZARETH
1534 474 1773 499 Pn1v1LEG1UM.

1001 533 1046 537 —
1070 514 1155 547 Haec
1189 514 1315 547 autem
1345 514 1474 547 sancta
1511 513 1548 546 et
1573 511 1648 546 Deo
1673 520 1776 546 ama-

1003 558 1088 594 bilis
1107 558 1235 593 civitas
1252 559 1448 601 Nazareth,
1464 557 1504 593 in
1521 567 1593 603 qua
1613 558 1777 594 Verbum

1003 616 1090 641 caro
1115 606 1253 640 factum
1278 608 1346 649 est,
1378 607 1415 640 et
1438 605 1507 640 flos
1540 604 1666 640 omnia
1697 604 1777 640 vin—

1003 662 1089 688 cens
1113 654 1282 687 aromata
1316 650 1356 686 in
1383 654 1488 686 utero
1513 650 1678 696 Virginis
1698 661 1779 697 ger-

1002 698 1174 741 minavit,
1196 698 1294 734 unde
1316 700 1350 733 et
1367 697 1500 733 merito
1515 700 1577 742 flos
1598 698 1781 744 interpre-

1002 749 1120 789 tatur,
1160 745 1200 780 in
1240 745 1311 780 hoc
1350 755 1461 790 super
1501 754 1630 780 omnes
1687 744 1780 781 alias

1006 791 1157 838 speciali
1199 792 1337 837 gaudet
1360 791 1570 838 privilegio,
1596 791 1696 837 quod
1722 802 1780 827 sa-

1006 839 1093 875 lutis
1119 842 1258 875 nostrae
1295 839 1475 874 Dominus
1508 838 1547 873 in
1571 848 1616 874 ea
1643 837 1780 884 princi-

1005 886 1108 933 pium
1147 885 1372 932 procreavit,
1414 889 1450 921 et
1483 885 1563 931 ipse
1598 887 1782 930 praeterea

1006 932 1157 977 nutriri,
1186 937 1222 969 et
1244 932 1465 978 parentibus
1492 931 1623 978 subjici
1648 931 1780 979 digna-

1006 984 1065 1016 tus
1085 983 1155 1025 est,
1177 980 1234 1016 cui
1256 981 1367 1015 Pater
1387 978 1513 1015 omnia
1533 989 1615 1025 quae
1642 978 1782 1015 suntin

1008 1027 1099 1063 coelo
1123 1030 1159 1063 et
1181 1026 1220 1062 in
1245 1031 1348 1063 terra
1373 1026 1544 1073 subJ'ecit.

883 1145 1051 1181 ORATIO

197 1234 358 1271 Domine
378 1237 467 1272 Jesu
489 1235 648 1281 Christe,
664 1236 729 1272 Fili
749 1237 814 1273 Dei
833 1237 919 1282 vivi,
939 1238 1002 1284 qui
1022 1249 1090 1285 per
1109 1238 1273 1274 triduum
1293 1248 1314 1274 a
1330 1237 1548 1284 parentibus
1559 1238 1633 1274 tuis
1653 1237 1783 1274 dolen-

149 1280 252 1317 tibus
275 1282 470 1327 quaesitus,
493 1284 646 1319 taudem
670 1284 708 1319 in
729 1285 868 1330 templo
884 1296 924 1321 es
946 1285 1143 1330 inventus;
1166 1286 1214 1321 da
1228 1285 1319 1321 mihi
1339 1285 1477 1320 misero
1495 1288 1531 1320 te
1553 1285 1783 1329 desiderare,

148 1328 407 1365 desiderando
431 1341 615 1376 quaerere,
644 1333 848 1377 quaerendo
881 1332 1063 1377 invenire,
1087 1333 1314 1368 inveniendo
1344 1343 1485 1376 amare,
1507 1332 1667 1368 amando
1684 1331 1784 1368 mala

151 1386 238 1411 mea
259 1376 463 1422 redimere,
490 1378 688 1424 redempta
706 1389 781 1414 non
801 1379 952 1415 iterare.
976 1381 1020 1416 Et
1041 1380 1102 1425 qui
1134 1380 1275 1426 petenti
1296 1378 1458 1425 largiris,
1479 1379 1661 1424 quaerenti
1680 1379 1782 1415 inve-

150 1422 261 1467 niris,
279 1424 440 1469 puhanti
464 1425 639 1470 aperiris,
661 1436 737 1461 non
767 1426 930 1471 deneges
960 1427 1052 1462 mihi
1076 1426 1246 1471 minimo,
1269 1427 1368 1472 quod
1388 1426 1562 1463 omnibus
1579 1425 1781 1473 promittis.

151 1469 296 1515 Quique
330 1472 376 1506 ad
399 1472 633 1508 voluntatem
654 1478 854 1518 parentum
875 1475 1059 1510 Nazareth
1079 1474 1245 1518 rediens,
1268 1479 1304 1509 et
1330 1473 1499 1509 subditus
1535 1473 1588 1510 eis
1619 1473 1784 1510 existens

152 1516 314 1553 formam
358 1519 559 1554 ostendisti
601 1520 839 1565 obedientiae,
871 1522 919 1557 da
951 1520 1041 1557 mihi
1076 1521 1169 1557 duro
1204 1520 1438 1557 voluntatem
1466 1522 1658 1567 propriam
1682 1521 1783 1557 fran-

151 1573 255 1609 gere,
278 1566 320 1600 ut
341 1566 531 1611 subjectus
551 1566 622 1602 sim
641 1566 723 1611 tibi,
746 1571 782 1603 et
796 1572 950 1614 propter
970 1571 1008 1604 te
1025 1568 1128 1604 omni
1150 1569 1324 1604 humanae
1347 1572 1539 1606 creaturae.
1561 1570 1694 1605 Amen.

804 1772 984 1819 CAPUT
1035 1773 1132 1819 XVI

154 1914 250 1947 QUID
283 1915 445 1943 FECERIT
473 1915 648 1945 DOMINUS
681 1916 797 1946 JESUS
827 1918 878 1945 AB
912 1918 1017 1947 ANNO
1046 1919 1286 1956 DUODECIMO,
1327 1920 1457 1953 USQUE
1483 1921 1534 1948 AD
1563 1907 1786 1951 PRINCIBH'JM

805 1971 899 1999 ANNI
923 1971 1134 2001 TRIGESIMI.

844 2084 950 2120 Lucae
965 2095 1046 2131 cap.
1067 2086 1110 2120 II.

211 2240 223 2261 1
249 2226 338 2269 Qum
360 2227 532 2263 Cumsrus
555 2240 599 2263 AB
620 2240 715 2265 ANNo
736 2242 935 2267 nuonsscmo

158 2284 273 2312 usone
300 2285 344 2308 An
368 2285 580 2310 TRIGESIMCM
605 2278 778 2312 FECERIT‘?
801 2299 845 2304 -—
866 2280 935 2315 Re-

158 2330 289 2355 versus
310 2331 399 2365 ergo
421 2321 599 2358 Dominus
623 2325 731 2359 Jesus
752 2335 774 2360 a
798 2326 936 2372 templo

157 2370 194 2402 et
208 2367 431 2412 Jerusalem,
449 2379 531 2404 cum
553 2371 772 2414 parentibus
789 2372 877 2416 suis,
898 2373 937 2408 in

156 2415 354 2459 Nazareth,
367 2418 459 2459 erat,
473 2419 512 2451 ut
529 2416 666 2452 dictum
684 2421 752 2459 est,
767 2419 937 2455 subditus

155 2460 243 2496 illis.
281 2463 322 2496 Et
357 2461 496 2498 ibidem
531 2474 613 2498 cum
652 2464 704 2500 eis
741 2476 856 2510 usque
890 2467 937 2502 ad

153 2507 380 2554 principium
404 2509 492 2544 anni
521 2509 701 2556 trigesimi
723 2512 905 2549 habitavit
925 2526 932 2549 :

157 2565 226 2590 nec
257 2555 295 2590 in
329 2555 528 2601 Scripturis
558 2558 744 2603 reperitur
774 2560 872 2604 quod
899 2560 938 2596 in

156 2604 235 2637 toto
280 2605 448 2648 tempore
493 2603 563 2639 isto
605 2604 745 2650 aliquid
782 2607 934 2651 secerit3

157 2649 258 2694 quod
294 2649 402 2685 valde
443 2649 591 2687 videtur
627 2652 811 2688 mirabile.
844 2654 937 2696 Quid

156 2695 273 2740 igitur
310 2696 580 2734 meditabimur
617 2698 739 2745 ipsum
779 2700 938 2736 seciSse?

157 2742 318 2779 Stetitne
338 2743 518 2781 Dominus
535 2747 643 2782 Jesus
667 2746 808 2784 otiosus
833 2751 936 2784 tanto

1009 2235 1191 2279 tempore,
1204 2235 1245 2269 ut
1259 2232 1351 2268 nihil
1367 2232 1505 2268 faceret
1519 2232 1673 2278 dignum
1697 2233 1787 2269 scri-

1008 2283 1119 2326 ptura
1140 2283 1176 2315 et
1195 2279 1414 2315 recitatione
1426 2280 1443 2315 ⁶?
1458 2279 1493 2316 Si
1512 2280 1611 2315 enim
1627 2280 1788 2327 fecisset,

1010 2338 1088 2371 cur,
1108 2327 1202 2363 sicut
1221 2327 1366 2372 reliqua
1385 2326 1482 2363 sacta
1501 2338 1582 2371 sua,
1602 2338 1678 2363 non
1698 2327 1787 2364 scri-

1009 2377 1114 2419 ptum
1134 2374 1286 2410 fuisset?
1302 2374 1460 2410 Omnino
1479 2377 1609 2420 stupor
1624 2374 1785 2412 videtur.

1010 2423 1118 2457 Forte
1148 2420 1231 2457 ideo
1269 2421 1460 2467 Scriptura
1491 2424 1603 2466 tacet,
1627 2433 1675 2458 ne
1703 2425 1788 2459 acta

1005 2468 1200 2514 Juniorum
1243 2467 1355 2504 nimis
1397 2480 1436 2504 se
1474 2469 1678 2514 publicent.
1715 2470 1787 2505 Sed

1010 2516 1159 2551 attende
1180 2514 1239 2551 hic
1260 2516 1368 2558 bene,
1389 2515 1476 2561 quia
1496 2518 1666 2561 patenter
1684 2519 1786 2562 pote-

1009 2562 1061 2597 ris
1087 2562 1228 2607 videre,
1250 2563 1349 2608 quod
1374 2563 1467 2598 nihil
1493 2562 1677 2606 faciendo,
1700 2563 1786 2599 fecit

1009 2609 1225 2656 magnifica.
1247 2609 1343 2645 Nihil
1373 2609 1471 2646 enim
1499 2610 1544 2645 de
1572 2609 1679 2645 factis
1706 2610 1785 2656 eJus

1009 2667 1031 2691 a
1058 2656 1233 2702 mysterio
1263 2659 1387 2700 vacat;
1413 2657 1477 2693 sed
1502 2656 1596 2692 sicut
1619 2656 1786 2693 virtuose

1010 2703 1234 2748 loquebatur
1250 2707 1286 2740 et
1301 2705 1539 2750 operabatur,
1556 2703 1607 2739 sic
1621 2703 1785 2742 virtuose

1008 2751 1156 2787 tacebat
1169 2754 1205 2787 et
1222 2762 1260 2788 se
1277 2750 1530 2788 subtrahebat.
1546 2751 1783 2788 Credendum
