1902 3126
402 165 457 200 DE
492 164 668 198 IEIUNIO
705 163 759 198 m·
795 164 1154 200 TENTATIONIBUS
1195 166 1360 199 noitixt.

63 246 200 282 corpus
222 244 443 277 consensus,
473 231 599 269 statim
625 232 731 278 ponit
754 242 842 268 cau-

65 283 153 320 dam
173 282 316 329 operis;
334 285 370 317 et
392 280 476 316 ideo
497 279 535 315 in
552 289 621 314 suo
643 278 778 324 capite,
805 279 842 315 id

66 333 136 374 est,
155 329 194 366 in
221 340 290 365 sua
309 325 551 373 suggestione
571 327 627 361 est
646 329 842 362 conteren-

67 378 158 421 dus;
180 380 216 413 et
238 380 326 411 tunc
341 383 477 410 nocere
495 383 572 408 non
597 372 749 419 poterit,
776 383 843 409 nec

66 427 248 471 quantum
264 421 311 458 ad
331 430 480 466 corpuS,
503 430 572 456 nec
591 418 772 465 quantum
794 420 843 456 ad

66 471 239 514 caudam,
261 467 363 515 quia,
385 470 579 513 amputato
606 466 727 512 capite
759 478 845 513 sug-

64 514 264 566 gestionis,
286 516 380 567 tota·
394 518 452 550 est
474 517 668 551 contracta
688 514 743 550 vis
764 525 844 550 ser-

63 563 188 613 pentis
206 561 415 599 infernalis.
446 574 464 594 »

113 624 157 648 20
182 610 347 646 Faenus
385 620 532 644 naccon·
572 620 761 645 ecmonus.
799 629 846 635 —-

68 659 167 696 Tunc
197 660 460 699 consummata,
494 655 532 692 id
563 660 632 701 est,
668 659 845 702 superata

65 706 164 742 omni
190 705 401 747 tentatione,
417 704 464 740 ad
485 714 597 749 quam
623 703 844 750 explendam

65 750 248 789 Dominus
284 754 453 794 venerat,
494 751 663 786 diabolus
699 751 846 786 Lucifer

64 809 140 836 non
160 797 356 835 inveniens
371 797 461 843 quid
478 797 763 844 ageret,audito
780 798 844 833 Dei

62 844 231 889 nomine,
268 846 420 890 reliquit
445 856 536 887 eum,
571 855 683 891 quem
720 849 846 881 tamen

64 902 272 939 numquam
305 891 440 935 tenuit,
461 891 551 939 quia
586 896 786 938 superatus
824 902 846 928 a

66 939 276 978 tentatione
301 939 475 983 cessavit,
499 943 535 976 et
548 941 696 975 recessit
715 940 761 974 ab
784 941 846 974 illo

65 991 260 1034 tamquam
288 986 408 1023 victus
441 990 477 1023 et
507 987 698 1030 confusus,
732 998 848 1032 usque

65 1035 115 1071 ad
135 1039 296 1080 tempus‚·
319 1037 450 1080 postea
473 1033 575 1071 enim
603 1045 677 1070 nou
698 1038 846 1070 tantum

67 1082 198 1120 dolose
219 1085 444 1125 tentaturus,
458 1081 524 1118 sed
548 1085 677 1127 aperte
698 1092 765 1127 per
781 1083 799 1118 J
807 1092 846 1117 u-

67 1129 171 1166 daeos
190 1139 277 1165 eum
292 1133 327 1164 et
343 1128 382 1164 in
400 1139 440 1164 se
460 1133 496 1165 et
516 1129 555 1164 in
571 1128 752 1165 membris
771 1130 849 1164 suis

65 1176 357 1223 impugnaturus
368 1175 534 1220 advenit,
545 1176 805 1222 quia‚appropi
813 1187 850 1212 n-

67 1227 208 1271 quante
229 1227 399 1269 tempore
419 1223 611 1260 Passionis
624 1223 852 1269 persecutio-

65 1281 153 1308 nem
171 1270 204 1307 ei
219 1281 287 1317 per
303 1270 493 1316 principes
510 1270 748 1307 sacerdotum
767 1281 850 1306 sus—

66 1317 218 1362 citavit;
252 1328 326 1353 non
346 1328 411 1363 per
432 1317 599 1364 seipsum
622 1318 758 1361 solum,
787 1318 853 1354 sed

68 1368 105 1402 et
122 1375 190 1412 per
206 1364 315 1408 alios,
335 1375 377 1400 ac
407 1375 475 1410 per
495 1375 640 1411 organa
657 1368 693 1399 et
715 1365 852 1400 instru-

67 1416 195 1450 menta
216 1423 282 1448 sua
298 1412 464 1458 propria,
487 1411 600 1458 coepit
621 1422 707 1448 eum
728 1411 850 1457 impu-

67 1470 200 1514 gnare,
214 1464 351 1505 putans
378 1469 465 1495 eum
484 1458 616 1495 mortis
636 1458 771 1495 timore
789 1459 851 1495 de-

64 1509 195 1592 sscere.
212 1506 425 1543 Secundum
439 1508 745 1551 Chrysostomum,
765 1505 847 1542 dia-

93 1555 178 1591 olus
211 1564 285 1589 non
316 1554 424 1599 quasi
448 1553 628 1590 obediens
658 1556 847 1599 praecepto

66 1600 236 1645 recessit,
260 1602 323 1637 sed
348 1601 524 1637 divinitas
545 1599 698 1644 Christi,
712 1603 748 1636 et
769 1599 850 1646 Spi-

67 1648 163 1686 ritus
183 1650 341 1685 Sanctus
362 1648 424 1693 qui
445 1651 527 1684 erat
545 1647 583 1683 in
616 1658 661 1683 eo
686 1646 849 1683 excussit

65 1696 155 1733 inde
173 1695 389 1739 diabolum;
413 1695 515 1741 quod
537 1694 689 1740 quidem
707 1695 755 1730 ad
777 1705 846 1730 no-

67 1746 184 1780 stram
223 1742 374 1789 proiicit
408 1741 720 1785 consolationem,
759 1741 850 1787 quia

68 1801 146 1827 non
174 1789 320 1827 tamdiu
359 1789 534 1826 homines
570 1789 639 1826 Dei
673 1789 849 1826 diabolus

66 1840 186 1875 tentat
217 1837 397 1883 quamdiu
431 1837 522 1882 vult,
566 1836 633 1873 sed
669 1836 848 1883 quamdiu

66 1885 243 1923 Christus
278 1883 486 1931 permittit;
524 1887 563 1921 et
586 1883 617 1920 si
649 1895 736 1920 eum
762 1894 847 1930 per-

66 1933 191 1970 mittat
213 1931 406 1978 paulisper
432 1935 578 1968 tentare
603 1931 651 1967 ad
678 1935 849 1967 nostram

66 1979 281 2022 utilitatem,
302 1983 430 2015 tamen
447 1977 594 2025 repellit
610 1982 765 2024 propter
785 1989 849 2014 no-

67 2029 187 2064 stram
208 2026 471 2062 infirmitatem
490 2025 602 2071 ;quia
614 2036 688 2060 non
710 2026 850 2071 patitur

66 2073 287 2111 nostentari
310 2074 407 2110 ultra
421 2083 534 2119 quam
554 2083 752 2119 possumus
773 2083 853 2108 sus-

66 2121 201 2158 tinere.
226 2121 329 2157 Unde
347 2122 599 2165 Auqustinus:
618 2134 637 2153 «
653 2119 689 2156 Si
703 2123 851 2156 tantum

66 2171 195 2216 posset
216 2178 351 2205 nocere
367 2167 539 2205 diabolus
557 2171 741 2214 quantum
758 2167 849 2211 vult,

67 2215 207 2263 aliquis
249 2216 440 2262 justorum
468 2226 544 2252 non
576 2217 803 2251 remaneret.
831 2228 850 2246 »

66 2263 204 2300 Tribus
230 2267 356 2300 autem
388 2262 594 2309 praemissis
615 2261 851 2306 congressio-

68 2309 247 2354 nibus,in
269 2310 408 2356 quibus
419 2311 544 2347 adhue
564 2313 758 2346 exercetur
782 2308 852 2345 mi-

66 2357 149 2394 litia
173 2357 400 2402 Christiana,
423 2358 548 2394 omnis
571 2357 729 2394 tentatio
752 2356 847 2392 dici-

68 2407 133 2442 tur
166 2409 390 2451 cousumpta
422 2405 460 2442 in
499 2405 578 2441 suis
601 2403 793 2440 radicibus
815 2406 852 2440 et

68 2455 270 2498 superata;
311 2452 399 2498 quia
442 2452 483 2489 in
522 2452 626 2498 gula,
659 2450 850 2498 superbia,

70 2499 242 2542 avaritia,
279 2509 322 2536 ex
344 2499 484 2546 quibus
518 2498 676 2536 tentatio
713 2500 850 2542 oritur,

68 2548 198 2584 omnia
208 2546 298 2583 vitia
311 2547 381 2583 sibi
394 2547 651 2583 consoederata
667 2549 756 2582 sunt
771 2556 854 2592 per-

70 2597 210 2641 empta.
244 2596 284 2630 lu
326 2593 384 2631 his
414 2594 517 2631 enim
541 2593 663 2630 tribus
690 2597 747 2630 est
776 2603 853 2630 om-

69 2641 174 2678 nium
218 2641 376 2678 materia
411 2641 651 2685 delictorum,
689 2650 853 2687 quorum

69 2688 216 2726 semina
236 2689 274 2725 in
293 2689 373 2735 ipsa
391 2688 538 2735 origine
557 2691 646 2726 sunt
664 2687 850 2731 cavenda;

71 2735 174 2783 quia,
194 2738 341 2773 ,Ioanne
364 2739 568 2773 attestante
588 2747 596 2772 :
619 2736 730 2773 Omne
755 2735 852 2781 quod

71 2786 125 2820 est
141 2785 181 2820 in
198 2784 332 2820 mundo
342 2785 635 2830 concupiscentia
649 2784 771 2820 carnis
782 2785 848 2827 est,
869 2801 873 2804 ·

1636 163 1697 198 203

918 237 952 269 et
971 236 1261 279 concupiscentia
1285 235 1482 272 oculorum.
1507 236 1541 268 ct
1564 242 1692 278 super-

920 281 981 316 bia
1002 283 1098 316 vitae.
1119 281 1182 317 Cui
1203 281 1336 327 triplici
1358 280 1476 317 hostis
1498 280 1585 323 telo,
1607 278 1694 316 toti-

919 327 1005 363 dem
1037 338 1143 363 arma
1169 327 1415 370 defensionis,
1448 327 1589 363 scilicet
1615 337 1696 363 scu-

919 378 998 410 tum
1026 373 1260 419 triangulum
1287 385 1477 419 opponere
1499 375 1695 417 debemus,

920 424 958 457 ut
997 420 1142 466 jejunio
1182 421 1521 466 concupiscentiam
1559 420 1698 464 carnis,

921 468 1091 504 oratione
1113 467 1342 513 superbiam,
1363 468 1600 512 eleemosyna
1615 477 1700 504 ava-

921 515 1047 551 ritiam
1084 514 1325 560 repellamus.
1357 514 1457 549 Sic-ut
1483 519 1606 550 autem
1638 514 1701 550 ille

921 563 1039 598 hostis
1060 564 1240 607 antiquus
1264 571 1287 597 a
1315 561 1471 596 Domino
1498 572 1616 605 usque
1651 561 1698 597 ad

920 613 1070 655 tempus
1102 608 1270 652 recessit,
1293 611 1328 643 et
1357 612 1524 652 tempore
1549 607 1694 643 Passio·

919 657 979 692 nis
999 656 1160 700 rediens,
1184 666 1259 691 non
1283 655 1318 690 in
1346 654 1447 697 dolo,
1471 655 1534 689 scil
1569 658 1697 699 aperte

921 714 1006 741 eum
1023 703 1257 749 impugnavit
1270 714 1278 745 ;
1291 702 1342 738 sic
1355 705 1391 738 et
1410 711 1477 737 nos
1495 701 1698 745 aliquando

921 755 1067 788 tentare
1087 749 1314 793 intermittit,
1338 753 1374 785 et
1392 748 1543 794 quando
1563 748 1599 783 in
1623 750 1699 782 ten-

921 798 1063 834 tatione
1086 808 1160 834 non
1189 797 1378 842 praevalet,
1402 806 1424 831 a
1445 795 1552 831 nobis
1583 804 1703 839 usque

921 846 970 881 ad
987 845 1089 881 aliud
1113 849 1261 890 tempus
1281 843 1436 886 recedit,
1459 845 1499 878 ut
1519 841 1626 887 quasi
1650 851 1704 876 se-

922 903 1031 929 curos
1064 891 1274 936 inveniens,
1294 894 1448 937 repente
1472 889 1620 926 rediens
1655 888 1705 924 fa-

921 939 1031 976 cilius
1056 939 1271 985 iuopinatus
1304 938 1501 983 irrumpat.
1543 934 1702 972 Instrui-

924 998 1009 1022 mur
1029 997 1119 1031 ergo
1141 985 1200 1022 hic
1219 986 1266 1022 ad
1288 985 1488 1026 cautelam,
1507 983 1597 1029 quia
1617 982 1703 1018 licet

924 1034 1091 1080 aliquam
1117 1033 1365 1069 tentationem
1384 1030 1703 1078 superaverimus,

925 1092 1075 1127 semper
1096 1084 1222 1117 tamen
1244 1080 1438 1116 diabolum
1465 1078 1513 1114 ad
1539 1085 1706 1123 pugnam

926 1133 1097 1174 paratum
1128 1127 1344 1164 invenimus
1379 1138 1387 1169 3
1420 1130 1589 1171 tempore
1619 1133 1704 1159 vero

929 1175 1133 1219 Passionis,
1171 1174 1326 1210 omnino
1360 1173 1478 1209 victus
1517 1170 1705 1213 diabolus,

927 1224 1116 1269 relegatus
1138 1226 1195 1258 est
1220 1222 1259 1257 in
1282 1221 1486 1263 infernum,
1512 1219 1549 1254 in
1575 1218 1707 1254 diebus

926 1269 1146 1306 Amic-bristi
1162 1268 1375 1310 solvendus,
1389 1266 1595 1303 secundum
1614 1266 1710 1310 Apo-

927 1316 1107 1362 calypsim
1133 1317 1300 1352 Joannis.
1325 1315 1428 1351 Unde
1449 1314 1547 1349 idem
1575 1314 1705 1356 Augu-

927 1366 1046 1400 sttnus
1061 1363 1185 1399 innuit
1200 1362 1301 1408 quod
1324 1362 1394 1397 istc
1417 1364 1583 1397 tentator
1599 1357 1711 1394 suerit

927 1411 1073 1447 Lucifer
1093 1410 1236 1456 primus
1255 1411 1435 1454 Angelus,
1459 1407 1520 1443 ille
1538 1405 1711 1452 superior

926 1458 986 1503 qui
1017 1457 1180 1503 primum
1219 1456 1409 1493 homiuem
1439 1456 1704 1501 superaverat;

926 1504 1136 1541 credendus
1172 1507 1230 1540 est
1264 1506 1390 1539 autem
1425 1502 1504 1547 ipse
1533 1500 1708 1537 diabolus

925 1551 1092 1588 hominis
1123 1551 1284 1586 sormam
1315 1550 1362 1586 ad
1400 1550 1532 1584 horam
1571 1556 1713 1584 assum-

924 1599 1060 1646 psisse,
1085 1598 1124 1633 in
1155 1608 1230 1643 qua
1266 1596 1467 1633 Dominum
1498 1594 1710 1632 circumdu-

925 1656 1024 1689 cere,
1047 1648 1084 1681 et
1106 1644 1138 1681 ei
1154 1643 1317 1690 colloqui
1352 1646 1492 1690 posset.

973 1707 1012 1729 21
1033 1694 1214 1728 TENTAno
1231 1692 1377 1728 CnmsTi
1397 1700 1610 1726 Tenui-mxi
1625 1699 1709 1726 pno-

923 1751 1143 1777 TOPARENTIS
1165 1750 1412 1782 coniminum,
1435 1750 1476 1773 er
1498 1747 1708 1773 excusam-

923 1800 992 1825 Tcn
1015 1798 1152 1824 menna
1172 1798 1343 1823 vicromAE
1362 1797 1459 1827 oum
1479 1795 1640 1821 RETULiT.
1663 1802 1709 1810 —-

925 1837 968 1871 Et
986 1835 1209 1879 notandum,
1228 1834 1330 1880 quod
1346 1833 1440 1869 'ordo
1456 1832 1708 1869 tentationum

926 1882 1066 1919 Christi
1107 1882 1174 1926 sic,
1217 1881 1427 1917 secundum
1467 1881 1728 1922 Manlianum,-

923 1931 1070 1977 positus
1090 1929 1160 1966 suit
1187 1928 1398 1965 secundum
1422 1927 1595 1963 ordinem
1621 1930 1703 1962 ten-

924 1978 1111 2014 tationum
1131 1976 1234 2020 Adae,
1257 1975 1322 2021 qui
1344 1975 1414 2011 suit
1432 1973 1501 2010 iste
1525 1985 1533 2008 :
1558 1975 1600 2009 1η
1621 1982 1708 2017 quo-

925 2035 1076 2069 cumque
1101 2024 1161 2059 die
1189 2023 1429 2062 comederitis,
1469 2031 1555 2056 ecce
1592 2019 1702 2063 gula;

926 2074 1030 2107 eritis
1065 2073 1160 2106 sicut
1185 2070 1254 2111 clii,
1289 2080 1374 2105 ecce
1400 2068 1524 2104 inanis
1563 2065 1708 2112 gloria;

925 2121 1076 2155 scientes
1099 2118 1228 2153 bonum
1249 2120 1283 2152 et
1304 2117 1454 2157 malum,
1478 2125 1565 2151 ecce
1583 2112 1707 2150 avari-

926 2167 991 2202 tia.
1020 2176 1103 2211 quae
1137 2175 1213 2200 non
1249 2167 1306 2200 est
1339 2167 1486 2199 tantum
1524 2160 1707 2207 pecuniae,

927 2213 994 2250 sed
1020 2217 1056 2248 et
1088 2210 1332 2249 sublimitatis
1352 2214 1387 2247 et
1416 2209 1600 2251 scientiae,
1622 2217 1708 2244 cum

926 2270 1043 2306 supra
1075 2259 1230 2296 modum
1266 2257 1444 2295 ambitur.
1494 2255 1709 2294 Secundum

925 2318 1015 2344 vero
1038 2308 1300 2351 Auqzastinum,
1323 2309 1470 2342 certum
1499 2303 1609 2340 nobis
1632 2312 1707 2354 non

926 2359 984 2392 est
1003 2365 1087 2401 quae
1108 2352 1220 2390 suerit
1233 2353 1410 2396 secunda,
1424 2356 1462 2389 et
1481 2362 1566 2398 quae
1579 2353 1704 2386 tertia.

928 2402 1000 2440 Sed
1026 2402 1100 2438 duo
1132 2401 1381 2447 Evangelistae
1406 2399 1508 2436 varie
1530 2399 1702 2434 narrant.

928 2451 1055 2487 Potest
1073 2447 1168 2485 ratio
1189 2448 1392 2494 assignari,
1412 2446 1500 2493 quia
1531 2455 1607 2481 uua
1624 2447 1708 2496 ten-

926 2497 1018 2535 tatio
1047 2500 1103 2533 est
1134 2496 1182 2532 de
1201 2495 1407 2542 cupiditate
1435 2491 1706 2542 principaliter,

927 2544 1001 2597 alia
1018 2544 1064 2580 de
1078 2543 1260 2586 clatioue;
1277 2546 1313 2580 et
1334 2543 1550 2588 frequenter
1564 2540 1709 2590 contin-

928 2595 982 2638 git
995 2592 1097 2638 quod
1113 2600 1227 2628 unum
1240 2590 1370 2627 vitium
1382 2600 1424 2625 ex
1443 2587 1516 2623 alio
1529 2588 1708 2627 nascitur,

927 2643 965 2676 et
987 2650 1007 2676 e
1029 2649 1209 2675 converso
1224 2649 1232 2681 ;
1247 2642 1283 2674 et
1305 2637 1387 2673 ideo
1404 2635 1601 2671 Mattliseus
1619 2641 1712 2677 prae-

929 2686 1035 2733 ponit
1059 2696 1186 2730 uuam,
1208 2686 1326 2721 Lucas
1343 2694 1430 2718 vero
1453 2681 1580 2717 aliam.
1605 2677 1708 2715 Unde

928 2736 1117 2779 Remmius
1139 2746 1184 2769 :«
1206 2733 1260 2769 Ol)
1290 2733 1358 2767 boc
1386 2728 1708 2778 Evangelistarum

930 2782 1030 2819 hanc
1050 2783 1136 2826 iste,
1162 2779 1266 2816 illam
1297 2788 1384 2814 vero
1419 2776 1480 2812 illc
1503 2775 1710 2822 praemittit,
