1876 3126
531 147 754 182 SERMONIS
792 146 834 180 IN
872 147 1015 181 MONTE
1054 147 1318 182 CONCLUSIO.
1692 151 1752 186 335

107 219 232 266 aliquo
254 223 438 267 tempore,
466 222 503 255 et
520 221 724 264 operentur
750 217 891 252 honum

105 278 149 303 ex
168 278 330 313 genere;
363 271 488 303 tamen
514 276 589 300 non
609 268 665 300 cst
687 265 780 299 bene
802 274 889 309 pos-

104 314 213 351 sibile
240 315 330 361 quin
351 316 555 360 operentur
581 310 807 363 quandoque
829 322 890 363 ’se-

101 363 271 399 cundum
303 361 583 398 inclinationem
613 368 690 394 suae
720 358 886 393 malitia).

106 410 208 446 Unde
244 411 408 446 Seneca:
457 421 475 440 «
514 407 630 442 Nemo
667 408 791 450 potest
824 405 885 441 diu

102 457 202 493 ferre
222 465 423 503 personam
451 454 593 497 fictam,
619 452 692 488 cito
713 452 750 488 in
778 457 887 488 natu-

102 514 183 540 ram
197 514 303 540 suam
321 500 638 546 reciduntquibus
659 499 798 535 veritas
814 511 887 535 non

100 551 248 595 subest;
269 549 333 596 qui
357 552 483 585 autem
512 559 554 584 ex
581 547 701 583 solido
723 558 887 583 nascun-

99 602 173 643 tur,
213 601 383 643 tempore
420 596 500 642 ipso
533 595 570 630 in
599 595 734 631 melius
773 596 888 641 proti-

99 644 216 681 ciunt.
240 658 258 679 »
282 645 475 691 Detegitur
501 643 614 678 etiam
643 653 750 678 error
773 653 890 688 quan-

101 696 213 738 toque
227 691 447 738 temporalis
461 689 650 726 commodi
666 689 887 734 tentatione,

98 739 371 785 persecutionis
399 742 591 784 tempore;
629 740 665 773 et
689 737 719 773 si
744 737 891 783 tingant

98 786 351 823 humilitatem
373 790 408 822 et
437 787 536 821 bona
556 795 684 831 opera,
719 788 889 831 tempore

97 833 361 881 prosperitatis
389 844 472 869 cuni
494 834 744 877 honorantur,
783 833 887 869 dete-

98 881 200 928 gitur
216 886 342 918 tamen
359 891 492 917 eorum
510 879 702 924 superbia,
721 890 804 915 cum
826 880 889 915 ad-

100 929 217 965 versis
253 933 459 974 tanguntur
489 931 526 964 et
555 928 676 963 honor
702 927 889 963 subtrahi-

97 979 170 1012 tur.
195 977 358 1013 Possunt
379 975 492 1011 etiam
520 974 710 1020 cognosci,
735 975 886 1020 quando

97 1024 288 1060 consecuti
316 1026 403 1059 sunt
431 1034 475 1058 ea
506 1026 662 1068 propter
688 1032 772 1067 quae
796 1033 883 1067 ope-

97 1071 215 1107 rando
240 1072 521 1113 laboraverunt,
551 1076 592 1104 ut
621 1068 824 1114 dignitates
850 1072 886 1105 et

97 1117 372 1164 hujuscemodi,
395 1117 482 1163 quia
515 1127 613 1162 stepo
643 1117 885 1162 postmodum

95 1168 248 1202 cessant
282 1164 445 1212 operari.
484 1164 590 1199 Unde
631 1166 884 1207 Achszcstz'nus:

98 1227 117 1245 «
139 1213 392 1259 Quaecumque
420 1212 459 1248 in
473 1211 580 1247 sactis
603 1211 661 1247 vel
689 1210 798 1247 dictis
825 1222 887 1257 ap-

95 1270 230 1306 parere
260 1271 336 1297 non
358 1262 575 1305 potuerunt,
613 1258 886 1295 tentationibus

95 1307 333 1354 aperiuntur.
372 1306 543 1343 Tentatio
593 1310 719 1342 autem
749 1307 886 1352 duplex

97 1358 166 1400 est,
193 1358 257 1392 aut
295 1355 333 1391 in
371 1365 436 1401 spe
475 1353 706 1400 adipiscendi
733 1354 885 1399 aliquod

94 1403 334 1439 commodum
360 1403 582 1448 temporale,
604 1405 668 1437 aut
691 1401 729 1436 in
750 1401 886 1437 timore

93 1449 306 1487 amittendi.
327 1451 419 1487 Cum
445 1448 546 1485 enim
575 1448 768 1494 aIIquilJus
803 1453 885 1485 ten-

95 1497 305 1534 tationibus
329 1498 512 1543 coeperint
533 1508 577 1532 ea
598 1496 680 1542 ipsa
698 1496 772 1531 illis
796 1498 884 1533 sul)—

96 1545 196 1581 trahi
228 1545 286 1581 vel
320 1544 466 1591 negari,
486 1555 568 1590 qua*
587 1544 658 1580 isto
685 1544 883 1588 velamine,

95 1592 152 1629 vel
183 1592 374 1629 consecuti
403 1596 504 1635 sunt,
527 1592 584 1628 vel
615 1591 794 1637 consequi
826 1603 885 1627 cu-

95 1639 228 1686 piunt3
260 1643 349 1676 tunc
377 1650 532 1675 necesse
552 1642 608 1675 est
626 1642 667 1674 ut
686 1643 881 1685 appareat,

92 1691 220 1723 utrum
253 1687 363 1733 lupus
389 1687 429 1722 in
464 1686 578 1722 ovina
611 1686 709 1732 pelle
747 1686 809 1731 sit,
835 1697 884 1722 an

92 1744 213 1780 agnus
231 1734 271 1770 in
291 1745 385 1770 sua:
410 1748 427 1766 υ
449 1735 531 1770 haec
557 1735 802 1778 Augustinus.
827 1736 884 1769 In-

93 1792 207 1828 super
239 1781 337 1818 etin
371 1782 444 1817 hoc
473 1785 769 1827 cognoscuntur,
796 1783 885 1827 quia

92 1828 282 1876 simplices
315 1828 547 1875 opprimunt,
586 1828 792 1874 majoribus
822 1829 884 1865 de-

93 1877 262 1922 trahunt,
291 1876 448 1912 minima
474 1877 722 1922 redarguunt,
753 1887 879 1913 corre-

93 1924 255 1960 ctionem
274 1925 514 1970 impugnant,
530 1935 606 1960 non
621 1923 765 1959 faciunt
783 1924 883 1969 quod

93 1971 237 2015 dicunt,
260 1971 296 2007 in
321 1971 570 2017 dignitatibus
597 1982 636 2006 se
657 1971 816 2016 jactant,
845 1971 883 2007 in

94 2018 204 2055 bonis
224 2019 384 2065 inceptis
411 2018 620 2062 lastidiunt,
652 2018 688 2053 in
715 2018 882 2054 adversi-

95 2066 237 2103 tatibus
278 2069 542 2110 murmurant3
572 2069 609 2102 et
628 2064 789 2101 maxime
817 2076 884 2112 per

93 2113 370 2161 impatientiam
391 2114 429 2150 in
442 2113 748 2157 adversitatibus,
770 2115 883 2149 utsu-

89 2161 304 2208 pradictum
324 2165 393 2205 est,
416 2164 710 2208 cognoscuntur.
734 2161 803 2197 Ubi
818 2171 884 2196 no-

91 2213 131 2245 ta
156 2210 258 2256 quod
296 2210 410 2246 homo
444 2220 519 2245 non
552 2208 717 2254 loquitur
742 2207 795 2244 ita
822 2219 883 2244 ex-

89 2266 235 2303 presse,
250 2268 320 2293 nec
339 2257 391 2294 ita
405 2256 570 2304 proprie,
588 2257 682 2292 sii-ut
697 2256 735 2291 in
756 2255 884 2301 lingua

89 2303 259 2350 propria.
300 2306 395 2342 Sunt
418 2309 544 2341 autem
582 2303 714 2350 aliqui,
735 2303 799 2349 qui
827 2304 881 2339 fa—

88 2351 194 2388 ciunt
214 2351 310 2388 sicut
324 2352 404 2388 avis
423 2353 462 2388 in
484 2352 631 2398 capola,
654 2362 738 2397 quae
763 2354 883 2387 mutat

91 2398 260 2445 linguam
296 2400 503 2446 propriam,
535 2402 572 2435 et
607 2398 717 2444 tingit
750 2409 881 2434 vocem

89 2446 303 2491 hominum,
322 2448 379 2483 vel
401 2448 561 2483 aliarum
582 2446 721 2489 avium,
739 2449 776 2481 et
794 2445 882 2481 licet

93 2494 244 2540 quando
271 2495 367 2531 bene
391 2495 434 2530 fit
457 2494 542 2537 sibi,
579 2494 651 2530 hoc
675 2493 800 2538 saciat,
830 2497 882 2529 ta-

91 2551 180 2577 men
213 2541 243 2577 si
272 2542 410 2587 aliquis
431 2552 515 2579 eam
537 2541 576 2577 in
612 2541 706 2587 pede
727 2540 880 2586 hesel-it,

91 2588 150 2624 vel
175 2588 265 2626 alibi
287 2589 456 2626 dolorem
486 2589 659 2633 senserit,
682 2588 739 2624 vel
773 2587 880 2634 quid-

89 2646 205 2682 quam
237 2641 369 2673 contra
411 2637 641 2673 voluntatem
681 2635 879 2682 receperit,

89 2683 217 2720 statim
235 2684 282 2721 ad
303 2695 434 2721 vocem
455 2683 646 2731 propriam
666 2683 878 2720 revertitur.

89 2730 150 2767 Sic
175 2732 285 2768 multi
324 2733 474 2778 quando
502 2736 587 2768 sunt
620 2731 657 2767 in
689 2730 880 2778 prosperi-

89 2780 181 2826 tate,
205 2780 263 2817 vel
284 2781 435 2827 quando
459 2780 552 2817 bene
570 2780 613 2816 fit
633 2779 701 2827 eis,
728 2781 878 2816 mutant

966 228 1095 253 vocem
1110 217 1315 263 propriam,
1338 220 1453 255 Deum
1469 220 1636 265 laudant,
1656 221 1751 257 adu-

967 264 1167 300 lationibus
1182 265 1346 301 serviunt
1366 278 1373 309 ;
1398 268 1461 303 sed
1484 267 1511 303 si
1535 267 1665 304 sintin
1685 269 1753 305 ali-

965 322 1038 356 qua
1065 312 1305 357 adversitate,
1329 314 1382 349 vel
1406 314 1531 360 aliquo
1555 316 1665 351 modo
1688 317 1750 353 lte-

963 360 1116 410 dantur,
1134 359 1257 394 statim
1286 361 1332 396 ad
1355 363 1518 405 linguam
1541 363 1748 409 propriam,

963 406 1105 441 scilicet
1120 406 1446 453 ingratitudinem,
1460 409 1749 456 impatientiam,

963 456 999 489 et
1019 453 1250 497 hujusmodi,
1272 460 1525 493 revertuntur.

1011 503 1029 535 5
1050 501 1257 536 SIMILITUDO
1280 514 1430 538 ARBORIS
1453 517 1553 540 lioNAE
1574 517 1614 540 ET
1632 518 1746 542 MALE.

962 546 1073 583 -Et
1109 548 1204 583 bene
1231 548 1320 584 dicit
1357 552 1455 595 quod
1487 563 1530 588 ex
1564 554 1748 590 fructibus

963 599 1254 641 cognoscuntur,
1272 607 1359 631 nam
1381 601 1496 633 omnis
1515 601 1622 635 arbor
1643 602 1748 643 bona,

962 642 1000 678 id
1023 642 1211 678 esthemo
1238 644 1373 687 bonus,
1400 646 1542 681 liabens
1579 648 1749 684 volunta-

963 693 1039 726 tem
1054 691 1206 733 bonam,
1224 691 1368 734 fructus
1391 692 1511 733 bonos,
1534 693 1569 729 id
1588 699 1645 729 est
1664 706 1751 740 ope-

964 748 1006 773 ra
1032 738 1145 781 bona,
1173 740 1211 773 et
1231 737 1316 773 vitae
1348 742 1502 775 aeternae
1538 741 1746 787 meritoria,

962 787 1055 829 facit
1074 798 1084 828 ,-
1102 786 1201 820 mala
1218 788 1339 820 autem
1367 787 1488 827 ανῦον,
1502 786 1540 822 id
1561 791 1617 823 est
1636 789 1752 825 homo

964 833 1106 869 liabens
1152 832 1382 869 voluntatem
1420 845 1590 880 pravam,
1636 838 1751 872 malos

962 882 1120 924 fruetus,
1144 879 1181 915 id
1209 883 1266 915 est
1289 891 1406 927 opera
1425 882 1538 926 mala,
1561 886 1597 918 et
1623 882 1751 920 deme·

963 927 1096 963 ritoria
1116 929 1223 971 facit.
1256 929 1349 963 Nam
1370 932 1475 965 actus
1498 929 1657 966 interior
1683 942 1752 967 vo-

963 975 1118 1011 luntatis
1146 985 1260 1010 causa
1296 979 1353 1011 est
1395 977 1614 1013 immediata
1647 982 1753 1014 actus

961 1021 1170 1058 exterioris.
1186 1024 1228 1057 Et
1240 1022 1339 1067 ideo,
1355 1027 1394 1059 ut
1406 1024 1496 1060 dicit
1510 1026 1726 1062 Ambrosius
1741 1039 1752 1061 .·

963 1083 981 1103 «
1011 1070 1172 1106 Effectus
1194 1074 1278 1106 tuus
1309 1071 1413 1116 operi
1435 1075 1499 1107 tuo
1522 1083 1662 1108 nomen
1683 1073 1755 1109 im-

960 1116 1081 1163 ponit.
1102 1131 1120 1149 »
1151 1117 1269 1162 Unde,
1305 1119 1510 1155 secundum
1544 1121 1754 1165 Glerysosto-

960 1176 1071 1206 mum,
1092 1164 1268 1200 voluntas
1288 1169 1359 1209 est,
1385 1170 1449 1201 aut
1470 1178 1553 1212 quse
1575 1178 1752 1204 remune-

960 1215 1068 1248 ratur
1084 1222 1152 1258 pro
1171 1213 1284 1257 hono,
1307 1216 1371 1249 aut
1387 1214 1664 1251 condemnatur
1681 1226 1751 1262 pro

961 1260 1086 1303 malo;
1109 1270 1226 1304 opera
1257 1264 1385 1296 autem
1421 1262 1638 1298 testimonia
1663 1267 1752 1299 sunt

960 1307 1178 1343 voluntatis.
1207 1309 1251 1343 Et
1278 1318 1366 1344 rere
1392 1308 1445 1344 ita
1471 1313 1540 1353 est,
1570 1309 1658 1355 quia
1681 1321 1752 1347 non

956 1358 1075 1400 potest
1093 1355 1202 1390 arbor
1224 1355 1329 1396 bona,
1349 1355 1386 1391 in
1411 1363 1598 1401 quantum
1619 1358 1748 1404 hujus-

961 1402 1077 1446 modi,
1097 1404 1241 1445 fructus
1262 1404 1376 1438 malos
1393 1405 1514 1447 facere
1533 1418 1541 1445 ;
1564 1415 1679 1450 neque
1694 1416 1752 1441 ar-

962 1450 1023 1485 bor
1062 1451 1174 1495 mala,
1216 1450 1256 1486 in
1299 1455 1484 1496 quantum
1520 1452 1752 1498 hujusmodi,

957 1500 1102 1541 fructus
1123 1498 1229 1533 bonos
1249 1499 1383 1541 facere.
1404 1499 1509 1535 Istud
1528 1500 1628 1535 enim
1648 1511 1753 1536 com-

959 1545 1080 1590 posite
1109 1544 1396 1591 intelligendum
1428 1550 1499 1591 est,
1531 1547 1619 1592 quia
1640 1548 1755 1584 arbor

958 1594 1072 1636 hona,
1104 1602 1260 1628 manens
1285 1594 1400 1637 bona,
1429 1605 1502 1629 non
1523 1598 1646 1640 potest
1670 1595 1747 1631 fru-

960 1644 1041 1675 ctus
1073 1639 1193 1675 malos
1226 1643 1263 1676 et
1305 1641 1570 1677 demeritorios
1606 1642 1748 1687 sacere3

959 1690 996 1722 et
1012 1687 1127 1723 arhor
1145 1687 1258 1732 mala,
1271 1698 1429 1724 manens
1444 1689 1557 1733 mala,
1579 1700 1654 1725 non
1669 1695 1751 1736 pot-

959 1738 1016 1770 est
1031 1734 1175 1770 fructus
1194 1736 1315 1771 bonos
1336 1735 1475 1780 facere,
1497 1736 1535 1771 id
1559 1740 1616 1773 est
1640 1737 1750 1773 meri-

958 1781 1076 1817 torios
1102 1781 1190 1818 vitaz
1217 1785 1385 1818 aeternae.
1408 1785 1452 1818 Et
1474 1783 1560 1820 ideo
1582 1784 1612 1820 si
1634 1786 1749 1821 homo

958 1830 1083 1865 bonus
1103 1829 1192 1865 facit
1212 1830 1355 1866 fructus
1379 1831 1512 1875 malos,
1531 1832 1612 1878 Jam
1632 1833 1752 1869 bonus

958 1888 1037 1912 non
1057 1880 1138 1921 est;
1168 1880 1206 1913 et
1225 1877 1256 1913 si
1284 1878 1405 1914 malus
1438 1879 1516 1914 vult
1538 1881 1637 1916 hona
1659 1890 1750 1926 ope—

957 1923 1048 1968 rari,
1067 1924 1188 1960 bonus
1209 1925 1332 1970 primo
1358 1925 1436 1961 fiat.
1461 1927 1503 1962 Et
1528 1937 1629 1971 vere,
1651 1927 1751 1964 bona

957 1973 1072 2007 arbor
1100 1972 1220 2007 bonos
1254 1972 1397 2008 fructus
1432 1973 1534 2017 facit,
1571 1977 1608 2010 et
1636 1974 1749 2019 mala,

957 2019 1100 2063 malos3
1123 2018 1226 2064 quia,
1249 2023 1289 2055 ut
1321 2019 1412 2055 alibi
1436 2020 1572 2056 dicitur
1595 2033 1603 2056 ε
1626 2023 1748 2057 Bonus

959 2068 1076 2109 homo,
1103 2066 1146 2101 cle
1167 2067 1254 2102 bono
1279 2068 1448 2103 thesauro
1475 2069 1596 2103 cerdis
1614 2071 1688 2113 sui,
1711 2069 1748 2105 id

957 2116 1014 2149 est
1034 2114 1080 2149 de
1107 2114 1207 2150 bona
1230 2113 1439 2151 intentione
1471 2119 1509 2151 et
1541 2116 1747 2162 voluntate,

957 2172 1056 2206 quae,
1080 2160 1176 2197 sicut
1197 2162 1398 2198 thesaurus
1422 2163 1666 2200 absconditus
1696 2164 1749 2201 la-

957 2211 1010 2244 tet
1039 2208 1197 2245 interius
1230 2208 1270 2244 in
1292 2213 1434 2254 mente,
1461 2212 1604 2256 profert
1640 2212 1747 2257 bona,

955 2256 1071 2292 verba
1090 2256 1232 2292 scilicet
1247 2259 1283 2293 et
1304 2257 1469 2302 t'acta;et
1488 2259 1609 2294 malus
1628 2260 1746 2305 homo,

957 2304 1000 2338 de
1020 2305 1116 2340 malo
1144 2305 1327 2349 thesauro,
1359 2304 1397 2340 id
1419 2308 1475 2342 est
1495 2306 1594 2342 mala
1615 2306 1748 2342 volun-

958 2354 1046 2395 tate,
1085 2350 1123 2387 in
1148 2355 1273 2389 mente
1290 2354 1436 2399 profert
1469 2355 1581 2397 mala,
1605 2353 1748 2390 scilicet

955 2400 1071 2435 verba
1091 2402 1128 2435 et
1148 2399 1259 2444 sacta,
1292 2399 1381 2446 quia
1401 2400 1600 2436 contraria}
1624 2411 1749 2437 causae

955 2446 1095 2483 habent
1127 2446 1339 2484 contrarios
1363 2448 1537 2484 effectus.
1561 2449 1668 2491 Nam,
1688 2459 1746 2484 se-

955 2494 1118 2530 cundnm
1138 2496 1288 2539 Bedam,
1318 2495 1417 2531 idem
1452 2498 1508 2531 est
1545 2496 1745 2532 thesaurus

954 2541 1090 2588 cordis,
1133 2543 1235 2589 quod
1270 2542 1374 2578 radix
1413 2546 1471 2578 est
1499 2543 1672 2587 arboris;
1708 2547 1746 2579 et

955 2589 1054 2635 quod
1091 2589 1138 2626 de
1178 2590 1293 2626 corde
1319 2590 1508 2636 profertur
1544 2590 1642 2626 idem
1670 2594 1741 2635 est,

955 2637 1057 2683 quod
1078 2637 1226 2674 arboris
1251 2639 1403 2673 fructus.
1434 2637 1536 2673 Unde
1567 2641 1602 2673 et
1628 2639 1745 2673 Remi.

954 2686 1038 2729 ,qius
1057 2696 1065 2721 :
1088 2700 1106 2718 «
1125 2686 1340 2722 Thesaurus
1358 2685 1482 2720 cordis
1499 2684 1655 2720 intentio
1671 2688 1729 2720 est

955 2743 999 2768 ex
1036 2743 1110 2779 qua
1144 2734 1241 2769 Deus
1273 2732 1418 2779 judicat
1445 2742 1572 2777 opera,
1601 2736 1641 2768 ut
1673 2727 1742 2772 ali]

956 2781 1107 2828 quando
1125 2780 1276 2818 minora
1287 2780 1422 2828 maior,
1436 2779 1639 2828 aliquando
1662 2789 1745 2819 ma-
