1902 3126
142 207 184 239 73
674 192 818 226 1³1thAE
854 191 1010 226 PARTIS
1049 192 1189 226 CAPUT
1226 193 1272 226 IX

152 278 290 314 tamen,
327 272 367 304 ut
407 265 496 308 dixi,
533 273 618 299 cum
645 262 861 298 reverentia
894 264 931 297 et

150 320 299 360 timore,
321 325 367 350 ne
382 310 539 360 patiaris
559 309 750 362 repulsam
769 309 815 344 de
832 319 928 354 prse-

151 363 384 410 siimptionc3
417 361 592 405 reputare
622 366 721 409 etnim
750 356 929 408 tedebes

153 411 365 452 indignum,
380 408 418 443 in
437 407 725 442 conversatione
742 403 876 455 talium
892 405 929 437 et

153 451 359 495 tantorum.
392 453 496 490 Unde
528 452 722 487 Anselmus
752 463 762 484 .·
790 464 807 482 «
837 451 929 484 Hinc

154 509 309 542 Matrem
325 512 408 538 cum
423 498 526 536 omni
544 497 740 534 devotione
755 496 792 549 iii
816 497 928 548 Beth-

153 553 277 589 lehem
294 557 536 596 prosequere,
553 550 589 581 et
603 545 639 579 in
657 545 860 589 hospitium
877 544 929 578 di-

153 604 304 635 vertens
321 606 404 632 cum
422 595 486 630 illa
500 592 647 635 assiste,
661 595 696 627 et
708 592 927 642 obsequere,

154 644 332 693 parienti,
357 643 552 686 locatoque
574 639 610 674 in
632 648 824 689 pt‘a‘seplo.
839 638 927 689 Par-

153 693 237 730 vulo
266 700 419 736 erumpo
447 690 483 723 in
504 697 632 723 vocem
655 685 927 735 exsultationis,

150 744 188 776 et
213 739 379 775 clamans
405 736 463 771 dic
491 744 575 770 cum
599 732 786 777 Propheta
806 732 926 784 Isara:

149 787 329 823 Parvulas
369 787 477 819 nattis
519 784 570 816 est
606 780 721 815 nobis.
765 782 796 812 et
830 779 930 829 filius

149 835 258 870 (zatus
285 835 336 867 est
364 831 486 872 nobis,
516 831 552 863 et
578 826 804 877 amplectere
826 824 928 876 'il-lud

150 880 319 917 divinum
340 882 377 914 et
397 877 504 913 dulce
526 883 764 920 praesepium.
789 873 930 915 Mitiget

151 926 415 963 verecundiam
437 932 556 963 amor,
576 920 748 955 timorem
767 918 929 970 depellat

149 975 319 1016 affectus,
342 977 379 1007 ut
401 968 664 1006 sacratissimis
692 967 799 1001 Pueri
823 965 927 1016 pedi-

151 1023 221 1058 bus
248 1020 349 1056 labia
378 1019 487 1062 figas,
516 1018 552 1050 et
581 1013 707 1049 oscula
738 1022 924 1057 geniines3

149 1068 284 1104 deinde
298 1069 492 1112 pastorum
515 1060 686 1097 excubias
704 1063 827 1094 mente
847 1069 929 1111 per-

150 1119 284 1158 tracta,
302 1111 531 1157 Angelorum
550 1110 762 1143 currentem
788 1116 927 1141 exerci-

150 1166 229 1197 tum
252 1159 455 1199 admirare,
480 1153 623 1191 coelesti
649 1153 820 1189 melodia}
844 1155 928 1188 tuas

151 1210 351 1254 interpone
391 1213 523 1250 preces
540 1230 549 1246 ,
585 1200 695 1236 simul
735 1200 847 1235 corde
893 1202 929 1235 et

153 1267 217 1291 ore
258 1255 462 1290 decantans
497 1262 505 1285 ι
541 1249 664 1285 Gloria
702 1248 740 1281 in
777 1247 928 1281 eoecelsz's

152 1306 236 1344 Deo,
257 1304 290 1336 ec
311 1303 351 1335 in
377 1303 475 1335 terra
501 1307 580 1342 paae
602 1294 805 1330 hominibus
833 1294 930 1328 bonae

154 1349 367 1385 voluntatis.
406 1344 551 1380 »Unde
583 1345 618 1378 et
654 1342 883 1384 Augustinus
918 1352 927 1374 :

153 1412 170 1429 α
204 1395 432 1442 Angelorum
454 1400 598 1433 vocem,
619 1399 686 1434 per
712 1398 825 1439 quam
856 1388 928 1439 Do-

152 1444 273 1479 minus
293 1444 403 1478 Jesus
424 1439 607 1480 Christus,
630 1438 740 1471 natus
764 1436 928 1486 Virginis

150 1490 276 1526 Mariae
305 1490 429 1534 partu,
466 1483 680 1531 pastoribus
733 1484 928 1517 nuntiatus

148 1541 218 1581 est,
245 1546 330 1572 cum
358 1531 603 1577 Evangelium
633 1529 834 1580 legeretur,
861 1538 926 1563 au-

149 1585 309 1620 divimus
350 1593 358 1617 z
398 1579 525 1616 Gloria
562 1577 600 1612 in
623 1575 794 1629 ,excelffls
827 1576 925 1619 Deo,

150 1635 185 1667 et
205 1631 244 1666 in
269 1634 372 1665 terra
397 1638 468 1673 pax
488 1624 704 1661 hominibus
731 1623 841 1658 bonae
862 1633 926 1674 vo-

150 1676 315 1714 lontatis.
346 1676 454 1711 Festa
494 1683 564 1708 vox
600 1674 635 1706 et
662 1669 923 1721 gratulatoria,

152 1736 226 1761 non
243 1724 306 1760 uni
321 1721 484 1764 seminae,
498 1719 602 1765 cujus
618 1720 745 1768 uterus
757 1716 926 1768 edi-derat

150 1771 307 1818 prolem,
329 1769 395 1805 sed
415 1769 578 1804 humano
600 1774 743 1810 generi,
765 1773 822 1815 cui
840 1764 926 1798 Vir-

149 1830 195 1864 go
230 1816 377 1864 peperit
416 1814 659 1851 salvatorem.
696 1824 712 1843 n
755 1811 927 1845 Dicamus

148 1876 252 1911 ergo,
292 1867 329 1900 et
366 1873 449 1905 nos,
478 1864 514 1896 et
549 1862 689 1904 quanta
726 1867 925 1909 possumus

148 1923 233 1949 rum
259 1909 505 1948 exsultatione
532 1907 714 1949 dicamus,
742 1904 924 1947 dicamus,

149 1960 318 2005 inquam,
350 1961 386 1993 et
413 1966 482 1991 nos
511 1953 614 1989 fideii
640 1952 767 1995 corde,
791 1951 927 2004 devota

149 2018 239 2042 voce
266 2017 274 2041 z
300 2003 428 2040 Gloria
455 2002 495 2037 in
529 1999 682 2036 excelsis
703 2000 792 2039 Deo,
827 2001 863 2033 et
876 2009 926 2050 ‚in

148 2057 250 2089 terra
263 2063 333 2098 pax
349 2049 564 2087 hominibus
577 2048 686 2083 bonae
705 2045 922 2098 voluntatis3

150 2105 187 2136 et
210 2101 290 2136 haec
311 2099 425 2134 verba
445 2095 584 2138 divina,
607 2095 674 2129 lias
693 2094 759 2128 Dei
780 2092 924 2135 laudes,

152 2149 224 2183 hoc
260 2144 527 2190 Evangelicum
567 2140 744 2187 gaudium
787 2142 928 2184 quanta

150 2194 319 2230 valemus
345 2188 642 2227 consideratione
668 2190 925 2238 persp-ectum,

151 2241 240 2284 side,
263 2244 299 2275 et
320 2249 398 2284 spe,
419 2242 455 2273 et
478 2235 660 2272 charitate
687 2234 924 2269 meditemur.

151 2288 255 2324 Unde
278 2287 472 2330 Greqortus
491 2285 744 2321 Ncizz'cmzenus
767 2293 777 2315 .-
802 2281 928 2316 «Cum

150 2333 366 2382 pastoribus
406 2333 566 2367 Puerum
600 2338 801 2370 venerare,
841 2337 927 2362 cum

151 2380 302 2428 Angelis
324 2381 503 2425 hymnum
521 2375 648 2418 dicito,
664 2385 747 2410 cum
766 2374 929 2426 Archan3

156 2429 249 2476 gelis
284 2428 440 2463 chorum
471 2423 608 2460 ducito.
642 2421 812 2464 Exsulta,
837 2423 873 2456 et
898 2431 928 2456 si

154 2487 230 2512 non
250 2478 356 2521 potes
380 2476 420 2508 ut
439 2473 602 2508 Joannes
623 2480 666 2505 ex
685 2472 806 2511 utero,
828 2471 928 2503 certe

155 2523 255 2560 velut
275 2520 391 2557 David
416 2519 455 2554 in
476 2516 720 2553 collocatione
747 2525 842 2550 arcae
860 2518 927 2567 ⁸te-

155 2568 332 2606 stamenti
358 2565 535 2612 tripudia,
556 2563 926 2614 venerarenat'ivita-

156 2622 246 2661 tem,
261 2626 325 2662 per
337 2624 448 2660 quain
460 2616 621 2648 terrente
637 2612 841 2645 nativitatis
852 2619 929 2662 vin-

158 2664 251 2701 culis
278 2663 457 2699 liberatus
481 2670 520 2695 es
543 2671 551 2694 2
575 2672 591 2689 »
621 2656 928 2708 haec-Gre‘qop’zus

157 2713 424 2750 Nazianzenus.
450 2705 599 2749 Venias,
625 2708 661 2740 et
685 2702 927 2753 nihilominus

157 2757 336 2805 quotidie,
352 2759 392 2792 ut
406 2754 534 2790 videas
550 2754 675 2788 Jesiim
692 2750 727 2802 in
739 2759 924 2800 praesepio

157 2804 356 2852 spirituali,
377 2801 519 2838 scilicet
538 2800 576 2836 in
597 2799 722 2841 altari,
742 2800 780 2833 ut
801 2806 925 2832 carnis

1005 272 1080 297 suae
1099 262 1286 298 frumento
1308 263 1489 299 merearis
1509 274 1592 300 cum
1613 263 1785 302 animali-

1004 309 1072 344 bus
1094 309 1234 344 sanctis
1256 309 1375 345 refici.
1627 346 1632 349 .

1052 369 1090 391 21
1114 358 1269 392 TRiPLEx
1291 358 1433 393 Cflitisn
1452 370 1652 394 NATiviTAs.
1675 379 1720 384 —
1740 359 1783 394 Et

1005 402 1199 439 sciendum
1220 404 1318 448 quod
1336 404 1469 449 triplex
1486 408 1543 441 est
1563 405 1699 442 Christi
1714 416 1783 442 na-

1003 449 1143 493 tivitas,
1166 450 1309 486 scilicet
1332 462 1340 486 ε
1363 451 1505 495 divina,
1538 453 1716 495 humana,
1748 455 1785 489 et

1004 496 1179 541 gratuita.
1206 497 1333 533 Prima
1366 501 1436 542 est,
1465 509 1507 534 ex
1539 500 1646 535 Patre
1674 502 1782 535 aeter-

1004 543 1141 578 naliter
1160 555 1168 587 3
1193 545 1373 588 secunda,
1396 556 1439 580 ex
1459 550 1579 581 matre
1600 549 1784 592 tempora-

1004 589 1108 633 liter3
1138 590 1264 635 tertia,
1296 591 1335 625 in
1368 595 1493 628 mente
1524 592 1784 638 spiritualiter.

1004 637 1046 670 Et
1066 636 1147 672 istae
1168 640 1244 672 tres
1266 637 1480 674 nativitates
1503 644 1701 676 sumuntur
1727 651 1784 676 se-

1004 683 1166 719 cundum
1186 686 1262 719 tres
1281 683 1417 720 Christi
1439 686 1680 731 substantias,
1702 697 1784 732 quae

1004 733 1091 765 sunt
1109 730 1244 773 deitas,
1268 741 1369 774 caro,
1389 734 1425 767 et
1444 732 1609 778 spiritus.
1628 734 1721 769 Nam
1742 744 1785 769 ex

1005 778 1114 813 Patre
1135 777 1301 812 nascitur
1322 779 1433 823 Deus,
1461 790 1504 814 ex
1533 783 1652 816 matre
1681 790 1782 824 caro,

1002 823 1040 858 in
1068 828 1193 859 mente
1219 824 1389 859 nascitur
1417 836 1484 871 per
1511 826 1672 871 gratiam
1701 827 1782 873 Spi-

1002 870 1097 906 ritus
1120 870 1260 907 Sancti,
1284 873 1334 906 Ex
1358 873 1468 908 Patre
1491 873 1659 910 nascitur
1685 885 1784 910 sem-

1005 928 1086 962 per;
1111 928 1153 953 ex
1175 921 1294 953 matre
1310 919 1425 954 semel
1444 930 1452 963 ;
1471 918 1509 954 in
1526 925 1650 956 mente
1669 931 1781 967 saepe.

1004 965 1218 1000 Secundum
1234 964 1469 1001 nativitatem
1484 966 1663 1012 divinam,
1677 968 1782 1004 Chri-

1004 1015 1082 1047 stus
1097 1012 1210 1047 habet
1227 1012 1376 1047 Patrem
1397 1012 1476 1048 sine
1491 1017 1610 1050 matre
1625 1026 1636 1059 3
1653 1025 1783 1051 secun-

1004 1058 1095 1094 dum
1127 1059 1347 1102 humanam,
1367 1061 1523 1096 Matrem
1550 1060 1632 1097 sine
1652 1065 1778 1107 patre;

1003 1105 1210 1141 secundum
1243 1105 1464 1152 gratuitam,
1496 1108 1608 1144 habet
1637 1111 1781 1154 patrem

1004 1156 1041 1187 ct
1081 1156 1254 1197 matrem,
1276 1153 1381 1198 juxta
1418 1153 1510 1189 illud
1554 1155 1745 1200 Evangelii
1771 1167 1779 1190 ε

1003 1200 1227 1244 Quicumque
1252 1201 1379 1243 fecerit
1412 1202 1635 1237 voluntatem
1656 1204 1782 1238 Patris

1004 1248 1073 1280 mei
1093 1248 1158 1290 qui
1182 1248 1222 1280 in
1242 1247 1338 1281 coelz's
1361 1251 1425 1287 est,
1442 1250 1520 1293 ipse
1544 1259 1642 1284 meas
1664 1251 1784 1291 frater

1004 1296 1037 1328 et
1057 1302 1162 1328 soror
1181 1296 1214 1327 et
1234 1297 1353 1328 mater
1368 1297 1434 1329 est.
1451 1296 1523 1330 Has
1541 1306 1629 1330 vero
1647 1295 1783 1332 Christi

1004 1339 1216 1375 nativitates
1255 1344 1503 1385 repraesentat
1536 1342 1716 1388 Ecclesia,
1744 1343 1785 1379 in

1005 1386 1063 1422 die
1090 1386 1303 1422 Nativitatis
1339 1388 1434 1433 ejus.
1458 1388 1622 1424 Primam
1648 1389 1785 1426 nativi-

1004 1438 1119 1469 tatem
1140 1437 1387 1479 repraesentat
1404 1434 1443 1470 in
1465 1435 1580 1471 missa
1602 1446 1686 1482 quae
1701 1448 1787 1473 can-

1004 1484 1105 1516 tatur
1128 1480 1166 1515 in
1194 1484 1322 1522 nocte;
1343 1481 1430 1527 quia
1454 1481 1580 1518 divina
1605 1483 1785 1520 nativitas

1003 1531 1059 1563 est
1089 1526 1197 1563 nobis
1228 1528 1386 1564 occulta.
1416 1529 1628 1565 Secundam
1648 1541 1786 1577 reprae-

1003 1577 1125 1610 sentat
1165 1573 1203 1609 iri
1251 1574 1367 1610 missa
1411 1586 1495 1621 quae
1532 1581 1707 1614 cantatur
1745 1578 1784 1614 in

1001 1631 1138 1656 aurora
1161 1632 1169 1656 :
1198 1621 1286 1666 quia
1306 1621 1482 1658 nativitas
1510 1623 1677 1660 humana
1711 1625 1782 1661 suit

1001 1667 1137 1714 partim
1170 1668 1328 1712 occulta,
1360 1668 1502 1705 scilicet
1532 1674 1712 1715 qnantum
1734 1673 1781 1708 ad

1002 1715 1176 1759 modiiin3
1205 1717 1241 1750 et
1272 1715 1408 1761 partim
1441 1717 1653 1762 manifesta,
1681 1718 1780 1754 scili-

1000 1764 1058 1797 cet
1096 1764 1276 1807 quantum
1308 1762 1355 1798 ad
1390 1763 1578 1799 effectum.
1616 1765 1780 1802 Tertiam

999 1812 1246 1854 repraesentat
1283 1808 1322 1844 in
1360 1809 1475 1846 missa
1501 1821 1582 1856 quae
1610 1815 1782 1849 cantatur

998 1856 1036 1891 in
1058 1855 1142 1891 die:
1163 1854 1253 1902 quia
1274 1856 1437 1901 gratuita
1467 1857 1644 1894 nativitas
1665 1859 1780 1895 mani-

999 1904 1094 1939 festa
1126 1906 1183 1938 est
1214 1902 1254 1938 in
1282 1903 1430 1947 anima,
1451 1903 1490 1940 in
1520 1915 1594 1950 qua
1613 1905 1783 1943 Christus

1000 1949 1208 1995 concipitur
1225 1960 1292 1995 per
1313 1951 1504 1995 affectum,
1524 1952 1691 1988 nascitur
1714 1963 1784 2000 per

1000 1997 1189 2040 effectum,
1210 1997 1374 2033 nutritur
1388 2008 1455 2044 per
1477 1999 1700 2044 profectum.

1049 2057 1089 2079 22
1118 2045 1333 2079 BETHLEHEM
1357 2056 1618 2081 commuuio.
1641 2067 1687 2074 —
1712 2048 1783 2084 Ho-

1002 2102 1095 2126 nora
1111 2093 1199 2126 tunc
1214 2094 1250 2126 et
1270 2102 1449 2128 venerare
1464 2092 1653 2129 civitatem
1674 2095 1784 2130 Beth·

1001 2138 1123 2174 lehem
1141 2137 1315 2184 pusillam
1338 2141 1450 2184 atque
1483 2139 1693 2186 minimam,
1715 2151 1783 2187 per

1002 2195 1115 2231 quam
1149 2184 1217 2220 tibi
1250 2195 1448 2230 regressus
1482 2187 1691 2232 patefactus
1725 2192 1782 2225 est

1002 2232 1048 2268 ad
1081 2231 1313 2278 paradisum,
1338 2235 1375 2267 et
1410 2232 1458 2268 ad
1488 2234 1662 2279 patriam.
1694 2236 1781 2271 Haec

1004 2278 1133 2314 civitas
1174 2278 1294 2325 spatio
1329 2279 1490 2324 modica,
1530 2281 1650 2327 primo
1682 2282 1782 2318 dicta

1002 2329 1058 2362 est
1081 2326 1268 2372 Ephrata‚
1291 2326 1357 2362 sed
1376 2330 1508 2372 postea
1530 2328 1628 2364 sacta
1654 2332 1709 2364 est
1728 2328 1781 2366 ibi

1000 2374 1118 2409 fames
1144 2383 1297 2419 magna;
1321 2383 1396 2419 qua
1422 2376 1655 2419 transeunte,
1682 2375 1781 2412 facta

1001 2424 1057 2456 est
1094 2420 1233 2456 ibidem
1273 2430 1410 2466 magna
1452 2422 1704 2467 abnndantia,
1744 2427 1781 2460 et

1000 2471 1089 2503 tunc
1131 2470 1264 2503 vocata
1296 2472 1352 2503 est
1384 2468 1617 2514 Bethlehem,
1644 2469 1683 2505 id
1709 2473 1779 2514 est,

1002 2515 1128 2549 domus
1147 2516 1270 2560 panis,
1290 2518 1448 2560 propter
1469 2520 1644 2552 eventum
1661 2517 1780 2553 abun-

1003 2560 1142 2596 dantiae
1180 2561 1493 2607 supervenientis.
1526 2565 1612 2599 Haec
1652 2563 1782 2599 civitas

1001 2619 1073 2643 non
1103 2611 1156 2643 est
1184 2611 1338 2644 minima
1360 2610 1400 2644 in
1418 2611 1650 2655 principibus
1668 2611 1777 2653 Juda,

1002 2654 1040 2690 id
1065 2657 1133 2698 est,
1157 2654 1351 2701 dignitatis
1380 2656 1617 2700 excellentia,
1642 2657 1780 2704 quippe

1002 2701 1089 2747 quia
1110 2702 1259 2738 conscia
1280 2701 1542 2748 mysteriorum
1566 2707 1652 2739 ante
1673 2704 1780 2740 Chri-

1003 2748 1049 2783 sti
1082 2749 1296 2785 adventum.
1326 2748 1380 2785 lbi
1411 2748 1511 2785 enim
1544 2755 1679 2786 unctus
1713 2751 1780 2788 fuit

1003 2795 1139 2839 David;
1162 2795 1213 2832 ibi
1234 2795 1459 2832 sacrificium
1475 2796 1778 2843 solemnizatum3
