1876 3126
565 138 617 171 titi
655 138 859 172 SERMONE
899 139 1055 172 DOMINI
1096 139 1138 172 ix

135 208 368 246 cissitudinis
394 208 503 244 mites
530 207 772 252 possidebunt
794 207 917 243 Domi·
950 210 952 243 t

136 267 226 292 num
263 256 300 291 in
322 260 422 291 terra
454 254 671 290 viventium.
694 255 751 297 Et,
782 265 915 290 secun-
950 274 951 290 1

136 304 223 339 dum
241 304 417 342 messam,
439 301 614 346 quoniam
633 301 855 347 semetipsos
876 301 914 337 in

136 350 311 397 proesenti
332 349 538 395 possident,
563 348 811 384 hereditatem
849 350 916 384 Pa-
950 361 951 376 ι

135 397 204 433 tris
232 397 268 433 in
303 397 426 432 futuro
454 394 714 441 possidebunt.
756 395 823 432 Ubi
863 395 915 431 ait

134 445 364 489 Auqustinus
385 455 395 477 :
440 457 457 474 «
477 444 576 477 Tune
595 453 682 478 vere
704 443 914 488 possidebis

135 493 288 533 terram,
305 489 455 535 quando
471 489 667 525 iulurseris
681 490 730 534 ei,
747 491 809 535 qui
829 491 915 526 fecit

133 538 269 574 coelum
295 541 329 572 et
353 540 504 572 terram.
529 538 605 572 Hoe
627 541 684 572 est
707 538 807 573 enim
830 549 913 574 esse

130 584 275 626 mitem,
299 594 372 619 non
401 584 576 620 resistere
605 586 680 621 Deo
701 589 783 628 tuo;
808 589 845 622 ut
873 586 911 621 in

129 641 173 668 eo
213 631 312 677 quod
351 631 447 667 bene
486 631 589 675 sacis,
624 631 702 678 ipse
740 632 804 668 tibi
837 633 913 679 pla-

130 681 225 722 ceat,
251 689 322 713 non
346 682 382 713 tu
413 679 492 714 tibi.
514 681 552 714 In
583 690 626 715 eo
658 684 782 715 autem
812 681 911 726 quod

127 725 228 762 mala
245 726 345 771 juste
364 726 518 771 pateris,
543 726 620 771 ipse
649 727 714 763 tibi
742 739 816 763 non
838 729 910 763 (lis-
948 759 950 778 i

126 772 276 820 pliceat,
298 773 363 809 sed
387 779 425 809 tu
450 773 529 809 tibi.
560 775 687 819 Neque
714 775 812 810 enim
845 786 912 821 pa·
948 787 949 817 2

127 831 211 856 rum
233 823 301 862 est,
325 820 414 865 quia
450 820 616 867 placebis
638 821 685 866 ei,
709 822 910 868 displicens

66 890 68 893 -
126 867 216 951 tissi3
256 867 475 914 displicebis
509 872 633 904 autem
677 869 725 915 ei,
762 870 910 913 placens

124 913 153 950 ti
182 914 194 950 i
231 926 239 950 ε

126 971 216 1008 ergo
239 961 417 1005 immites,
441 967 476 998 et
502 962 681 998 dimicent
703 974 770 1010 pro
792 968 908 1000 terre-

123 1008 183 1044 nis
203 1012 240 1045 et
262 1010 530 1055 temporalibus
570 1011 700 1054 rel1us3
726 1011 821 1047 bcati
844 1022 909 1047 au-

123 1058 201 1092 tem
238 1056 362 1099 mites,
389 1057 567 1102 quoniam
593 1057 661 1103 ipsi
699 1058 907 1094 hereditate

123 1113 167 1139 ae
189 1104 434 1139 immobiliter
456 1108 493 1140 et
522 1103 638 1140 solide
660 1105 908 1151 possidebunt

120 1152 261 1186 terram
286 1155 436 1187 zeti-rna:
470 1152 730 1188 beatitudinis.
752 1154 807 1188 Ad
836 1154 906 1189 hoc

280 929 297 947 >›
334 916 413 950 lime
447 917 692 959 Azcgyustiims.
729 917 911 953 Rixentur
949 934 950 937 ¹

1177 136 1340 171 MONTE.
1717 137 1776 170 265

994 218 1081 243 vere
1109 206 1205 243 beati
1229 206 1290 253 qui
1315 206 1458 252 lugent,
1480 204 1656 253 quoniam
1677 206 1775 242 Deus

996 266 1060 290 eos
1081 254 1308 290 consolando
1341 265 1477 289 omnem
1503 255 1702 298 lacrymam
1728 253 1774 288 ab

995 303 1108 336 oeulis
1129 313 1249 336 corum,
1269 302 1461 345 absterqet.
1486 301 1590 337 Unde
1614 302 1772 336 Bernar-

995 349 1063 383 clas
1086 361 1095 382 :
1124 362 1140 381 «
1172 348 1267 384 Felix
1296 347 1459 394 lacryma
1485 359 1566 394 quae
1589 358 1701 384 manu
1721 346 1772 394 pii

997 395 1143 430 Domini
1181 399 1346 430 meretur
1371 395 1551 441 abstergi,
1587 410 1604 427 »
1644 397 1701 436 Et,
1734 397 1774 431 ut

994 442 1084 478 dicit
1115 444 1301 477 lllaaeimus
1323 455 1333 476 .-
1358 456 1373 475 «
1407 443 1596 488 Lat-rymae
1626 442 1774 478 veniam

994 501 1070 525 non
1098 489 1302 535 postulant,
1329 492 1366 524 et
1405 493 1528 526 tamen
1561 493 1772 533 merentur;

994 547 1144 573 causam
1171 547 1244 571 nou
1278 535 1418 579 dicunt,
1447 540 1628 572 ettamen
1663 536 1773 572 mise-

993 583 1194 620 ricordiam
1217 587 1520 627 consequuntur3
1545 584 1631 629 quia
1649 594 1774 619 sermo

993 631 1181 667 interdum
1213 641 1286 666 non
1320 633 1437 665 totum
1470 632 1612 675 prol'ert
1658 642 1773 676 nego-

994 679 1083 715 tium
1103 691 1111 722 ;
1141 679 1305 723 lacryma
1327 688 1413 713 vero
1436 681 1553 712 totum
1576 678 1698 723 prodit
1722 677 1774 713 af-

992 727 1143 763 fectum.
1174 739 1191 760 »
1215 724 1520 762 Consolalmntur
1553 728 1677 760 autem
1715 724 1774 759 lu-

993 778 1137 819 gentes,
1164 777 1198 809 et
1234 774 1293 808 liic
1321 776 1354 808 et
1385 772 1421 807 in
1447 773 1584 807 l'uturo.
1608 773 1646 806 In
1678 781 1773 816 pra}-

992 821 1085 857 senti
1108 821 1206 857 enim
1236 819 1515 856 consolationes
1544 818 1772 865 spirituales,

993 869 1211 905 consolante
1250 867 1390 914 Spiritu
1426 868 1577 910 Sancto,
1603 866 1665 911 qui
1705 866 1773 901 Pa-

948 917 1168 958 ⁴›raclctus,
1192 915 1228 951 id
1269 918 1324 951 est
1364 915 1586 955 consolator,
1623 912 1772 956 dicitur,

992 964 1175 1009 recipiunt
1209 962 1448 1009 poenitentes.
1470 961 1775 997 Consolabuntur

949 1003 950 1016 ¹
992 1014 1027 1046 et
1051 1012 1086 1046 in
1116 1012 1252 1051 l'uturo,
1282 1020 1365 1045 cum
1388 1010 1435 1045 ad
1456 1008 1615 1052 gloriam
1637 1007 1777 1053 perdu-

120 1197 221 1233 enim
248 1198 419 1243 homines
449 1199 594 1235 seroces
622 1205 772 1236 movent
809 1201 907 1237 bella
946 1233 947 1237 ,

120 1247 157 1280 et
180 1245 265 1281 lites
305 1251 509 1292 sequentes
536 1250 660 1282 motus
680 1247 903 1293 irascibiles,

120 1294 159 1328 ut
194 1293 300 1338 quasi
337 1294 457 1329 securi
495 1294 712 1340 possideant
749 1299 903 1339 terram,

120 1339 275 1375 devictis
315 1340 507 1385 inimicis;
550 1346 585 1377 ct
608 1342 690 1377 ideo
727 1342 799 1378 illis
842 1343 905 1388 qui
945 1366 946 1377 i

119 1390 205 1422 suut
226 1387 392 1424 totaliter
420 1389 574 1434 quietati
597 1400 619 1424 a
642 1389 806 1425 motibus
828 1390 903 1426 ira-

118 1434 328 1478 scibilibus,
352 1436 447 1471 bene
468 1436 700 1482 promittitur
713 1437 903 1483 possessio

114 1482 274 1527 pacifica
312 1487 420 1518 terrae
461 1484 667 1519 viventium
683 1512 692 1527 ,
742 1484 788 1520 de
828 1496 903 1530 qua

113 1528 201 1574 pelli
226 1540 299 1565 non
322 1534 480 1576 possunt
507 1532 553 1566 ab
581 1531 822 1567 adversariis.
844 1532 902 1567 Si-

113 1576 410 1622 gnificat'euini
447 1582 562 1622 terra,
591 1579 796 1614 secundum
825 1580 901 1614 Au-

112 1626 314 1667 9ustimtm,
355 1626 558 1671 quamdam
597 1625 825 1661 soliditatem
865 1630 901 1662 et

113 1670 362 1707 stabilitatem
417 1673 640 1708 hereditatis
679 1677 870 1719 perpetuas
890 1701 899 1718 ,

112 1717 175 1754 ubi
194 1720 336 1762 anima,
357 1729 424 1765 per
444 1720 584 1756 bonum
598 1720 790 1764 affectum,
809 1724 902 1756 tam-

112 1774 229 1811 quam
267 1766 305 1801 in
342 1766 422 1802 loco
462 1778 528 1803 suo
557 1767 779 1813 requiescit,
806 1767 900 1804 sicut
940 1803 942 1811 χ

941 1821 942 1828 ’
983 1818 1176 1860 ceptorum
1213 1813 1349 1851 Christi
1373 1813 1574 1859 judicaret,
1598 1816 1635 1848 et
1656 1813 1765 1858 quasi

111 1822 246 1859 corpus
275 1814 311 1848 in
334 1816 450 1858 terra,
474 1818 509 1850 et
533 1815 617 1850 inde
636 1814 718 1850 cibo
741 1826 808 1851 suo
830 1815 898 1851 ali-

110 1862 173 1896 tur
195 1861 291 1896 sicut.
315 1872 450 1907 corpus
471 1873 492 1897 a
514 1867 628 1898 terra.
654 1864 738 1908 Ipsa
760 1866 816 1898 est
841 1873 899 1898 re-
941 1888 942 1891 η

111 1906 221 1953 quies
262 1911 297 1943 et
330 1908 406 1943 vita
433 1910 668 1945 Sanctorum.
694 1923 711 1941 «
735 1911 771 1945 Si
793 1921 897 1956 ergo,
940 1939 942 1944 .

940 1957 941 1962 ’
982 1956 1045 1992 ille
1072 1956 1263 1992 mandavit
1289 1969 1298 1990 :
1328 1970 1345 1987 »
1372 1956 1451 1990 hacc
1476 1957 1768 1999 chrysostomus.

110 1957 152 1990 ut
172 1954 263 1990 dicit
281 1956 394 1996 Beda,
420 1956 600 1991 coelorum
621 1967 783 2001 regnum
804 1968 898 2002 pau-

110 2001 279 2048 peribus,
311 2006 347 2038 et
382 2006 483 2038 terra
518 2002 672 2039 mitibus
712 2004 898 2049 promitti-

110 2051 186 2094 tur,
209 2049 298 2094 quid
340 2050 512 2096 superbis
551 2054 588 2085 et
627 2051 897 2095 contentiosis,

110 2095 183 2132 nisi
205 2096 391 2141 infernus,
421 2097 684 2143 relinquetur?
708 2111 725 2130 »

159 2147 178 2180 5
202 2145 335 2180 Teum
363 2156 560 2181 uicix'rirrno
584 2157 591 2180 :
617 2156 748 2181 LreTrs
778 2157 819 2181 ET
841 2157 900 2182 LA-

112 2201 247 2227 cnniffi.
284 2211 329 2218 —
365 2192 507 2228 Deinde
544 2192 714 2238 sequitur
749 2193 859 2229 tertia
888 2205 896 2228 :

110 2239 216 2274 Beati
235 2242 300 2284 qui
320 2241 468 2283 luqent;
490 2243 663 2285 quoniam
685 2242 758 2286 ipsi
776 2251 898 2276 conso-

112 2286 302 2322 labuntur.
327 2289 413 2323 Haee
440 2287 553 2323 tertia
577 2287 770 2323 beatitudo
798 2291 898 2324 recte

111 2332 273 2380 primam
304 2334 473 2380 sequitur
500 2339 536 2370 et
563 2335 792 2379 secundann
815 2339 899 2382 post

113 2385 370 2427 contemptum
388 2393 551 2428 namque
573 2382 702 2418 mundi
725 2393 791 2428 per
812 2393 900 2429 pau·
940 2385 941 2407 ἲ

111 2431 314 2474 pertatem,
337 2435 421 2474 post
452 2433 615 2476 quietem
653 2430 803 2474 mentis,
832 2441 900 2476 per

114 2476 460 2521 mansuetudinem,
495 2488 632 2513 vacans
663 2478 775 2513 homo
813 2477 897 2518 sibi,

115 2526 153 2558 et
191 2522 435 2559 considerans
478 2528 615 2560 statum
651 2535 774 2568 suum,
803 2524 897 2560 nihil

115 2569 271 2614 invenit,
291 2581 357 2606 nee
383 2571 420 2606 in
455 2582 509 2615 se,
533 2582 600 2607 nec
635 2571 673 2607 in
707 2571 803 2616 aliis,
826 2571 896 2608 nisi

114 2618 310 2653 materiam
341 2618 461 2654 luctus
493 2622 529 2655 et
555 2618 732 2663 flebilem,
755 2623 791 2655 et
812 2619 896 2656 ideo

112 2664 241 2712 incipit
267 2665 409 2711 lugere.
432 2667 495 2702 Est
528 2671 654 2702 autem
693 2666 895 2712 lugendum

109 2722 188 2748 non
209 2717 364 2759 propter
395 2714 618 2759 temporalia
653 2713 807 2757 damna,
829 2715 895 2751 sed

107 2764 263 2807 propter
305 2760 515 2807 spiritualia
560 2761 802 2798 detrimenta.
850 2763 893 2798 Et

990 1062 1135 1102 centur,
1163 1057 1224 1093 ubi
1247 1057 1423 1101 gaudium
1447 1060 1481 1091 et
1516 1054 1682 1091 laetitiam
1705 1055 1775 1090 ob—

990 1107 1163 1140 tinebunt
1189 1117 1196 1140 :
1217 1107 1318 1150 quia,
1339 1103 1542 1140 secundum
1563 1104 1773 1146 Clu-ysosto-

989 1164 1108 1190 metm.
1155 1152 1368 1197 hujusmodi
1411 1151 1550 1186 luctum
1590 1149 1770 1185 Dominus

990 1199 1159 1245 perpetui
1209 1199 1335 1245 gaudii
1375 1197 1632 1234 consolatione
1671 1205 1772 1232 com-

988 1251 1135 1293 pensat.
1160 1248 1203 1282 Ut
1226 1250 1351 1283 autem
1380 1245 1469 1282 dicit
1494 1245 1592 1280 idem
1615 1246 1768 1288 Clu-‚1130-

988 1299 1163 1330 stomus:
1204 1308 1221 1328 «
1260 1294 1477 1339 Lugendum
1513 1296 1570 1328 est
1609 1295 1644 1327 et
1684 1300 1770 1327 vere

988 1342 1190 1387 lugendum
1224 1340 1421 1388 praffsentis
1449 1340 1532 1375 vita)
1562 1342 1707 1385 tempus
1730 1336 1770 1372 in

988 1400 1060 1435 quo
1091 1393 1234 1424 tantam
1269 1389 1453 1424 malorum
1483 1388 1619 1431 labem,
1650 1388 1771 1422 tanta-

987 1447 1058 1481 que
1081 1436 1248 1482 quotidie
1269 1436 1439 1471 videmus
1468 1434 1611 1479 flagitia
1633 1444 1767 1469 cumu-

987 1483 1070 1527 lari,
1099 1494 1181 1529 quie
1222 1483 1251 1518 si
1290 1483 1381 1518 velis
1419 1482 1661 1518 considerare
1700 1489 1768 1527 per

986 1531 1149 1576 singula,
1184 1541 1390 1576 numquam
1424 1532 1458 1565 te
1497 1528 1639 1574 poteris
1666 1539 1687 1564 a
1713 1529 1766 1564 la-

985 1578 1121 1623 crymis
1164 1581 1388 1623 temperare.
1431 1576 1577 1611 Etenim
1619 1575 1649 1610 si
1684 1579 1767 1621 quis

985 1625 1217 1661 extrinsecus
1252 1625 1512 1669 undecumque
1548 1623 1767 1666 adesset,et

982 1676 1259 1718 praeceptorum
1281 1672 1418 1707 Christi
1446 1681 1488 1706 ae
1511 1674 1649 1705 nostras
1677 1681 1766 1708 con-

984 1719 1207 1755 versationis
1249 1719 1572 1766 perturbationem
1608 1717 1765 1764 videret,

984 1766 1155 1803 inimicos
1183 1778 1250 1803 nos
1270 1777 1351 1802 esse
1373 1770 1409 1802 et
1429 1764 1640 1801 contrarios
1667 1776 1764 1811 prze-

984 1862 1045 1908 qui
1084 1862 1248 1898 studium
1284 1861 1476 1907 quoddam
1504 1860 1763 1909 babuerimus,

983 1910 1172 1945 contraria
1211 1911 1247 1944 in
1277 1908 1453 1944 omnibus
1488 1918 1621 1953 gerere
1652 1918 1765 1953 quam

1031 2007 1051 2037 6
1091 2005 1228 2039 LtreTcs
1268 2014 1386 2038 carsae
1426 2013 1598 2041 Qrixociz.
1639 2022 1684 2027 —
1721 2004 1765 2038 Et

983 2050 1175 2086 sciendum
1205 2050 1303 2096 quod
1335 2048 1501 2094 quinque
1535 2051 1620 2084 sunt
1642 2059 1764 2085 causae

982 2097 1117 2141 luctus,
1140 2108 1298 2142 quarum
1333 2097 1417 2132 dum,
1456 2095 1661 2142 respiciunt
1685 2097 1763 2132 cul-

981 2155 1083 2190 pam,
1112 2145 1254 2180 scilicet
1286 2143 1477 2190 propriam
1512 2146 1548 2179 et
1578 2143 1764 2186 alienam,-

940 2186 941 2222 ἶ
982 2192 1065 2227 duae
1101 2202 1265 2238 pcenam,
1297 2191 1438 2227 scilicet
1470 2194 1695 2236 pra-sentem
1727 2196 1762 2227 et

983 2243 1182 2282 {rtemann
1210 2239 1340 2286 quinta
1366 2237 1525 2283 gloriam
1554 2238 1761 2275 coelestem.

982 2287 1201 2332 Lugendum
1240 2290 1296 2322 est
1334 2296 1424 2331 ergo
1464 2284 1502 2320 in
1537 2285 1607 2321 hac
1641 2285 1716 2321 vita
1751 2298 1760 2321 z

980 2334 1118 2380 primo,
1142 2345 1210 2380 pro
1236 2337 1400 2380 peccatis
1427 2336 1463 2368 et
1490 2332 1651 2368 miseriis
1672 2344 1760 2379 pro-

981 2381 1098 2427 priis:
1128 2382 1307 2425 secundo,
1329 2391 1398 2427 pro
1430 2380 1594 2426 peccatis
1625 2384 1662 2415 et
1691 2379 1758 2415 mi—

939 2440 941 2466 i
982 2429 1090 2464 seriis
1129 2429 1287 2472 alienis;
1324 2429 1449 2471 tertio,
1490 2438 1556 2472 pro
1595 2426 1759 2463 incolatu

982 2476 1178 2523 praesentis
1213 2477 1396 2518 miseriam
1427 2478 1575 2520 quarto,
1604 2484 1670 2526 pro
1698 2484 1760 2519 pe-

981 2524 1098 2561 riculo
1111 2527 1147 2560 et
1163 2524 1276 2560 dubio
1288 2533 1408 2569 pornae
1423 2526 1594 2564 aiternze3
1611 2525 1759 2566 quinto,

980 2581 1048 2618 pro
1069 2571 1248 2608 dilatione
1275 2570 1418 2617 glorire.
1448 2570 1489 2604 Et
1514 2568 1596 2603 ideo
1621 2579 1628 2602 z
1653 2568 1757 2604 Beati

981 2618 1043 2665 qui
1065 2619 1206 2666 lugent,
1233 2618 1371 2654 scilicet
1394 2619 1429 2651 in
1452 2616 1642 2662 praeseuti,
1660 2626 1757 2667 ‘quo-

979 2665 1081 2702 niam
1099 2666 1167 2713 ipsi
1195 2665 1500 2706 consolabuntur,
1526 2662 1690 2708 plenarie
1718 2662 1757 2699 in

979 2714 1119 2758 futuro,
1147 2717 1276 2750 contra
1306 2711 1470 2757 quinque
1504 2710 1623 2745 luctus
1660 2720 1756 2756 prae-

978 2760 1098 2798 dietos
1121 2773 1129 2797 ;
1149 2764 1278 2798 contra
1306 2759 1483 2806 primum,
1505 2757 1551 2793 de
1581 2760 1761 2804 peccato-
