1902 3126
192 240 246 273 143
680 232 823 266 PRIMAE
861 233 1016 267 PARTIS
1053 232 1188 266 CAPUT
1227 233 1324 265 XVII

189 314 395 350 omnesque
434 303 514 348 ejus
554 301 755 338 blanditias
796 302 960 344 duceret,

189 353 251 400 qui
284 356 359 388 tam
391 349 572 386 vilissimo
610 349 826 385 indumento
860 349 961 385 cibo-

189 411 260 447 que
278 397 396 440 tenui,
415 401 451 433 et
468 396 651 442 imparato
670 397 856 432 utebatur.
878 396 964 432 Sola

189 446 287 484 enim
311 446 419 490 hujus
434 443 519 479 vitae
539 444 753 479 necessaria
771 443 963 487 quaerebat

189 493 253 540 qni
277 493 327 528 sic
349 491 473 527 vivere
493 491 743 536 disposuerat.
762 490 878 534 Hujus
897 500 960 524 ex-

189 540 354 585 emplum
381 538 430 573 illi
461 540 681 583 sequuntur,
713 537 774 581 qui
802 536 960 571 dicunt:

187 589 369 626 Habentes
381 586 569 625 alimenta,
583 588 616 619 et
634 584 765 628 quibus
783 586 961 626 tenantur,

190 636 247 671 his
270 634 426 669 contenti
456 642 592 666 sumus.
629 631 831 675 Propterea
864 628 963 664 enim

190 681 280 728 quia
298 678 558 726 poenitentiam
584 677 826 723 praedicabat,
844 675 962 720 quali-

188 732 247 764 ter
288 726 510 773 poenitentes
544 724 667 759 vivere
705 723 878 765 debeant,
924 725 964 758 ut

188 776 310 812 bonus
339 772 516 818 magister
542 770 596 806 eis
618 770 655 805 in
687 771 808 815 seipso
836 779 962 804 exem-

189 822 291 868 plum
314 824 348 855 et
371 819 538 863 regulam
559 818 683 852 (labat.
708 818 794 851 Erat
813 817 844 850 ei
862 818 964 851 terra

190 868 324 910 cubile,
364 870 474 901 antra
509 865 654 907 domus,
698 862 797 908 pilus
835 863 961 906 vestis,

188 914 297 961 pellis
317 923 420 955 zona,
437 921 533 956 aqua
547 914 672 956 potus,
686 909 788 944 locus
803 909 960 944 lacibus.

190 964 233 997 Et
254 961 304 996 sic
332 970 406 994 non
435 958 556 993 solum
590 956 769 991 mundum
798 959 833 990 et
855 955 962 990 blan-

189 1008 300 1044 ditias
321 1007 401 1051 ejus
419 1008 672 1046 contemnere,
694 1002 757 1037 sed
775 1002 888 1037 etiam
909 1005 963 1037 to-

189 1055 263 1090 tius
290 1051 440 1096 generis
467 1049 621 1085 humani
649 1052 803 1095 peccata
823 1049 964 1084 deflere

190 1111 228 1136 se
250 1099 427 1139 ostendit,
450 1100 485 1132 et
507 1096 715 1142 exemplum
737 1095 826 1130 utile
847 1098 965 1140 poste-

189 1147 241 1182 ris
264 1143 474 1190 dereliquit.
498 1145 628 1179 Totum
652 1153 741 1188 ergo
764 1142 864 1188 quod
885 1145 965 1178 erat

189 1194 228 1229 in
246 1195 402 1236 Joanne,
424 1190 686 1237 poenitentiam
709 1189 962 1235 praedicabat:

188 1244 225 1277 et
244 1249 396 1281 nomen,
416 1237 505 1283 quia
530 1239 591 1273 Det
620 1239 762 1280 qratz'a3
787 1239 823 1271 et
847 1235 964 1279 locus,

189 1287 277 1333 quia
295 1287 509 1329 desertum3
535 1288 572 1320 et
592 1283 755 1326 habitus,
778 1282 865 1328 quia
885 1282 965 1318 cili-

188 1334 314 1377 cium;
338 1336 373 1368 et
404 1331 522 1374 cibus,
547 1330 634 1376 quia
657 1331 907 1373 locustarum;
931 1333 968 1365 et

189 1391 329 1420 sermo,
355 1378 442 1424 quia
466 1377 698 1424 poenitentiae
728 1377 906 1419 verbum3
930 1380 966 1412 et

189 1427 371 1474 operatio,
396 1425 484 1471 quia
506 1424 693 1471 baptisma
713 1423 966 1459 assuefaciens

188 1475 237 1511 ad
256 1475 409 1510 bonum.

238 1525 258 1556 8
281 1523 354 1556 PER
380 1531 483 1555 irsmi
510 1529 709 1554 rionRATnR
741 1528 966 1554 rna-menon

189 1579 443 1603 ntum-ostiens.
465 1586 509 1591 —
526 1567 564 1600 In
579 1566 725 1601 Joanne
742 1563 965 1600 describitur

189 1614 379 1659 Evangelii
399 1612 624 1659 praedicator
639 1614 694 1646 :et
717 1610 836 1656 primo
850 1621 963 1655 quan-

188 1664 267 1697 tum
290 1662 337 1696 ad
352 1661 574 1701 doctrinam,
594 1658 705 1693 debet
725 1657 823 1692 enim
844 1668 963 1693 exem-

188 1708 250 1754 plo
270 1707 425 1744 Joannis
456 1705 663 1752 praedicare
686 1703 960 1750 poenitentiam,

190 1759 225 1791 et
247 1766 291 1790 ea
307 1765 389 1800 quae
402 1753 577 1789 recedere
595 1751 736 1787 faciunt
748 1762 768 1786 a
784 1751 961 1796 peccatis,

190 1805 227 1838 et
247 1813 291 1837 ea
311 1812 392 1846 quse
411 1801 550 1835 faciunt
571 1799 749 1834 accedere
770 1799 816 1833 ad
836 1808 963 1833 conse-

191 1848 379 1884 cutionem
415 1847 522 1893 regni
574 1844 755 1888 coelestis;
796 1845 961 1880 secundo

191 1899 369 1940 quantum
393 1894 439 1929 ad
455 1892 740 1937 continentiam,
763 1891 850 1937 quia
870 1902 964 1928 zona

190 1942 326 1978 dicitur
348 1952 431 1977 esse
451 1940 548 1975 circa
576 1940 736 1981 lumbOS,
772 1942 811 1974 ut
831 1938 965 1984 praedi-

189 1993 295 2025 cator
311 1988 579 2024 continentiam
599 1987 749 2030 habeat,
773 1986 873 2020 unde
894 1987 963 2021 Do-

189 2036 314 2072 minus
345 2033 547 2071 Jcremiam
581 2033 731 2068 mittens
758 2032 964 2077 praedicare

190 2082 263 2118 ait:
284 2081 591 2125 Acctnyelumbos
607 2084 704 2121 tuos‚·
722 2079 831 2115 tertio
849 2089 963 2124 quan-

189 2133 269 2165 tum
292 2129 339 2164 ad
360 2128 487 2172 vitam,
510 2130 546 2163 et
571 2127 641 2162 hoc
663 2125 874 2172 dupliciter,
891 2128 962 2162 sci-

188 2176 273 2212 licet
304 2179 482 2219 quantum
499 2174 545 2209 ad
560 2175 733 2209 vestitum
755 2176 791 2209 et
808 2173 961 2215 victum,

190 2223 228 2258 in
257 2222 390 2268 quibus
424 2221 539 2256 etiam
576 2231 597 2256 a
629 2222 772 2257 Joanne
805 2219 962 2266 accipiat

190 2269 412 2314 exemplum.
436 2268 503 2310 Qui
528 2278 616 2313 ergo
643 2267 903 2313 poenitentiam
926 2270 964 2303 et

189 2326 323 2362 aspera
344 2315 506 2360 injungit
532 2315 585 2350 vel
614 2314 793 2359 praedicat
821 2318 856 2349 et
875 2325 960 2350 cor-

189 2362 469 2409 ripit,habitum
488 2361 717 2406 poenitentiae
738 2361 960 2406 praetendat,

189 2420 323 2455 aspera
338 2413 440 2444 veste
458 2411 619 2452 tegatur,
639 2411 675 2443 et
691 2418 802 2453 parce
816 2408 961 2444 relicia-

189 2461 263 2496 tur,
285 2460 327 2492 ut
347 2457 384 2491 in
401 2466 445 2490 eo
463 2455 585 2490 vilitas
607 2455 715 2490 vestis
735 2458 770 2489 ct
789 2455 861 2491 cibi
884 2455 961 2491 lau-

189 2504 310 2547 detur,
325 2513 482 2548 quorum
498 2512 585 2538 usus
601 2502 637 2536 in
654 2501 765 2536 divite
777 2502 958 2547 arguitur.

187 2551 395 2586 Austeritas
434 2548 534 2584 enim
569 2548 654 2583 vitae
690 2549 894 2593 requiritur
922 2549 960 2585 in

189 2596 378 2642 Evangelii
416 2595 685 2642 praedicatore3
743 2595 825 2631 ideo
870 2595 960 2632 dicit

187 2644 386 2691 Apostolus
410 2655 418 2678 :
452 2644 595 2686 Castiqo
617 2652 747 2687 corpus
768 2653 898 2683 meum,
928 2647 962 2678 et

188 2694 226 2726 in
259 2693 468 2726 servitutem
499 2690 650 2734 redi90‚
683 2699 727 2724 ne
754 2690 848 2732 forte
881 2701 960 2725 cum

188 2740 275 2774 altis
292 2739 581 2782 praedicaverim,
599 2738 677 2783 ipse
690 2737 863 2781 reprobus
884 2738 961 2781 effi-

187 2787 276 2821 ciar.
288 2785 393 2820 Unde
409 2786 671 2829 Hieronymus:
689 2784 839 2820 «Vestis
858 2783 962 2829 quip-

186 2842 232 2878 pe
259 2836 294 2868 et
316 2832 417 2868 cibus
438 2835 475 2868 et
499 2835 609 2878 potus
632 2834 748 2867 totam
773 2833 962 2867 austeram

1036 301 1147 338 vitam
1188 300 1473 348 praedicantium
1508 301 1745 340 ostendebat.
1784 316 1804 335 n

1035 349 1138 384 Unde
1157 351 1194 384 et
1216 350 1507 390 Chi-ilsostomtcs:
1532 361 1550 380 «
1574 348 1702 384 Talem
1720 359 1804 386 esse

1035 396 1230 440 oportebat
1251 396 1525 430 Prrecursorem
1548 395 1697 430 Domini
1714 397 1807 432 Pro-

1034 443 1184 487 phetam
1206 445 1242 477 et
1261 441 1480 487 Apostolum
1499 441 1647 485 Christi,
1666 442 1729 488 qui
1750 445 1809 478 to·

1034 492 1112 523 tum
1131 499 1169 524 se
1189 489 1330 523 coelesti
1353 488 1677 534 Deo,contemptis
1690 488 1806 525 rebus

1036 535 1177 576 mundi,
1197 538 1407 580 praestaret.
1439 535 1543 571 Unde
1564 546 1639 571 non
1668 535 1808 571 imme-

1035 581 1106 616 rito
1128 592 1149 617 a
1165 581 1323 616 Domino
1344 580 1455 616 etiam
1475 582 1639 627 Angelus
1660 593 1809 618 nuncu-

1034 631 1157 674 patur,
1191 627 1277 672 quia
1313 627 1351 662 in
1378 628 1449 662 hoc
1487 629 1625 664 mundo
1663 628 1810 675 positus

1037 675 1215 710 mundum
1239 673 1357 718 ipsum
1387 674 1558 718 angelica
1589 675 1665 711 vita
1686 676 1808 712 calca-

1037 722 1110 757 bat.
1136 720 1172 756 Si
1199 723 1322 756 autem
1352 720 1413 755 ille
1441 720 1503 765 qui
1524 731 1639 766 purus
1658 721 1711 758 ita
1730 725 1813 758 erat

1034 772 1071 803 et
1090 767 1183 803 coelo
1209 766 1358 808 clarior,
1381 770 1417 802 et
1438 767 1635 813 Prophetis
1660 768 1810 814 celsior,

1035 818 1071 850 et
1092 825 1162 860 quo
1196 814 1321 849 nullus
1345 814 1538 849 hominum
1565 815 1686 860 major
1727 814 1812 861 fuit,

1036 861 1172 907 quique
1192 864 1296 896 tanta
1307 861 1406 906 apud
1422 861 1538 896 Deum
1557 861 1812 898 familiaritate

1035 908 1235 955 gaudebat,
1260 909 1310 942 ita
1330 907 1572 953 semetipsum
1593 908 1640 943 ad
1661 918 1814 944 omnem

1038 954 1253 998 patientiam
1270 955 1426 990 durabat
1444 954 1736 999 laborum,ssuxa
1752 955 1816 991 de-

1035 1002 1204 1037 liciarum
1231 1011 1315 1036 cum
1345 1001 1481 1036 divitiis
1503 1001 1726 1047 despiciens,
1756 1004 1814 1038 at-

1036 1059 1107 1094 que
1125 1048 1173 1084 ad
1194 1058 1342 1083 omnem
1358 1059 1397 1083 se
1418 1048 1502 1083 vitae
1523 1048 1688 1093 rigorem
1699 1059 1815 1085 coar·

1037 1100 1162 1139 ctans;
1193 1105 1303 1140 quam
1328 1106 1394 1130 nos
1414 1094 1637 1131 habebimus
1658 1105 1811 1132 exeusa-

1036 1142 1192 1185 tionem,
1209 1141 1269 1187 qui
1291 1145 1372 1187 post
1388 1145 1443 1177 tot
1458 1142 1593 1178 Christi
1608 1142 1810 1189 beneficia,

1037 1192 1120 1236 post
1143 1192 1246 1224 tanta
1268 1192 1303 1223 ct
1332 1188 1478 1224 infinita
1498 1199 1615 1224 onera
1634 1191 1813 1235 peccato-

1038 1246 1135 1280 rum,
1161 1246 1281 1281 neque
1303 1235 1498 1270 minimam
1521 1236 1745 1281 particulam
1764 1235 1814 1272 il-

1038 1283 1109 1318 lius
1128 1281 1385 1327 castigationis
1402 1282 1593 1318 imitamur
1606 1293 1614 1326 ;
1629 1282 1696 1318 sed
1714 1292 1814 1319 com-

1039 1329 1328 1365 messationibus
1350 1332 1386 1364 et
1410 1328 1655 1365 ebrietatibus
1677 1329 1810 1373 dediti,

1039 1388 1081 1412 ac
1116 1375 1313 1423 peregrino
1350 1375 1465 1411 odore
1503 1376 1729 1421 fragrantes,
1753 1376 1813 1413 vel

1039 1424 1161 1468 potius
1182 1424 1368 1465 foeteutes,
1396 1433 1439 1458 ac
1458 1422 1623 1467 undique
1642 1426 1809 1459 nosmet-

1037 1471 1138 1517 ipsos
1177 1470 1386 1505 relaxantes
1412 1472 1448 1505 et
1481 1469 1742 1505 mollificantes
1772 1469 1813 1506 in

1036 1518 1202 1564 praedam
1231 1515 1369 1551 diaboli
1398 1526 1670 1562 praeparamur,
1706 1517 1743 1552 et
1777 1517 1813 1553 ei

1035 1564 1240 1610 captabiles
1262 1573 1330 1598 nos
1359 1562 1540 1599 facimus?
1557 1576 1575 1595 »
1597 1563 1678 1599 haec
1698 1563 1811 1609 Chry-

1032 1615 1220 1647 sostomus.

1081 1674 1100 1706 9
1124 1659 1330 1694 Concursus
1352 1669 1478 1694 popum
1497 1669 1542 1693 AD
1563 1660 1742 1696 JOANNEM.
1765 1678 1812 1685 —

1035 1707 1144 1750 Tunc,
1186 1704 1311 1740 audita
1338 1704 1492 1741 Joannis
1527 1705 1640 1750 sama,
1683 1706 1809 1741 eoeibat

1033 1753 1081 1787 ad
1114 1762 1194 1787 eum
1220 1753 1334 1787 omnis
1362 1754 1596 1797 Jerosotyma,
1623 1755 1807 1798 quantum

1033 1799 1080 1835 ad
1100 1798 1313 1834 habitantes
1337 1799 1370 1834 in
1396 1798 1545 1835 civitate
1569 1798 1646 1844 illa,
1668 1802 1702 1835 et
1727 1810 1805 1835 om-

1032 1848 1090 1881 nz's
1112 1846 1251 1886 Judaea,
1277 1848 1457 1890 quantum
1475 1847 1523 1882 ad
1544 1845 1807 1891 circumjacen-

1032 1896 1089 1928 tes
1109 1892 1148 1928 in
1169 1903 1226 1934 ea,
1247 1895 1279 1927 et
1298 1894 1412 1927 omnis
1432 1895 1531 1937 regio
1554 1894 1650 1928 circa
1673 1893 1806 1928 Jorda-

1033 1950 1112 1975 nem
1135 1968 1143 1980 ,
1180 1943 1359 1984 quantum
1399 1939 1446 1974 ad
1485 1940 1578 1975 duas
1616 1939 1736 1976 tribus
1771 1942 1808 1975 et

1033 1985 1247 2030 dimidiam3
1289 1985 1424 2030 omnis,
1463 1986 1632 2032 inquam,
1671 1986 1710 2022 id
1751 1989 1810 2023 est

1035 2033 1139 2069 multi
1160 2033 1205 2068 de
1226 2032 1412 2075 omnihus,
1434 2037 1471 2068 ut
1487 2033 1534 2069 sit
1550 2033 1806 2079 hyperbolica,

1034 2080 1071 2115 id
1095 2083 1164 2124 est,
1187 2080 1342 2115 multum
1369 2080 1582 2125 expressiva
1600 2079 1752 2125 locutio,
1772 2083 1810 2116 et

1033 2126 1185 2173 ponitur
1210 2126 1260 2162 ibi
1298 2126 1492 2162 continens
1521 2138 1589 2173 pro
1616 2130 1809 2163 contento.

1032 2177 1079 2209 Et
1099 2174 1380 2219 baptizabantur
1396 2174 1440 2208 ab
1460 2185 1497 2209 eo
1515 2177 1555 2209 in
1571 2174 1729 2209 Iordane
1747 2174 1814 2210 ba·

1032 2220 1168 2267 ptismo
1186 2231 1267 2265 suo,
1287 2222 1490 2265 confitentes
1506 2224 1656 2267 peccata
1672 2231 1753 2265 sua,
1773 2224 1811 2257 et

1033 2279 1072 2303 se
1105 2270 1276 2313 aptantes
1311 2267 1500 2313 Baptismo
1525 2268 1663 2304 Christi
1688 2267 1806 2304 susci-

1032 2315 1181 2360 piendo.
1207 2314 1418 2360 Baptismus
1445 2315 1547 2350 enim
1577 2314 1733 2351 Joannis
1760 2315 1809 2351 ad

1032 2363 1103 2397 hoc
1130 2365 1209 2397 erat
1246 2361 1455 2403 ordinatus,
1488 2362 1595 2408 quasi
1627 2361 1804 2408 quaedam

1032 2408 1256 2455 praeparatio
1281 2411 1317 2444 et
1344 2409 1596 2454 praetiguratio
1617 2408 1786 2455 Baptism

1031 2456 1148 2502 ipsius
1170 2455 1303 2492 Christi
1329 2456 1374 2491 de
1394 2456 1562 2502 proximo
1583 2455 1744 2500 venturi,
1763 2466 1784 2492 e

1032 2503 1115 2539 ideo
1136 2504 1300 2539 Joannes
1320 2513 1394 2538 non
1415 2503 1536 2539 solum
1557 2502 1802 2549 praedicabat,

1033 2550 1098 2586 sed
1119 2550 1232 2585 etiam
1252 2550 1486 2595 baptizabat;
1511 2550 1600 2595 quia
1618 2549 1713 2585 sicut
1732 2559 1802 2585 sua

1033 2597 1298 2643 praedicatione
1326 2596 1523 2632 nuntiabat
1543 2597 1731 2632 Christum
1757 2596 1804 2632 de

1032 2644 1200 2690 proximo
1222 2648 1435 2686 venturum,
1454 2643 1507 2679 sic
1527 2654 1594 2679 suo
1619 2642 1806 2689 baptismo

1033 2691 1305 2726 assuetaciebat
1335 2689 1507 2725 homines
1541 2690 1589 2726 ad
1627 2689 1806 2726 libentius

1034 2737 1311 2783 suscipiendum
1360 2736 1495 2773 Christi
1555 2737 1803 2783 Baptismum.

1035 2785 1138 2819 Unde
1149 2785 1355 2830 baptismus
1369 2783 1524 2819 Joannis
1539 2787 1620 2819 erat
1631 2784 1806 2830 quaedam

1033 2831 1251 2877 protestatio
1272 2830 1446 2867 credendi
1458 2830 1497 2866 in
1511 2830 1700 2868 Christum
1718 2840 1807 2867 ven-
