1902 3126
143 154 185 186 92
662 156 802 191 PRIMAE
839 157 994 193 PARTIS
1031 158 1170 193 CAPUT
1208 159 1256 192 XI

149 223 279 256 tierent
294 223 453 257 Puerum
475 223 607 268 pannis
625 224 757 262 vilibus
777 227 918 263 involu-

153 272 227 303 tum
244 268 386 312 gremio
406 270 579 316 pauperis
601 273 728 308 Matris
741 274 915 319 positum,

153 314 293 366 nullum
330 318 442 360 regite
479 317 682 355 divinitatis
717 320 916 357 habentem

148 371 311 405 signum,
342 373 416 398 11011
451 367 504 399 est
524 365 722 402 verisimile
745 369 844 413 quod
866 372 919 404 ta-

149 407 220 459 lem
238 410 485 446 reverentiam
504 412 537 447 ei
555 413 823 459 exhibuissent,
846 415 917 451 nisi

150 465 185 506 111
206 464 279 499 quo
297 456 439 502 aliquid
454 469 566 504 supra
585 459 762 496 hominen
785 473 918 507 rogno-

149 505 298 554 vissent.
324 504 427 539 Unde
451 507 657 542 Bernartius
678 520 688 542 :
713 523 729 540 «
751 509 918 544 Adorant

149 549 259 601 Magi,
281 552 315 585 et
340 551 501 587 otl'erunt
530 564 687 589 munera
717 555 837 590 adhuc
863 556 915 591 la-

147 598 260 648 ‹¹tant1
301 597 426 633 Matris
459 600 587 635 ubera.
612 601 683 636 Sed
708 601 769 637 ubi
799 605 866 645 est,
895 613 915 637 0

146 643 256 688 Mag1,
279 644 340 695 ubi
375 648 429 696 est
457 656 625 692 purpura
648 648 747 692 regis
778 649 916 694 hujus?

146 690 330 735 Numquid
352 692 443 727 viles
464 693 577 738 pauni
605 694 665 729 isti
699 695 833 739 quibus
857 695 914 731 in-

146 737 315 772 volutus?
333 738 368 774 Si
384 750 444 773 rex
464 743 532 783 est,
557 740 731 776 diadema
752 743 811 777 ubi
834 743 914 777 est?

141 783 217 819 Sed
243 794 309 819 vos
336 796 419 820 eum
448 797 534 823 vere
565 787 696 823 videtis
724 788 760 823 in
785 789 913 824 diade-

144 834 236 882 ntate
267 842 335 875 quo
369 836 552 869 coronavit
583 845 662 870 eum
690 837 807 870 Mater
832 847 911 877 sua,

145 887 180 912 111
201 888 308 913 sacco
337 884 473 916 nostrae
499 882 750 926 mortalitatis,
773 883 818 918 de
840 894 912 928 quo

143 935 385 970 consurgens,
411 927 462 961 ait
486 939 493 961 ε
524 929 741 964 conscidisti
771 940 913 964 saecum

143 981 271 1023 metim,
301 976 333 1007 et
359 975 632 1009 circumdedisti
653 986 707 1010 me
728 977 869 1012 laetitia.
893 990 910 1008 >³

143 1019 189 1070 Et·
205 1022 338 1069 iterum
361 1030 367 1053 :
395 1034 411 1050 κ
434 1021 505 1055 Sed
527 1022 624 1057 unde
645 1023 749 1058 vobis
782 1024 865 1067 hoc,
892 1034 912 1058 o

143 1064 389 1116 alienigena),
440 1070 480 1101 ut
528 1079 550 1103 a
592 1069 697 1104 vobis
737 1070 914 1106 adoretur

144 1111 338 1146 Christus?
358 1114 484 1157 Neque
505 1114 604 1150 enim
635 1115 674 1150 in
697 1116 808 1152 Israel
832 1120 914 1152 tan-

146 1161 221 1192 tam
256 1158 369 1193 fidem
400 1159 624 1197 invenimus.
659 1162 717 1198 Sic
744 1174 808 1198 vos
840 1174 915 1198 non

145 1204 304 1239 offendit
336 1205 419 1241 vilis
448 1207 630 1244 habitatio
661 1210 812 1253 stabuli,
838 1220 915 1245 non

143 1261 327 1304 pauperes
365 1263 470 1289 cunae
506 1255 693 1301 praesepii.
734 1258 814 1291 Non
851 1267 917 1292 vos

145 1308 322 1351 pauperis
353 1301 482 1336 Matris
514 1302 731 1347 praesentia,
760 1314 834 1339 non
862 1304 916 1339 la-

146 1348 281 1397 ctantis
306 1347 531 1384 scandalizat
557 1349 728 1385 infantia.
752 1350 846 1393 Quid
868 1350 919 1386 fa-

146 1396 242 1436 citis,
268 1394 378 1439 Magi,
400 1395 488 1440 quid
525 1396 670 1432 facitis?
703 1398 918 1433 Lactantem

148 1440 308 1492 Puerum
342 1441 507 1478 adoratis
538 1443 575 1479 in
602 1444 750 1489 tugurio
775 1444 851 1488 vili,
881 1445 919 1480 in

148 1486 281 1522 vilibus
302 1488 429 1533 panis!
455 1491 600 1535 Ergone
623 1492 722 1526 Deus
743 1495 798 1527 est
822 1491 919 1526 iste?

147 1535 241 1569 Deus
259 1538 358 1570 certe
381 1537 417 1569 z‘n
437 1539 566 1582 templo
587 1541 710 1573 sancto
727 1549 804 1579 suo,
826 1541 918 1573 Deus

149 1582 187 1632 iii
208 1582 411 1632 cerlo-sedes
432 1584 521 1627 ejus,
542 1588 579 1620 et
597 1595 661 1619 vos
682 1595 766 1620 eum
787 1585 920 1630 quaeri-

150 1630 254 1679 115111
274 1628 335 1662 vili
359 1629 519 1674 stabulo,
540 1631 577 1665 in
603 1631 731 1667 Matris
751 1632 916 1677 gremio!

150 1674 246 1716 Qu1d
268 1674 403 1718 facitis,
428 1678 526 1721 quod
546 1681 581 1713 et
603 1689 735 1714 aurum
753 1678 920 1714 offertis?

151 1722 248 1773 Ergo
263 1731 326 1756 rex
346 1726 401 1757 est
422 1725 527 1769 ipse?
549 1726 590 1759 Et
613 1725 676 1761 ubi
697 1726 782 1761 aula
801 1726 918 1770 regia,

148 1768 213 1803 ubl
236 1768 407 1813 thronus,
437 1771 498 1806 ubi
532 1772 644 1807 curiae
678 1772 815 1817 regalis
846 1774 919 1808 fre-

151 1816 333 1860 quentia?
356 1817 543 1863 Numquid
579 1819 664 1855 aula
702 1823 758 1855 est
793 1821 920 1855 stabu-

152 1862 242 1905 lum,
273 1863 435 1914 ι1111011115
456 1867 693 1911 praesepium,
716 1867 826 1902 curiae
848 1867 921 1902 sre-

152 1912 305 1961 quentia
318 1912 467 1961 ‘Joseph
494 1916 530 1947 et
558 1913 705 1948 Maria?
729 1914 921 1956 Quomodo

154 1959 204 1990 ita
215 1962 433 2001 insipientes
448 1959 531 1994 lacti
544 1971 609 1995 sun
619 1964 629 1995 t
640 1960 708 1995 viri
721 1960 921 2006 sapientes,

154 2006 194 2037 ut
227 2003 381 2039 adorent
418 2007 616 2042 Parvulum
640 2007 922 2052 despicabilem,

154 2053 230 2084 tam
274 2061 340 2086 sua
382 2056 491 2088 {etate
542 2064 655 2099 quam
704 2058 924 2100 paupertate

153 2098 335 2132 suorum?
361 2099 583 2145 Insipientes
618 2100 705 2136 sacti
747 2105 845 2146 sunt,
886 2104 926 2136 ut

155 2143 290 2195 fierent
321 2145 521 2190 sapientes,
551 2151 587 2182 et
620 2148 826 2193 praedocuit
860 2158 924 2183 eos

155 2191 314 2236 Splritus
333 2194 431 2237 quod
452 2198 581 2239 postea
596 2195 811 2240 praedicavit
827 2196 924 2241 Apo-

152 2237 282 2280 solus:
312 2239 381 2281 Qui
422 2242 500 2275 vult
544 2251 617 2276 esse
656 2244 800 2287 sapiens
820 2270 829 2285 ,
861 2244 926 2287 fiat

151 2285 286 2319 stultus
307 2289 347 2320 ut
369 2288 515 2331 sapiens
534 2290 595 2323 sit.
630 2289 760 2324 Nonne
791 2290 925 2324 timen-

155 2330 244 2382 dum
280 2336 373 2375 erat,
411 2344 457 2368 ne
490 2334 832 2371 scandalizarentur
857 2335 925 2370 viri

155 2380 230 2421 isti,
266 2382 302 2414 et
350 2379 479 2416 illusos
516 2392 555 2417 se
593 2382 801 2427 crederent,
842 2393 926 2418 cum

155 2427 261 2460 tanta
278 2425 433 2471 indigna
453 2427 649 2463 viderent?
668 2430 697 2464 A
719 2430 821 2475 regia
843 2430 927 2465 civi-

155 2474 232 2507 tate
251 2472 315 2508 ubi
334 2484 461 2519 regem
482 2476 724 2519 quaerendum
745 2477 927 2523 conjecta-

158 2519 308 2563 bantur,
329 2520 375 2556 ad
395 2521 612 2558 Bethlehem
639 2522 765 2558 villam
794 2535 926 2569 parvu-

157 2566 232 2602 lam
286 2566 521 2613 diriguntur;
577 2568 837 2614 ingrediuntur
891 2571 928 2606 in

158 2613 342 2650 stabulum
356 2626 364 2659 ;
378 2615 782 2652 inveniuntinvolutum
796 2618 929 2663 pannis

159 2660 400 2697 Infantulum.
424 2663 505 2698 Non
540 2662 613 2698 illis
649 2664 774 2699 sordet
803 2666 929 2700 stabu-

160 2707 251 2751 lum,
288 2719 364 2744 non
403 2709 644 2746 offenduntur
673 2710 821 2756 pannis,
856 2722 931 2747 11011

161 2754 461 2792 scandalizantur
511 2756 683 2793 lactantis
732 2757 892 2794 infantia
921 2770 929 2802 ;

996 228 1196 274 procidunt
1221 230 1305 264 ante
1338 238 1437 269 eum,
1472 229 1696 263 venerantur
1728 230 1769 263 ut

998 286 1138 321 regem,
1164 276 1325 311 adorant
1358 279 1398 310 ut
1422 276 1553 310 Deum.
1576 274 1648 310 Sed
1685 284 1769 320 pro-

998 323 1094 358 fecto
1125 323 1185 368 qui
1220 322 1302 357 illos
1326 321 1503 365 adduxit,
1537 320 1617 366 ipse
1641 323 1678 356 et
1708 319 1767 356 in-

997 370 1150 413 struxit3
1168 369 1276 414 etqui
1294 379 1361 415 per
1378 368 1523 404 stellam
1541 367 1630 403 foris
1642 367 1770 403 admo-

998 416 1092 460 nuit,
1129 416 1207 462 ipse
1243 417 1279 451 in
1318 416 1462 451 occulto
1503 414 1627 450 cordis
1666 415 1768 450 intus

997 463 1144 499 edocuit
1167 475 1175 498 :
1198 476 1215 494 »
1245 463 1323 498 111130
1344 462 1564 498 Bernarclus.
1594 460 1699 497 Unde
1731 462 1768 496 et

996 510 1225 553 Auouscinus
1247 522 1257 544 .·
1287 523 1305 542 «
1332 511 1411 545 Non
1433 509 1500 544 sub
1522 507 1654 554 pollice
1679 507 1771 543 sella

996 557 1146 600 regalis,
1185 566 1259 591 non
1294 556 1339 591 de
1376 557 1553 591 membris
1588 563 1768 601 purpura,

996 613 1070 637 non
1094 603 1131 637 in
1153 602 1273 647 capite
1297 602 1469 638 diadema
1490 602 1668 646 fulgebat,
1693 611 1769 636 non

995 659 1132 694 pompa
1148 648 1425 691 famulantium,
1442 659 1516 683 non
1534 651 1656 684 terror
1670 657 1771 683 exer-

994 695 1147 739 cituum,
1173 706 1248 730 non
1278 695 1476 740 gloriosior
1502 695 1601 730 fama
1625 693 1772 740 praelio-

995 753 1077 777 rum
1100 743 1167 778 hos
1185 742 1232 777 ad
1249 753 1333 777 eum
1354 741 1467 786 viros,
1483 752 1526 777 ex
1546 741 1700 776 remotis
1714 750 1771 776 re-

994 788 1182 834 gionibus,
1215 799 1299 824 cum
1333 793 1436 824 tanto
1467 791 1552 824 voto
1585 787 1770 834 supplices

993 839 1208 871 attraxerat.
1230 836 1383 872 Jacebat
1405 835 1443 870 in
1464 834 1648 881 praesepio
1673 835 1771 869 Puer

993 886 1074 918 ortu
1092 893 1233 927 recens,
1253 884 1406 928 exiguus
1422 892 1592 927 corpore,
1610 883 1772 917 contem-

992 929 1132 975 ptibilis
1185 932 1418 975 paupertate.
1473 928 1547 964 Sed
1590 937 1772 973 magnum

992 976 1133 1021 aliquid
1144 977 1282 1012 latebat
1292 976 1329 1010 in
1341 975 1579 1020 Puero,quod
1589 975 1642 1010 illi
1654 974 1773 1010 homi·

993 1033 1073 1065 nes,
1088 1034 1161 1058 non
1182 1026 1283 1058 terra
1303 1025 1489 1068 portante,
1502 1021 1566 1057 sed
1578 1021 1674 1057 coelo
1688 1022 1772 1056 nar-

993 1073 1115 1114 rante,
1126 1070 1346 1105 didicerant.
1364 1083 1381 1101 »
1402 1069 1505 1105 Unde
1517 1071 1552 1104 et
1567 1069 1773 1113 chrysosto-

995 1128 1092 1152 mus:
1106 1132 1122 1149 «
1133 1119 1176 1151 Et
1186 1118 1367 1152 intrantes
1379 1116 1530 1151 domum
1543 1116 1768 1150 invenerunt

996 1165 1158 1199 Puerum
1171 1174 1252 1199 cum
1266 1165 1383 1199 Maria
1399 1164 1515 1198 Matre
1529 1162 1623 1208 ejus,
1635 1163 1766 1205 Matre,

995 1211 1164 1255 inquam,
1193 1211 1287 1256 ejus,
1317 1221 1393 1245 non
1420 1209 1631 1245 diademate
1660 1218 1768 1243 coro-

997 1261 1100 1301 nata,
1111 1268 1185 1292 non
1200 1268 1291 1292 auro
1308 1257 1526 1302 ret‘ulgente,
1540 1258 1604 1291 aut
1618 1255 1768 1290 inlecto

996 1315 1110 1340 aureo
1136 1305 1391 1347 recumbente,
1420 1303 1485 1338 sed
1518 1302 1576 1337 vix
1606 1301 1772 1337 tunicam

996 1361 1108 1387 unam
1130 1351 1306 1394 habente,
1333 1361 1409 1385 non
1436 1349 1484 1385 ad
1506 1350 1772 1385 ornamentum

997 1397 1181 1444 corporis,
1203 1399 1267 1433 sed
1287 1397 1334 1432 ad
1351 1399 1607 1443 tegumentum
1624 1395 1774 1431 nudita-

998 1445 1060 1488 tis,
1101 1445 1249 1490 qualem
1275 1445 1416 1480 habere
1447 1446 1595 1490 poterat
1621 1451 1774 1488 carpen-

999 1492 1083 1527 tarii
1106 1503 1195 1527 uxor
1211 1502 1368 1538 peregre
1390 1489 1604 1526 constituta.
1625 1488 1662 1525 Si
1684 1499 1774 1536 ergo

998 1549 1125 1584 regem
1140 1541 1329 1574 terrenum
1345 1540 1555 1584 quaerentes
1572 1535 1775 1580 venissent,

1001 1585 1118 1631 magis
1150 1585 1308 1620 fuissent
1340 1583 1482 1620 confusi
1509 1593 1622 1630 quam
1642 1582 1774 1629 gavisi,

1000 1633 1177 1677 quoniam
1205 1631 1297 1667 tanti
1328 1632 1472 1667 itineris
1499 1631 1668 1667 laborem
1696 1631 1776 1665 sine

999 1690 1110 1715 causa
1132 1678 1393 1724 suscepissent.
1418 1679 1521 1713 Nunc
1544 1679 1670 1713 autem
1689 1676 1778 1722 quia

1000 1727 1190 1762 coelestem
1214 1736 1340 1770 regem
1368 1725 1599 1770 quaerebant,
1623 1723 1692 1759 etsi
1717 1723 1777 1758 ni-

1000 1773 1051 1808 hil
1081 1773 1206 1818 regale
1238 1773 1414 1808 videbant
1442 1772 1480 1807 in
1510 1782 1568 1815 eo,
1595 1773 1775 1814 attamen,
1832 1794 1836 1795 ν

1002 1820 1116 1856 solius
1156 1819 1271 1855 stellae
1321 1818 1535 1854 testimonio
1575 1817 1743 1853 contenti
1767 1845 1775 1861 ,

1001 1867 1216 1913 gaudebant
1239 1866 1335 1902 oculi
1362 1875 1491 1901 eorum
1512 1863 1777 1909 contemptibi-

1002 1915 1075 1949 lem
1104 1915 1265 1949 Puerum
1291 1912 1471 1958 aspicere,
1507 1910 1595 1957 quia
1623 1911 1778 1957 spiritus

1002 1961 1041 1996 in
1061 1961 1172 1996 corde
1193 1970 1323 1995 eorum
1344 1959 1550 1994 terribilem
1569 1968 1657 1994 eum
1676 1968 1780 1994 mon-

1003 2008 1159 2044 strabat.
1184 2020 1201 2040 »
1243 2007 1345 2042 Unde
1382 2006 1495 2042 etiam
1535 2007 1603 2041 Leo
1637 2006 1738 2051 Papa
1770 2016 1779 2040 ι

1006 2070 1024 2088 ‹<
1045 2056 1118 2090 Nec
1135 2054 1322 2089 immerito
1348 2064 1431 2089 cum
1450 2056 1527 2088 tres
1553 2053 1601 2088 ad
1621 2052 1780 2088 adoran-

1004 2103 1092 2137 dum
1126 2102 1291 2136 Puerum
1330 2100 1416 2136 novi
1455 2099 1589 2136 sideris
1627 2098 1779 2135 claritas

1004 2148 1241 2192 deduxisset,
1287 2158 1363 2182 non
1406 2157 1491 2183 eum
1528 2146 1778 2192 imperantem

1005 2195 1251 2239 daemonibus,
1286 2205 1362 2229 non
1394 2197 1561 2229 mortuos
1599 2192 1780 2228 suscitan-

1004 2247 1094 2286 tem,
1118 2253 1193 2278 non
1230 2241 1337 2278 caecis
1372 2241 1505 2286 visum,
1540 2243 1604 2276 aut
1638 2239 1780 2276 claudis

1005 2300 1189 2336 gressum,
1219 2292 1282 2325 aut
1304 2288 1416 2324 mutis
1447 2287 1638 2333 eloquium
1657 2287 1778 2323 refor-

1006 2343 1185 2380 mantem,
1198 2337 1255 2372 vel
1275 2336 1313 2371 in
1334 2335 1459 2381 aliqua
1476 2334 1688 2370 divinarum
1708 2333 1781 2370 vir-

1003 2388 1124 2420 tutum
1145 2383 1292 2419 actione
1319 2382 1504 2427 viderunt,
1527 2382 1591 2417 sed
1615 2382 1780 2417 Puerum

1004 2431 1191 2474 silentem,
1220 2430 1400 2476 quietum,
1426 2430 1493 2465 sub
1520 2427 1646 2464 Matris
1675 2427 1776 2464 solli-

1005 2478 1167 2514 citudine
1187 2477 1444 2513 constitutum.
1468 2478 1510 2512 In
1535 2486 1607 2521 quo
1633 2475 1778 2511 nullum

1005 2525 1155 2571 quidem
1173 2528 1330 2571 apparet
1349 2524 1395 2559 de
1408 2525 1592 2570 potestate
1612 2522 1776 2567 signum,

1005 2573 1070 2608 sed
1090 2582 1266 2617 magnum
1293 2571 1480 2617 praebetur
1499 2570 1545 2605 de
1567 2567 1781 2605 humilitate

1006 2619 1241 2655 miraculum.
1270 2620 1363 2654 Tota
1388 2617 1488 2653 enim
1506 2615 1583 2652 vita
1610 2615 1777 2652 Salvato-

1006 2666 1071 2709 ris,
1110 2676 1192 2712 quae
1232 2668 1268 2701 et
1310 2665 1499 2701 diabolum
1528 2661 1716 2709 superavit
1741 2667 1779 2700 et

1008 2713 1205 2756 mundum,
1244 2711 1453 2748 humilitate
1491 2713 1546 2746 est
1583 2712 1778 2756 concepta,

1008 2759 1218 2796 humilitate
1259 2762 1314 2795 est
1351 2757 1531 2794 confecta.
1569 2756 1777 2803 Dispositos
