1897 3167
213 184 249 215 16
728 177 874 210 PRIMAE
911 177 1068 212 PARTIS
1105 176 1244 210 CAPUT
1282 175 1315 208 11

207 252 405 295 operatur:
426 246 477 282 ita
497 250 534 282 ct
557 247 705 281 Patrem
720 255 788 291 per
806 245 982 291 Unigeni-

210 299 289 332 tum
327 293 460 330 Filium
504 303 611 329 suum
656 292 783 328 omnia
821 292 982 338 legimus

210 342 325 378 fuisse
346 343 541 386 operatum
565 351 573 375 z
596 353 614 371 »
637 340 717 375 haec
738 340 981 384 Augustinus.

260 403 271 425 1
284 404 295 425 1
320 389 422 432 QUAM
437 399 583 423 scnmie
599 398 732 422 INITIUM
750 398 855 422 ursus
872 388 986 422 Evau-

207 447 315 472 Gnmi.
336 455 381 463 —
412 436 487 471 Hoc
507 433 654 470 initium
677 433 795 470 sancti
819 435 985 479 Evange-

1054 244 1107 288 lii,
1141 244 1345 280 sccundum
1372 242 1546 279 eumdem
1574 243 1836 286 Augustinum,

1055 291 1207 338 quidam
1225 289 1438 327 Platonicus
1452 288 1576 326 aurcis
1593 288 1727 325 litteris
1746 298 1840 335 prae-

1057 338 1309 382 scribendum,
1334 340 1371 373 et
1400 348 1468 383 per
1499 347 1629 372 omnes
1662 335 1838 372 ecclesias

1056 385 1094 421 in
1114 385 1205 421 locis
1223 383 1526 421 eminentissimis
1543 382 1837 430 praeponendum

1056 443 1139 469 esse
1158 431 1318 469 dicebat.

936 551 1105 588 ORATIO

251 647 407 684 Domine
428 648 539 690 Deus,
563 647 675 681 Pater
695 644 945 691 omnipotens,
969 643 1031 690 qui
1062 646 1292 679 coaeternum
1312 644 1349 677 et
1369 641 1596 687 coaequalem
1618 638 1835 690 etxconsub-

203 694 417 732 stantialem
444 693 509 729 tibi
543 696 629 728 ante
662 692 787 728 omnia
828 692 964 727 saccula
994 690 1127 726 Filium
1165 688 1406 725 ineffabiliter
1441 686 1617 733 genuisti,
1642 696 1726 722 cum
1761 695 1834 731 quo

202 746 316 788 atque
337 741 474 787 Spiritu
493 741 626 776 Sancto
647 738 774 775 omnia
790 738 952 774 visibilia
972 741 1008 774 et
1028 736 1246 779 invisibilia,
1264 747 1307 771 ac
1321 746 1380 771 me
1401 735 1579 770 miserum
1599 735 1835 780 peccatorem

202 789 302 825 inter
324 788 451 824 omnia
471 786 620 830 creasti,
643 790 679 822 te
699 786 830 829 adoro,
855 789 890 821 to
912 785 1038 827 laudo,
1070 787 1180 829 teque
1204 783 1372 828 glorifico
1403 793 1411 817 z
1433 783 1618 827 propitius
1644 782 1716 816 esto
1743 780 1837 814 mihi

200 837 395 882 peccatori,
419 838 455 870 et
481 845 527 870 nc
553 832 737 879 despicias
768 843 842 876 me,
878 842 971 877 opus
1003 841 1183 867 manuum
1217 834 1380 873 tuarum;
1414 828 1479 865 sed
1509 828 1612 864 salva
1637 830 1673 863 et
1699 826 1836 879 adJuva

205 893 279 927 me,
300 886 452 928 propter
472 891 607 916 nomen
628 883 797 916 sanctum
816 883 933 915 tuum.
957 877 1067 924 Operi
1089 888 1266 913 manuum
1290 880 1438 912 tuarum
1461 876 1652 911 dexteram
1671 882 1838 920 porrige,

201 929 344 966 carnali
364 928 555 974 fragilitati
575 937 762 963 succurre.
789 926 855 970 Qui
884 936 943 961 me
964 925 1097 970 fecisti,
1121 925 1234 960 refice
1254 924 1433 959 infectum
1453 922 1571 966 vitiis;
1596 919 1837 974 qui-mesor-

206 976 331 1020 masti,
357 976 522 1011 reforma
550 978 765 1020 corruptum
798 972 959 1026 peccatis
983 984 991 1008 z
1015 976 1054 1008 ut
1078 972 1284 1008 secundum
1304 980 1482 1016 magnam
1503 972 1607 1005 tuam
1627 975 1840 1004 mlserlcor-

204 1023 307 1060 diam
328 1023 449 1059 salves
468 1021 634 1059 animam
655 1031 779 1057 meam
799 1030 989 1056 miseram.
1010 1021 1142 1056 Amen.

902 1221 1084 1267 CAPUT
1119 1222 1157 1267 Ι[

207 1367 257 1395 DE
280 1365 518 1396 INVENTIONE
547 1364 709 1392 REMEDII
741 1363 812 1392 PRO
843 1363 1088 1392 SALVATIONE
1124 1364 1289 1392 GENERIS
1316 1364 1487 1403 HUMANI,
1515 1365 1566 1392 ET
1599 1365 1841 1395 NATIVITATE

847 1416 1015 1446 VIRGINIS
1057 1417 1202 1445 MARIAE.

1065 1559 1177 1595 quam
1207 1548 1380 1585 columba
1404 1548 1558 1585 inclusis
1581 1551 1620 1584 in
1644 1559 1732 1586 arca
1750 1550 1845 1587 affe-

1064 1597 1185 1640 rebat,
1217 1606 1298 1641 quae
1326 1595 1623 1632 misericordiam
1650 1596 1716 1632 Dei
1744 1598 1845 1634 futu-

1065 1654 1145 1678 ram
1181 1642 1335 1678 inclusis
1365 1642 1405 1678 in
1431 1642 1546 1679 limbo
1572 1644 1842 1689 praetendebat.

264 1569 275 1589 1
299 1552 414 1589 uisus
437 1552 603 1587 Litai-em
627 1562 668 1585 ET
690 1561 989 1586 pnoropAmzNTis.

212 1621 258 1626 —
286 1601 327 1635 In
346 1597 544 1646 principio,
573 1608 656 1632 cum
680 1597 825 1632 Lucifer
845 1602 992 1633 creatus

212 1650 325 1690 esset,
362 1645 479 1681 erexit
515 1656 554 1681 se
584 1647 714 1680 contra
737 1645 853 1680 Deum
881 1646 991 1680 Crea-

212 1697 333 1730 torem
351 1703 472 1736 suum,
486 1694 523 1727 et
539 1691 576 1726 in
589 1691 663 1726 ictu
678 1691 774 1726 oculi
786 1692 832 1727 de
847 1692 991 1727 excelso

212 1741 392 1776 coelorum
424 1739 612 1785 projectus
639 1741 695 1773 est
721 1738 759 1773 in
786 1737 989 1774 infernum.

211 1789 268 1831 Et,
300 1787 347 1823 ob
382 1787 478 1822 hanc
506 1795 670 1829 causam,
700 1784 864 1821 decrevit
896 1787 993 1822 Deus

210 1845 329 1881 genus
346 1834 553 1869 humanum
572 1842 714 1876 creare,
733 1835 771 1868 ut
784 1842 851 1878 per
868 1832 990 1878 ipsum

210 1884 338 1928 posset
372 1890 499 1916 casum
532 1878 692 1915 Luciferi
725 1882 762 1914 et
804 1879 990 1915 sociorum

209 1929 290 1975 ejus
310 1931 547 1970 restaurare3
572 1929 798 1972 quapropter
818 1926 990 1962 diabolus

210 1974 351 2011 homini
376 1974 547 2010 invidens
573 1972 643 2019 ipsi
666 1973 929 2017 insidiabatur,
954 1977 990 2009 et

208 2023 257 2058 ad
291 2021 468 2068 praeccpti
503 2020 840 2065 transgressionem
865 2020 989 2065 ,ipsum

207 2069 385 2105 inducere
398 2069 602 2112 nitebatur,
618 2072 653 2104 et
666 2067 855 2113 quoddam
870 2078 988 2113 genus

207 2115 471 2162 serpentissibi
484 2115 659 2161 eligebat,
669 2114 731 2160 qui
744 2118 831 2150 tunc
842 2119 988 2151 erectus

207 2164 462 2209 gradiebatur,
490 2166 527 2198 et
551 2166 661 2209 caput
683 2161 896 2207 virgineum
920 2162 986 2198 ha-

205 2211 330 2247 bebat.
354 2212 393 2245 In
414 2211 512 2245 hunc
533 2209 791 2245 fraudulentus
812 2209 989 2256 deceptor

204 2257 370 2301 intravit,
390 2261 425 2292 et
446 2267 513 2302 per
533 2267 574 2291 os
597 2257 675 2303 ejus
696 2256 855 2301 loquens
873 2257 988 2292 verba

206 2303 422 2350 deceptoria
449 2303 596 2339 mulieri
624 2303 803 2347 narravit,
831 2314 873 2339 ac
904 2314 986 2339 eam

204 2351 394 2397 decipiens
407 2361 517 2396 super
530 2361 641 2386 omne
654 2351 987 2396 genushumanum

205 2401 366 2434 mortem
406 2397 562 2433 induxit.
604 2399 646 2432 Et
684 2398 881 2443 oportebat
919 2408 987 2433 nos

204 2456 335 2482 omnes
362 2454 549 2480 carcerem
576 2444 712 2480 inferni
746 2444 907 2489 ingredi,
941 2445 987 2480 de

206 2503 281 2538 quo
320 2502 396 2527 non
442 2495 659 2537 poteramus
702 2491 859 2537 alicujus
903 2492 985 2537 puri

203 2539 369 2575 hominis
389 2537 574 2583 adiutorio
602 2537 708 2583 eripi.
736 2539 807 2573 Sed
833 2539 985 2574 ’tandem

203 2588 315 2622 Pater
335 2584 679 2621 misericordiarum
701 2587 737 2620 et
755 2586 852 2620 Deus
871 2585 984 2621 totius

202 2632 467 2670 consolationis
488 2632 690 2667 clementer
716 2631 877 2677 respexit
909 2635 982 2668 sta-

201 2684 281 2717 tum
304 2682 441 2715 nostrae
469 2678 733 2723 damnationis,
767 2682 804 2714 et
825 2689 894 2714 nos
918 2690 984 2724 per

203 2727 447 2773 semetipsum
469 2726 628 2762 liberare
655 2725 841 2769 decrevit3
871 2736 983 2771 super

202 2785 275 2820 quo
302 2773 448 2821 signum
474 2773 581 2809 nobis
614 2783 681 2819 per
705 2772 840 2809 olivam
862 2773 978 2818 dedit,

1066 1691 1146 1725 Non
1188 1690 1307 1725 solum
1343 1689 1444 1725 enim
1476 1690 1548 1735 his,
1586 1690 1649 1736 qui
1684 1690 1723 1727 in
1756 1702 1846 1728 arca

1067 1739 1185 1781 erant,
1234 1736 1493 1772 misericordia
1543 1737 1844 1784 promittebatur,

1067 1785 1130 1820 sed
1158 1788 1194 1820 et
1220 1783 1287 1819 toti
1315 1784 1454 1820 mundo
1485 1783 1633 1831 signum
1657 1785 1789 1821 salutis
1807 1785 1848 1821 in

1066 1831 1163 1867 oliva
1201 1832 1387 1875 dabatur3
1431 1834 1467 1866 et
1505 1832 1576 1868 hoc
1614 1832 1713 1868 idem
1748 1834 1847 1869 Deus

1064 1877 1364 1924 praemonstravit
1400 1877 1510 1914 nobis
1541 1879 1580 1914 in
1608 1878 1735 1915 multis
1763 1879 1847 1916 aliis

1066 1926 1208 1972 figuris.
1227 1927 1257 1961 A
1273 1924 1456 1971 prinprio
1477 1929 1602 1962 autem
1621 1925 1847 1971 conditionis

1064 1977 1215 2013 nostrie,
1244 1973 1363 2008 Adam
1392 1973 1432 2007 in
1469 1983 1560 2018 agro
1597 1975 1844 2019 Damasceno,

1059 2020 1165 2064 juxta
1192 2021 1355 2063 Hebron,
1378 2019 1424 2055 de
1444 2022 1545 2056 terra
1567 2021 1742 2065 formato,
1767 2024 1805 2057 et
1824 2031 1847 2057 a

1064 2067 1220 2103 Domino
1232 2067 1268 2102 in
1285 2066 1501 2112 paradisum
1514 2067 1845 2113 voluptatistrans-

1062 2115 1151 2160 lato,
1193 2125 1235 2150 ac
1271 2115 1347 2150 Eva
1379 2113 1416 2149 in
1450 2114 1624 2160 paradiso
1656 2115 1703 2150 de
1739 2118 1844 2152 costa

1062 2163 1150 2198 Adae
1170 2160 1389 2198 dormientis
1406 2161 1517 2205 facta,
1536 2164 1571 2197 et
1589 2172 1656 2208 pro
1671 2165 1845 2198 consorte

1062 2209 1095 2245 ei
1123 2209 1222 2252 data,
1262 2208 1426 2254 ipsisque
1461 2208 1592 2254 primis
1626 2209 1845 2255 parentibus

1062 2256 1099 2291 in
1133 2255 1306 2302 paradiso
1334 2256 1381 2291 ad
1402 2255 1634 2300 operandum
1661 2260 1698 2292 et
1721 2259 1845 2292 custo-

1062 2303 1238 2339 diendum
1260 2302 1462 2346 collocatis,
1482 2307 1520 2337 et
1539 2302 1676 2339 dehinc
1691 2306 1846 2349 propter

1061 2349 1151 2395 ligni
1180 2349 1280 2385 vetiti
1317 2360 1422 2385 esum
1456 2359 1525 2395 per
1558 2349 1673 2385 divini
1709 2349 1845 2386 secreti

1062 2397 1301 2433 severitatem
1331 2396 1505 2442 expulsis,
1539 2407 1699 2443 superna
1731 2396 1845 2433 mise-

1060 2444 1156 2480 ratio
1178 2455 1253 2480 non
1270 2443 1411 2479 destitit
1431 2443 1602 2479 homines
1619 2443 1775 2480 incitare
1795 2443 1845 2480 ad

1060 2492 1200 2528 bonum
1233 2501 1299 2537 per
1333 2491 1496 2526 occultos
1530 2490 1740 2535 instinctus,
1774 2501 1843 2527 nec

1060 2537 1203 2574 distulit
1220 2537 1410 2573 hominem
1429 2538 1682 2573 errabundum
1701 2538 1749 2573 ad
1767 2548 1844 2583 poe-

1058 2585 1256 2621 nitentiam
1277 2595 1468 2628 revocare,
1486 2594 1591 2630 spem
1610 2584 1730 2620 veniae
1747 2584 1841 2621 dan-

1057 2633 1104 2667 do
1140 2643 1207 2678 per
1235 2631 1503 2678 repromissum
1541 2631 1745 2668 Salvatoris
1773 2631 1841 2668 ad-

1055 2683 1220 2715 ventum.
1527 2697 1531 2700 ·

1105 2740 1121 2761 2
1143 2728 1320 2762 IIUMANUM
1346 2737 1459 2762 omns
1482 2738 1527 2762 An
1554 2737 1642 2762 semi
1673 2737 1839 2762 nmcirun

1054 2785 1097 2809 AB
1122 2776 1219 2809 ABEL
1243 2785 1356 2814 esoni:
1377 2785 1421 2809 AD
1439 2775 1606 2810 Joaxxen
1622 2775 1838 2811 Bari-mrim.
