1897 3167
156 191 190 222 12
691 188 837 223 PRIMAE
875 188 1033 223 PARTIS
1071 188 1206 222 CAPUT
1246 188 1257 221 I

151 257 238 293 ideo
254 255 348 292 sicut
361 254 451 291 illud
464 254 615 301 proprie
630 255 766 293 dicitur
779 258 933 301 sanitas,

154 303 254 349 quod
274 313 341 347 per
361 302 494 337 faciem
521 302 752 348 designatur,
774 303 825 340 ita
844 304 935 340 illud

154 349 306 396 proprie
344 348 479 384 dicitur
519 350 688 394 verbum,
732 352 831 396 quod
870 362 937 397 per

154 406 284 432 vocem
323 394 568 440 significatur.
607 397 685 432 Hoc
723 401 847 434 autem
881 400 938 433 est

154 442 312 478 interior
327 441 464 477 mentis
481 446 704 489 conceptus:
721 444 808 490 quia
827 455 938 480 voces

153 492 241 524 sunt
276 491 374 524 notae
408 492 445 524 et
473 489 581 534 signa
606 491 823 536 passionum
855 501 937 536 quae

156 538 244 571 sunt
263 534 301 570 in
318 535 464 579 anima;
487 536 591 572 etita
612 541 811 583 conceptus
833 548 937 573 men-

158 581 206 618 tis
253 581 426 626 interior,
473 582 585 619 etiam
626 588 829 629 antequam
873 594 940 629 per

157 638 288 664 vocem
326 629 555 675 designetur,
596 630 746 675 proprie
786 631 941 666 verbum

158 674 306 711 dicitur.
327 676 417 712 Cum
436 687 525 721 ergo
545 678 616 712 hoc
630 688 767 713 nomen
786 678 940 713 verbum

160 721 349 767 significet
379 733 507 758 vocem
545 724 725 766 vocalem,
765 727 800 759 et
840 724 941 769 quod

159 768 233 804 exit
250 769 297 805 ab
318 780 396 812 ore,
419 769 605 814 significet
626 770 739 806 etiam
763 771 940 814 mentale,

158 815 259 861 quod
292 826 314 851 a
343 820 467 851 mente
496 816 675 861 gignitur,
710 828 778 852 nec
814 818 861 853 ab
898 827 943 852 ea

157 862 299 898 recedit
313 873 399 898 cum
414 863 615 907 emittitur3
633 863 774 899 scilicet
786 865 942 900 verbum

158 913 380 955 conceptum
409 910 614 946 secundum
649 910 817 947 ultimam
843 921 945 946 acce—

156 955 326 1001 ptionem
357 956 418 991 hic
449 956 620 1001 sumitur,
644 961 684 993 ut
718 969 785 1003 per
821 957 944 1003 ipsum

159 1001 274 1038 Filius
311 1003 542 1048 intelligatur
579 1016 586 1038 :
628 1004 778 1050 quippe,
799 1004 888 1050 quia
923 1015 945 1040 a

162 1049 272 1085 Patre
290 1050 459 1095 procedit
479 1061 546 1096 per
564 1054 744 1086 {eternam
766 1051 942 1086 nativita-

160 1098 253 1140 tem,
279 1106 324 1131 ac
356 1107 440 1132 cum
470 1107 512 1132 eo
546 1101 582 1132 et
606 1097 645 1133 in
675 1109 718 1134 eo
748 1100 945 1144 permanet

159 1151 228 1187 per
250 1142 422 1178 essentiae
442 1143 650 1187 unitatem3
683 1144 776 1180 sicut
803 1144 944 1189 cogita-

160 1187 226 1232 tio,
263 1199 329 1225 seu
363 1190 555 1235 conceptio
596 1190 746 1235 mentis,
787 1201 870 1236 quae
903 1202 945 1226 ex

160 1238 288 1271 mente
308 1239 397 1271 nata
418 1239 487 1279 est,
511 1247 596 1271 cum
615 1237 697 1282 ipsa
722 1240 917 1282 permanet
935 1248 944 1281 ;

163 1283 200 1317 et
225 1281 308 1317 ideo
330 1282 460 1318 maluit
479 1282 603 1318 dicere
635 1285 803 1325 Verbum,
833 1294 946 1329 quam

164 1327 294 1364 Filius.
315 1329 404 1365 Cum
421 1328 534 1374 igitur
548 1329 584 1364 in
602 1329 682 1376 ipso
703 1332 778 1365 Deo
796 1330 946 1376 proprie

163 1377 200 1410 et
216 1375 379 1420 perfecte
397 1375 445 1411 sit
459 1376 636 1420 Verbum,
655 1377 809 1413 verbum
823 1380 947 1412 autem

163 1421 210 1457 de
232 1432 300 1457 sua
323 1421 470 1457 ratione
499 1422 588 1458 dicit
609 1423 707 1468 quod
739 1424 948 1469 procedens

162 1468 210 1504 ab
246 1479 290 1504 eo
315 1469 419 1514 cujus
447 1472 503 1504 est
534 1470 703 1514 verbum,
733 1470 828 1506 sicut
859 1481 947 1506 con-

163 1518 292 1561 ceptus
309 1526 332 1550 a
346 1515 599 1561 concipiente3
622 1521 659 1552 et
679 1527 764 1552 cum
788 1518 949 1553 Verbum

164 1564 201 1597 et
227 1561 342 1597 Filius
360 1561 434 1597 sint
453 1562 567 1607 idem,
587 1563 756 1608 sequitur
777 1564 877 1609 quod
897 1563 948 1600 ibi

163 1607 212 1644 sit
231 1609 424 1654 generatio
447 1609 527 1644 Filii
549 1620 570 1645 a
592 1611 716 1653 Patre,
737 1621 779 1646 ex
801 1621 873 1656 quo
891 1614 948 1646 est

162 1654 214 1690 ibi
250 1665 448 1701 processus
482 1656 585 1692 verbi
620 1667 642 1692 a
668 1657 829 1693 dicente.
856 1659 948 1693 Item

163 1700 288 1747 potius
300 1701 477 1739 describit
489 1702 621 1739 Filium
639 1703 701 1739 Dei
715 1705 784 1740 sub
797 1704 948 1740 nomine

163 1748 290 1793 Verbi,
319 1759 432 1794 quam
460 1750 528 1785 sub
554 1750 707 1786 nomine
734 1750 829 1795 Filii,
860 1751 949 1797 quia

161 1794 265 1831 filius
291 1796 414 1831 solum
441 1795 530 1832 dicit
556 1797 875 1843 comparationem
901 1798 949 1834 ad

161 1844 323 1888 patrem,
344 1844 499 1879 verbum
524 1854 611 1879 vero
641 1844 730 1880 dicit
750 1855 943 1891 compara-

163 1888 321 1933 tionem,
351 1900 427 1925 non
452 1890 575 1927 solum
596 1891 643 1926 ad
663 1891 861 1935 dicentem,
885 1892 949 1928 sed

163 1934 277 1971 etiam
297 1936 345 1972 ad
361 1936 399 1972 id
420 1937 522 1983 quod
537 1948 605 1983 per
622 1939 776 1974 verbum
799 1938 948 1982 dicitur,

163 1992 234 2018 nec
248 1993 325 2018 non
344 1984 392 2020 ad
412 1994 541 2020 vocem
563 1995 675 2030 quam
693 1985 828 2029 induit,
849 1989 886 2021 et
903 1986 950 2021 ad

162 2028 373 2066 doctrinam
399 2041 497 2077 quae,
522 2031 712 2068 mediante
744 2033 873 2075 verbo,
895 2032 947 2068 uin

161 2075 280 2112 altero
302 2077 475 2114 efficitur.
499 2078 592 2121 Quia
610 2078 725 2124 Igitur
746 2079 811 2115 Dei
836 2079 950 2115 Filius

162 2122 276 2159 debet
308 2123 369 2159 hic
401 2125 576 2169 describi,
616 2136 692 2161 non
728 2128 875 2162 tantum
912 2126 950 2161 in

161 2170 443 2221 comparatione
458 2172 504 2207 ad
522 2173 671 2208 Patrem
691 2183 713 2208 a
728 2183 802 2218 quo
822 2183 950 2219 proce-

163 2216 232 2260 dit,
245 2217 311 2252 sed
328 2217 442 2253 etiam
459 2219 507 2254 ad
525 2224 716 2255 creaturas
734 2230 828 2265 quas
848 2219 948 2264 fecit,

163 2265 201 2298 et
225 2263 274 2298 ad
294 2274 445 2300 carnem
467 2276 580 2310 quam
607 2265 744 2311 induit,
770 2269 806 2302 et
836 2266 949 2302 docu-

163 2312 292 2345 menta
308 2320 391 2355 quae
411 2311 589 2357 praebuit3
611 2313 950 2358 congruentissime

163 2358 201 2392 et
240 2356 502 2395 decentissime
542 2359 612 2395 sub
644 2359 794 2395 nomine
838 2360 950 2396 Verbi

163 2402 389 2455 describitur
429 2417 438 2441 z
477 2404 564 2451 quia
601 2416 739 2442 nomen
771 2406 865 2442 illud
902 2407 950 2443 ad

163 2459 290 2486 omnia
311 2452 526 2496 supradicta
544 2453 709 2498 respicit,
731 2464 801 2489 nec
822 2457 952 2499 posset

162 2497 240 2550 εῑψθ
253 2497 347 2533 coelo
364 2497 419 2534 ita
437 2508 588 2535 nomem
603 2500 830 2537 conveniens
850 2500 951 2536 inve-

167 2553 255 2580 n1r1.

211 2593 232 2626 5
270 2592 492 2629 PERSONALls
526 2593 655 2629 PATms
688 2605 730 2628 ET
764 2594 854 2629 F1L11
894 2605 948 2628 m-

166 2648 336 2675 srmcno.
347 2660 393 2666 —
404 2640 590 2683 Secundo,
601 2640 767 2676 declarat
780 2640 902 2676 Patris
913 2643 950 2675 et

165 2683 247 2721 Filii
286 2686 524 2732 personalem
561 2686 854 2730 distinctionem,
893 2686 949 2722 di-

166 2742 254 2769 cens
276 2744 284 2768 :
305 2735 354 2769 Et
385 2733 543 2770 Verbum
577 2737 655 2769 erat
692 2734 792 2779 apud
822 2735 948 2769 Deum.

170 2780 249 2815 Hoc
270 2790 409 2816 nomen
430 2781 541 2825 Deus,
561 2779 600 2816 in
619 2781 690 2817 hac
709 2780 877 2816 clausula
895 2783 952 2816 est

1012 257 1234 303 personale3
1256 256 1308 292 ita
1330 259 1384 300 ut,
1415 257 1570 293 Verbum
1594 259 1671 291 erat
1695 257 1795 302 apud

1012 307 1137 345 Deum,
1160 302 1347 349 significet
1366 303 1465 348 apud
1486 304 1601 339 Deum
1619 304 1767 339 Patrem
1784 313 1794 338 ι

1014 360 1163 395 semper
1183 349 1281 386 enim
1302 349 1340 385 in
1368 350 1478 385 Patre
1499 350 1624 393 Filius,
1649 359 1798 395 semper

1013 397 1051 432 in
1080 397 1169 432 Filio
1197 398 1319 432 Pater.
1350 397 1455 432 Unde
1475 397 1554 432 baec
1580 395 1796 443 praepositio

1014 444 1128 489 apud,
1150 454 1234 489 quae
1255 446 1311 479 est
1332 442 1527 479 transitiva
1550 452 1798 489 personarum

1016 494 1052 526 et
1073 489 1299 533 distinctiva,
1316 489 1529 526 distantiam
1551 488 1800 526 distinctionis

1014 536 1224 581 personalis
1265 536 1450 581 designat,
1492 547 1566 572 non
1609 535 1796 572 essentiae.

1016 583 1126 618 Nulla
1153 582 1252 618 enim
1287 593 1347 618 res
1378 582 1513 618 dicitur
1536 582 1687 629 proprie
1716 592 1800 619 esse

1017 630 1117 675 apud
1153 628 1407 674 semetipsam,
1436 629 1531 664 sicut
1563 640 1631 664 nec
1665 628 1802 675 aliquis

1017 679 1074 712 est
1091 676 1130 711 in
1149 676 1293 721 seipso3
1314 679 1350 711 et
1367 675 1451 712 ideo
1469 675 1568 711 inter
1585 676 1747 712 Verbum
1764 678 1803 712 et

1019 722 1261 769 Principium,
1289 722 1387 768 apud
1416 722 1517 767 quod
1543 725 1600 758 est
1622 723 1801 767 Verbum,

1018 773 1073 805 est
1108 768 1317 815 personalis
1351 768 1554 805 distinctio.
1582 770 1662 805 Non
1701 768 1803 805 enim

1018 817 1181 853 Verbum
1199 815 1366 862 procedit
1378 827 1400 852 a
1413 817 1522 852 Patre
1535 826 1603 862 per
1617 815 1804 852 actionem

1018 867 1275 899 transeuntem
1321 866 1438 907 extra,
1479 864 1544 898 sed
1585 866 1803 898 manentem

1019 910 1138 954 intra3
1170 912 1207 946 et
1236 909 1320 946 ideo
1354 911 1517 946 Verbum
1544 913 1670 946 manet
1704 909 1805 945 intra

1020 957 1112 993 illud
1132 957 1238 1002 qu'us
1259 960 1315 992 est
1334 957 1512 1001 Verbum,
1534 959 1662 992 tamen
1688 957 1735 992 ab
1758 966 1803 992 eo

1019 1003 1235 1040 distinctum
1261 1002 1500 1039 distinctione
1530 1002 1734 1049 personali,
1763 1005 1805 1038 ut

1016 1051 1095 1097 ¹jam
1127 1050 1268 1086 dictum
1294 1053 1351 1086 est
1382 1062 1389 1087 ε
1420 1049 1510 1096 quia
1543 1051 1699 1086 Verbum
1727 1052 1806 1085 erat

1020 1098 1120 1144 apud
1136 1100 1261 1138 Deum,
1287 1100 1326 1132 ut
1346 1096 1441 1132 alius
1459 1096 1558 1143 apud
1574 1095 1702 1132 alium.

1067 1148 1088 1187 4
1101 1145 1493 1180 CoxscsssTAxTiAmns
1504 1145 1633 1179 PArnis
1645 1155 1685 1178 ET
1700 1144 1802 1178 F1L11.

1021 1211 1065 1216 -—
1086 1191 1224 1234 Tertio,
1239 1191 1404 1226 declarat
1421 1190 1544 1226 Patris
1563 1193 1601 1226 et
1618 1189 1699 1226 Filii
1720 1200 1806 1226 con-

1022 1237 1390 1281 substantialitatem,
1449 1237 1525 1273 sive
1587 1235 1807 1273 substantiae

1021 1283 1218 1327 unitatem,
1228 1283 1357 1319 dicens
1368 1295 1375 1318 :
1387 1286 1434 1319 Et
1445 1286 1538 1319 Deus
1548 1287 1626 1319 erat
1635 1284 1806 1326 Verbum,

1022 1329 1075 1366 ita
1104 1330 1204 1375 quod
1235 1331 1315 1366 haec
1342 1330 1454 1366 dictio
1487 1332 1580 1366 Deus
1605 1329 1759 1376 ponitur
1784 1340 1808 1366 a

1022 1379 1128 1422 parte
1145 1376 1352 1422 praedicati,
1368 1376 1528 1412 dicendo
1546 1388 1554 1412 ;
1569 1377 1734 1413 Verbum
1750 1379 1809 1413 est

1024 1425 1134 1459 Deus.
1167 1422 1325 1459 Nomina
1351 1423 1452 1459 enim
1479 1426 1515 1459 et
1539 1424 1655 1459 verba
1681 1427 1806 1459 trans-

1022 1469 1145 1516 posita
1180 1469 1283 1506 idem
1309 1469 1534 1516 significant.
1560 1472 1637 1506 Hoc
1671 1480 1809 1507 nomen

1024 1519 1134 1560 Deus,
1159 1516 1197 1552 in
1223 1517 1292 1553 hac
1320 1517 1486 1553 clausula
1511 1520 1567 1552 est
1593 1516 1805 1562 essentiale,

1022 1567 1075 1606 ut,
1095 1564 1259 1599 Verbum
1282 1567 1338 1599 est
1372 1565 1483 1608 Deus,
1510 1563 1549 1599 id
1575 1567 1644 1609 est,
1674 1566 1809 1600 natura

1024 1614 1079 1646 est
1096 1610 1305 1646 substantia
1325 1610 1470 1654 divina3
1491 1621 1539 1646 ne
1559 1610 1705 1646 dicatur
1724 1620 1808 1646 esse

1024 1668 1108 1693 cum
1132 1658 1221 1702 Deo,
1244 1660 1281 1693 et
1300 1668 1376 1693 non
1398 1658 1509 1694 Deus.
1530 1657 1628 1693 Nihil
1649 1656 1749 1693 enim
1767 1656 1807 1693 in

1025 1705 1100 1740 Deo
1118 1706 1187 1750 est,
1216 1705 1316 1750 quod
1338 1705 1433 1740 Deus
1453 1715 1530 1740 non
1550 1703 1598 1740 sit
1616 1715 1624 1739 :
1645 1703 1733 1750 quia
1750 1707 1808 1741 to-

1024 1755 1084 1787 tus
1100 1750 1200 1787 idem
1221 1754 1291 1795 est,
1314 1754 1349 1787 et
1373 1750 1670 1788 substantialiter
1692 1750 1808 1787 idem.

1025 1798 1200 1841 Quamvis
1214 1809 1303 1844 ergo
1318 1799 1481 1834 Verbum
1496 1798 1544 1834 sit
1557 1798 1656 1844 apud
1674 1797 1808 1842 Deum,

1024 1855 1100 1880 non
1150 1847 1277 1881 tamen
1335 1848 1393 1881 est
1439 1845 1580 1890 aliquid
1621 1847 1811 1881 extraneae

1024 1895 1182 1936 naturae,
1216 1891 1310 1928 sicut
1345 1894 1401 1927 est
1436 1893 1592 1928 verbum
1617 1894 1808 1937 nostrum3

1025 1939 1091 1974 sed
1111 1942 1168 1975 est
1187 1943 1330 1975 naturae
1355 1938 1503 1982 divinae,
1530 1949 1611 1984 quae
1639 1937 1809 1979 indivisi-

1024 1985 1110 2022 bilis
1127 1989 1196 2030 est,
1223 1988 1259 2021 et
1275 1996 1351 2021 non
1373 1985 1667 2031 multiplicabilis
1689 1997 1698 2021 ;
1720 1985 1811 2032 quia

1025 2033 1128 2068 nullo
1154 2033 1266 2068 modo
1296 2035 1419 2079 potest
1451 2043 1533 2069 esse
1569 2032 1640 2068 nisi
1674 2043 1749 2069 una
1774 2035 1812 2069 et

1026 2079 1314 2125 simplicissima.
1357 2081 1402 2115 Et
1444 2079 1528 2115 ideo
1566 2080 1731 2116 Verbum
1773 2082 1812 2115 et

1026 2126 1255 2173 Principium
1275 2137 1298 2162 a
1311 2137 1384 2172 quo
1402 2129 1471 2170 est,
1485 2129 1572 2162 sunt
1586 2126 1685 2162 idem
1703 2125 1808 2172 peni-

1024 2177 1085 2208 tus
1116 2173 1155 2208 in
1187 2177 1343 2214 natura:
1377 2173 1560 2219 quamvis,
1593 2175 1633 2209 ut
1667 2173 1809 2209 dictum

1025 2223 1094 2265 est,
1117 2220 1395 2266 distinguantur
1422 2219 1460 2255 in
1485 2230 1659 2265 persona.
1689 2221 1735 2256 Et
1756 2219 1810 2256 sic

1023 2266 1062 2301 in
1093 2266 1165 2303 ista
1197 2266 1377 2310 clausula,
1404 2266 1644 2312 implicantur
1676 2277 1810 2303 omnes

1023 2316 1100 2349 tres
1127 2324 1297 2360 personae
1326 2325 1334 2349 t
1369 2314 1480 2349 Pater
1505 2313 1544 2349 in
1565 2314 1635 2349 hoc
1656 2313 1811 2350 nomine

1024 2363 1131 2401 Deus,
1152 2360 1265 2396 Filius
1281 2360 1321 2396 in
1338 2360 1488 2396 nomine
1510 2361 1632 2402 Verbi,
1651 2359 1811 2406 Spiritus

1026 2408 1185 2444 Sanctus
1204 2407 1243 2443 in
1260 2407 1526 2454 praepositione
1545 2407 1659 2453 apud.

1073 2457 1092 2489 5
1114 2455 1366 2491 COAETERNITAS
1400 2455 1530 2490 PATms
1564 2466 1606 2489 ET
1639 2455 1742 2490 F1L11.
1764 2474 1808 2481 --

1025 2501 1177 2545 Quarto,
1190 2501 1357 2538 declarat
1372 2501 1494 2537 Patris
1509 2504 1546 2537 et
1559 2500 1640 2537 Filii
1661 2503 1813 2537 coaeter-

1026 2547 1196 2592 nitatem,
1215 2548 1346 2585 dicens
1365 2559 1373 2584 :
1388 2550 1463 2584 Hoc
1478 2551 1556 2584 erat
1572 2550 1611 2582 in
1625 2549 1814 2593 principio

1025 2595 1126 2640 apud
1161 2597 1282 2632 Deum.
1310 2597 1388 2631 Hoc
1415 2594 1555 2631 scilicet
1575 2594 1739 2630 Verbum
1761 2594 1810 2630 de

1026 2651 1099 2686 quo
1132 2641 1277 2678 locutus
1309 2642 1443 2686 fuerat,
1478 2644 1534 2677 est
1569 2641 1668 2686 apud
1696 2643 1807 2676 Deum

1026 2689 1176 2725 Patrem
1214 2699 1238 2725 a
1273 2688 1457 2735 principio
1494 2686 1729 2731 aeternitatis,
1768 2687 1807 2723 id

1025 2738 1095 2779 est,
1117 2739 1204 2772 ante
1224 2735 1350 2772 secula
1369 2738 1406 2771 et
1427 2734 1667 2770 aeternaliter.
1694 2733 1805 2777 Quasi

1024 2781 1124 2818 dicat
1145 2794 1153 2819 ε
1176 2784 1252 2819 Hoc
1277 2782 1343 2818 Dei
1362 2782 1526 2818 Verbum
1554 2791 1760 2827 numquam
1784 2791 1808 2816 a
