1902 3126
164 162 225 196 202
640 159 784 194 PRIMAE
821 159 980 195 PARTIS
1018 158 1156 193 CAPUT
1193 156 1298 191 XXII

163 229 242 266 lum
263 232 348 265 ante
377 227 529 270 corruit,
554 229 592 262 et
623 237 827 273 numquam
853 227 932 263 sine

163 287 249 313 casu
274 275 446 311 diabolus
480 274 673 310 adoratur.
704 275 806 311 Unde
842 275 933 310 Am-

163 324 304 358 brosius
326 335 336 357 ε
368 336 387 354 «
413 322 530 357 Habet
559 320 659 356 enim
690 321 845 358 ambitio
865 322 931 357 do-

163 370 355 406 mesticum
374 369 593 415 periculum,
605 370 646 405 et
662 371 703 404 ut
719 368 933 405 dominetur

163 416 245 453 aliis
279 418 382 462 prius
408 415 534 459 servit,
559 419 597 451 et
628 419 802 452 curvatur
824 417 932 452 obse-

162 463 265 510 quio,
279 467 318 499 ut
334 464 476 499 bonore
495 463 670 507 donetur,
690 466 729 498 et
747 463 834 499 dum
854 463 934 498 vult

161 519 245 546 esse
278 509 487 553 sublimior,
513 509 555 544 fit
576 509 782 546 remissior.
805 509 933 546 Omnis

164 557 318 604 quidem
340 560 520 603 potestas,
558 559 595 592 et
623 557 810 592 ordinatio
833 561 935 602 pote-

163 608 301 640 statum
321 614 343 639 a
361 605 435 640 Deo
455 603 598 647 est,sed
617 614 639 640 a
655 604 754 639 malo
774 606 936 649 potesta-

162 652 211 687 tis
241 650 418 695 ambiti03
443 661 509 687 nec
538 655 595 686 est
629 654 795 696 potestas
823 651 934 693 mala,

164 698 229 734 sed
248 698 280 733 is
296 697 358 743 qui
382 698 478 733 male
511 697 626 734 utitur
645 701 842 743 potestate.
867 698 935 732 Do-

164 755 293 781 cemur
331 755 419 790 ergo
452 744 697 780 ambitionem
730 744 935 790 despicere,

164 802 209 828 eo
232 791 332 837 quod
360 791 556 827 diabolicae
588 792 756 837 subjacet
775 794 937 837 potesta-

163 838 192 873 ti
214 849 221 873 :
243 852 261 870 »
286 840 364 873 haec
385 839 611 874 Ambrosius.

217 888 257 920 18
284 887 424 920 Ixicnm
451 896 601 920 rnoriuA
624 894 845 927 TOLERANDA,
875 894 937 918 sm)

165 943 237 968 Nox
258 944 395 967 miram
429 943 554 966 1LLATA
591 932 680 974 Deo,
704 942 760 966 cci
780 942 857 966 som
875 942 937 965 LA-

164 990 255 1014 ·rmffi
293 990 423 1014 CL'LTL'S
450 989 620 1013 DEBETL'R.
649 998 695 1002 —
722 978 793 1013 Sed
821 982 856 1013 et
878 977 938 1012 hic

166 1025 354 1062 homicida
374 1025 436 1059 ille
458 1023 665 1067 succubuit,
684 1027 720 1059 et
739 1025 937 1068 Dominus,

164 1076 202 1108 et
223 1072 342 1106 victor
373 1071 595 1106 auctoritate
628 1070 754 1107 divina
779 1071 936 1107 commi-

164 1121 275 1154 natus
290 1128 376 1161 eum
395 1117 531 1163 abJecit
546 1122 583 1154 et
596 1118 798 1154 abscedere
810 1118 934 1164 jussit.

166 1167 264 1200 Tunc
284 1164 387 1200 enirn
409 1165 498 1199 (licit
521 1167 666 1200 eides-us
682 1178 692 1200 .-
709 1166 810 1201 Vade
830 1169 863 1201 et
883 1176 939 1201 re-

166 1212 256 1247 cede
277 1222 296 1246 a
317 1222 390 1255 me,
404 1211 591 1247 scilicetin
603 1211 727 1257 ignem
741 1216 936 1257 aeternum,

164 1260 317 1298 Satancz,
342 1257 404 1303 qui
430 1258 577 1294 veritati
601 1262 640 1294 et
660 1259 854 1295 hominum
875 1270 936 1295 sa-

164 1305 233 1341 luti
255 1304 478 1340 adversaris.
505 1307 545 1340 In
579 1315 666 1351 quo,
688 1309 728 1341 ut
760 1308 811 1341 ait
831 1308 940 1350 Chry-

127 1367 130 1369 *
164 1355 353 1392 sostomus,
376 1352 489 1387 finem
510 1352 680 1387 tentandi
702 1352 852 1388 diabolo
873 1363 940 1398 po-

166 1398 234 1443 nit,
249 1409 295 1434 ne
317 1399 579 1444 progrediatur
596 1399 753 1435 ulterius
774 1403 938 1436 tentans.

166 1447 349 1482 Continuo
371 1445 470 1481 enim
488 1446 593 1481 illum
614 1446 653 1481 in
667 1446 792 1491 fugam
813 1446 938 1490 vertit,

165 1503 286 1538 neque
305 1492 388 1528 aliis
404 1493 481 1538 Jam
504 1503 588 1529 eum
615 1503 680 1538 per
699 1493 942 1539 semetipsum

165 1539 437 1575 tentationibus
458 1539 626 1585 appetiit.
650 1540 718 1575 Ubi
739 1540 853 1576 etiarn
873 1541 940 1576 do-

166 1595 294 1621 cemur
313 1587 485 1631 proprias
506 1586 662 1632 injurias
681 1591 846 1632 portare,
876 1587 942 1622 sed

165 1632 267 1668 nullo
284 1633 394 1667 modo
408 1633 471 1668 Dei
487 1633 644 1679 injurias
654 1634 941 1669 tolerare.Unde

165 1678 265 1715 idem
285 1680 558 1721 Chrys-estonum
580 1693 590 1714 :
615 1693 632 1713 «
654 1680 836 1724 Christus,
857 1691 941 1716 cum

170 1735 305 1772 passus
338 1726 468 1761 fuisset
507 1726 723 1762 tentationis
749 1727 942 1773 injuriam,

165 1772 314 1808 dicente
334 1772 404 1808 sibi
422 1773 570 1809 diabolo
593 1786 600 1809 :
618 1774 653 1810 Si
676 1774 788 1809 Filius
808 1775 872 1810 Dei
889 1786 942 1819 es,

166 1819 271 1855 mitte
295 1823 330 1854 te
363 1820 553 1863 deorsum,
576 1831 650 1856 non
671 1825 726 1856 est
756 1823 942 1866 turbatus,

164 1876 234 1902 nec
254 1866 446 1902 diabolum
463 1867 681 1912 increpavit.
700 1869 803 1904 Nunc
818 1873 943 1904 autem

166 1913 318 1958 quando
344 1913 514 1948 diabolus
555 1913 620 1949 Dei
647 1914 716 1950 sibi
749 1915 943 1961 usurpavit

165 1960 364 2002 honorem,
394 1959 522 1995 dicens
550 1972 558 1995 :
596 1963 682 1996 Haec
717 1962 843 1998 omnia
875 1962 943 1998 tibi

165 2006 277 2049 dabo,
298 2006 325 2040 si
345 2006 496 2050 cadens,
519 2007 735 2044 adoraveris
761 2019 835 2052 me,
858 2019 942 2045 exa-

166 2057 337 2098 speratus
357 2057 413 2088 est
437 2057 472 2088 et
493 2054 630 2100 repulit
661 2065 762 2099 eum,
783 2056 912 2091 dicens
932 2067 939 2091 :

165 2100 283 2142 Vade,
306 2101 468 2143 Satana3
491 2105 530 2136 ut
548 2112 616 2136 nos
635 2101 734 2138 illius
755 2102 943 2139 discamus

165 2146 334 2198 exemplo
354 2150 501 2182 nostras
517 2148 668 2193 quidem
685 2149 843 2195 injurias
864 2160 940 2186 ma-

163 2196 394 2238 gnanimiter
415 2194 615 2239 sustinere,
641 2195 706 2231 Dei
736 2199 862 2232 autem
882 2197 941 2232 in-

160 2239 283 2285 jurias
304 2250 429 2292 neque
450 2251 569 2286 usque
601 2242 649 2277 ad
671 2243 841 2279 auditum
869 2244 943 2280 sut'-

162 2285 287 2329 ferre;
319 2297 495 2338 quoniam
525 2287 563 2322 in
596 2290 759 2334 propriis
794 2290 941 2335 injuriis

164 2342 247 2369 esse
273 2343 488 2385 quempiam
521 2334 725 2379 patientem
751 2336 940 2373 laudabile

165 2383 253 2432 est„
274 2390 430 2432 1nJurias
453 2384 580 2416 autem
606 2382 672 2417 Dei
704 2382 941 2421 dissimulare

163 2436 276 2462 nlmls
298 2437 455 2472 impium
475 2432 544 2463 est.
564 2441 583 2460 >2
612 2429 681 2464 Ubi
704 2432 741 2464 et
761 2432 939 2476 Hierony-

163 2483 243 2509 mus
263 2486 273 2508 .·
290 2486 307 2506 «
324 2474 405 2509 Non
424 2477 466 2510 ut
477 2475 647 2520 plerique
660 2479 793 2522 putant
804 2479 938 2514 eadem

164 2519 336 2565 Satanas,
364 2523 405 2556 ut
440 2522 641 2567 Apostolus
677 2523 824 2567 Petrus,
854 2536 938 2560 sen-

161 2567 281 2619 tentia
300 2567 599 2614 condemnatur3
622 2570 735 2605 Petro
759 2571 858 2605 enim
883 2572 939 2607 di-

164 2616 263 2650 cltur
283 2625 292 2649 ι
315 2615 417 2650 Vade
430 2619 526 2651 retro
545 2626 613 2657 me,
635 2617 787 2657 Satana,
809 2617 847 2652 id
868 2622 938 2661 est,

165 2670 323 2706 sequere
344 2671 404 2697 me
427 2661 491 2707 qui
518 2662 731 2699 contrarius
758 2673 798 2699 es
816 2664 943 2700 volun-

165 2708 233 2743 tati
257 2718 371 2751 meae3
400 2708 460 2745 hic
479 2719 566 2745 vero
583 2710 688 2746 audit
710 2721 719 2745 ι
741 2710 856 2755 Vade,
879 2712 942 2747 Sa-

165 2756 268 2799 tana,
290 2759 326 2791 et
357 2766 431 2791 non
453 2756 590 2792 dicitur
617 2757 651 2793 ei
678 2759 779 2793 retro
804 2767 878 2802 me,
902 2762 943 2794 ut

1006 225 1252 263 subaudiatur
1277 236 1286 260 :
1323 223 1426 260 Vade
1445 223 1485 259 in
1513 223 1642 269 ignem
1667 227 1775 260 aeter-

1006 284 1094 310 num
1115 272 1178 320 qui
1209 274 1361 318 paratus
1377 275 1435 307 est
1461 270 1541 314 tibi,
1563 275 1598 307 et
1624 271 1776 317 Angelis

1004 321 1091 357 tuis.
1113 334 1132 352 »
1171 319 1310 355 Deinde
1346 317 1526 354 Dominus
1550 317 1742 364 subJ'ungit
1764 328 1776 354 :

1006 370 1190 413 Scriptum
1226 369 1278 402 est
1315 368 1422 406 enim,
1460 365 1561 401 omni
1596 363 1740 400 homini
1766 375 1777 400 ι

1006 417 1197 451 Dominum
1216 412 1542 456 omnium,scilicet
1559 422 1626 458 per
1644 415 1780 457 poten—

1006 461 1111 505 tiam,
1132 463 1258 502 Deum,
1284 459 1427 496 scilicet
1454 470 1519 505 per
1539 459 1782 503 creationem,

1008 512 1122 549 tuum,
1140 507 1281 543 scilicet
1300 506 1361 552 qui
1382 507 1493 542 debet
1509 517 1591 542 esse
1616 509 1701 542 tuus
1716 515 1786 558 per

1008 555 1148 590 cultum
1175 553 1389 599 specialem,
1412 554 1598 595 adorabis,
1622 553 1782 589 interius

1007 601 1097 645 fide,
1119 611 1197 646 spe,
1219 603 1256 635 et
1275 599 1470 643 charitate,
1489 603 1522 634 et
1540 601 1599 635 illi
1618 601 1688 636 soli
1706 610 1781 635 ser-

1008 651 1096 689 vies,
1116 645 1278 683 exterius
1298 645 1478 681 servitute
1496 646 1629 682 latriae.
1650 645 1697 683 Et
1714 655 1783 692 per

1009 696 1094 737 hoe,
1117 693 1321 729 secundum
1342 693 1603 738 Auqustinum‚
1629 703 1701 728 non
1722 703 1784 729 ex-

1011 740 1171 777 cluditur
1188 739 1347 776 servitus
1367 739 1492 775 debita
1512 738 1672 775 dominis
1690 741 1788 775 tem-

1011 787 1218 835 poralibus.
1235 787 1508 830 Et,secundum
1525 787 1671 827 Beatam,
1680 785 1788 832 jube-

1013 846 1096 871 mur
1116 834 1176 870 hic
1192 833 1261 870 soli
1284 835 1359 869 Deo
1380 833 1520 869 servire
1536 833 1714 869 servitute
1736 832 1787 869 la-

1013 882 1108 928 triae,
1126 892 1207 928 quae
1225 881 1295 917 soli
1315 880 1520 916 divinitatis
1535 879 1651 916 cultui
1672 880 1786 916 debe-

1013 933 1073 966 tur
1101 941 1109 973 ;
1152 929 1253 965 unde
1291 931 1327 964 et
1368 927 1420 972 hi,
1446 927 1507 973 qui
1544 929 1640 963 hanc
1677 925 1788 962 idolis

1013 976 1249 1023 impendunt,
1260 976 1488 1016 idololatriae,
1500 976 1765 1019 nuncupantur
1777 983 1787 1016 3

1014 1035 1080 1060 seu
1106 1025 1152 1059 ab
1176 1023 1353 1068 Apostolo
1374 1023 1552 1067 jubemur
1570 1031 1638 1067 per
1665 1019 1787 1056 chari-

1013 1074 1128 1107 tatem
1146 1070 1304 1105 invicem
1314 1069 1453 1105 servire
1468 1070 1646 1104 servitute
1658 1068 1780 1111 duliae,

1014 1128 1096 1163 quae
1129 1116 1339 1152 communis
1375 1120 1445 1159 est,
1470 1115 1547 1151 sive
1585 1117 1672 1159 Deo,
1705 1113 1784 1150 sive

1014 1164 1172 1208 homini,
1195 1164 1271 1199 sive
1297 1162 1450 1199 cuilibet
1475 1172 1604 1198 rerum
1628 1164 1782 1197 naturae.

1015 1214 1158 1257 Itaque,
1182 1214 1223 1246 ut
1247 1210 1300 1246 ait
1319 1211 1430 1250 Beda,
1457 1210 1587 1245 dicens
1620 1207 1792 1244 diabolus

1016 1257 1212 1301 Salvatori,
1253 1257 1297 1300 si,
1324 1256 1537 1302 procidens,
1576 1253 1792 1291 adoraveris

1015 1316 1076 1341 me
1099 1316 1107 1348 ;
1136 1315 1156 1340 e
1183 1303 1371 1339 contrario
1396 1302 1539 1338 audivit
1573 1302 1672 1348 quod
1710 1301 1791 1348 ipse

1015 1351 1135 1396 magis
1167 1350 1326 1386 adorare
1349 1350 1485 1385 debeat
1504 1359 1590 1385 eum
1613 1350 1731 1385 Deum
1751 1349 1792 1385 et

1017 1397 1218 1434 Dominum
1245 1407 1370 1441 suum,
1397 1395 1505 1442 quasi
1528 1396 1598 1432 sibi
1620 1396 1789 1432 diceret:

1015 1447 1097 1481 Non
1130 1455 1199 1490 ego
1232 1447 1282 1488 te,
1306 1444 1371 1479 sed
1409 1448 1450 1480 tu
1486 1454 1546 1479 me
1585 1443 1712 1487 debes,
1751 1444 1794 1479 ut

1018 1494 1149 1535 Deum,
1171 1491 1345 1527 adorare.
1366 1491 1439 1527 Sed
1458 1490 1628 1526 adoratio
1647 1488 1788 1526 diaboli

1017 1538 1260 1585 subjectionis
1278 1541 1348 1583 est,
1370 1548 1446 1573 non
1466 1536 1690 1573 devotionis.

1069 1602 1109 1633 19
1128 1586 1227 1622 Onno
1254 1596 1485 1620 TENTATIONIS
1515 1595 1703 1625 nonnsouss
1726 1594 1797 1620 EAM

1016 1644 1196 1668 VINCENDI.
1240 1653 1287 1658 —
1323 1634 1374 1667 Ex
1405 1631 1619 1677 supradicto
1664 1630 1796 1667 ordine

1018 1679 1237 1716 tentationis
1258 1682 1372 1724 patet,
1393 1678 1495 1724 quod
1511 1677 1683 1714 diabolus
1698 1677 1796 1714 ince-

1018 1727 1072 1773 pit
1089 1738 1111 1762 a
1125 1726 1342 1769 levioribus,
1355 1729 1390 1761 et
1403 1725 1570 1771 procedit
1589 1725 1636 1761 ad
1653 1724 1795 1770 gravia,

1019 1774 1153 1810 deinde
1168 1774 1213 1809 ad
1231 1773 1404 1818 graviora
1421 1776 1458 1808 et
1470 1772 1622 1808 tandem
1641 1772 1688 1807 ad
1707 1782 1793 1817 gra-

1018 1819 1328 1865 vissima.lncepit
1342 1819 1441 1855 enim
1454 1830 1476 1854 a
1489 1819 1697 1855 tentatione
1708 1817 1795 1863 levi,

1019 1868 1181 1914 quando*
1204 1866 1362 1902 tentavit
1397 1866 1589 1902 Christum
1622 1866 1668 1901 de
1690 1865 1793 1912 gula,

1019 1926 1101 1961 quae
1123 1913 1280 1950 tentatio
1308 1913 1399 1949 levis
1423 1916 1492 1956 est,
1517 1912 1677 1949 maxime
1697 1917 1790 1949 tem-

1017 1972 1108 2008 pore
1128 1960 1257 2004 t'amis;
1280 1959 1491 1996 etfinaliter
1503 1964 1586 2006 post
1606 1959 1698 1996 alias
1709 1970 1792 2006 per-

1018 2008 1119 2044 venit
1137 2008 1185 2044 ad
1204 2006 1440 2053 gravissima,
1462 2007 1612 2052 quando
1633 2005 1791 2043 tentavit

1017 2057 1103 2092 eum
1125 2056 1172 2091 de
1192 2054 1416 2090 idololatria.
1434 2054 1530 2090 Vicit
1540 2057 1666 2090 autem
1683 2053 1788 2090 Chri-

1018 2107 1096 2139 stus
1132 2102 1232 2148 ipsas
1270 2101 1510 2144 tentationes,
1548 2100 1602 2136 eis
1639 2100 1679 2136 in
1712 2100 1792 2137 suis

1015 2148 1212 2196 principiis
1240 2147 1440 2185 obviando.
1468 2149 1561 2183 Nam
1587 2157 1671 2183 mox
1702 2157 1790 2184 cum

1018 2197 1188 2233 diabolus
1212 2194 1440 2232 tentationes
1466 2194 1665 2238 inferebat,
1683 2193 1791 2230 Chri-

1017 2248 1098 2280 stus
1116 2254 1181 2279 eas
1197 2242 1415 2289 repellebat.
1439 2241 1498 2278 Sic
1517 2245 1553 2277 et
1575 2242 1687 2277 homo
1706 2251 1793 2277 mox

1017 2295 1057 2327 ut
1075 2290 1214 2326 diaboli
1234 2289 1459 2325 tentationes
1479 2288 1652 2332 senserit,
1671 2298 1735 2324 eas
1751 2287 1792 2324 in

1018 2349 1084 2374 suo
1111 2337 1220 2373 initio
1246 2337 1358 2372 debet
1386 2336 1583 2382 repellere.
1611 2337 1718 2380 Nam,
1748 2337 1792 2371 ut

1017 2385 1107 2421 dicit
1122 2386 1383 2428 Hieronymus:
1405 2397 1424 2416 «
1439 2382 1621 2419 Lubricus
1639 2386 1696 2418 est
1713 2392 1789 2418 ser-

1016 2442 1109 2478 pens
1140 2430 1330 2476 antiquus,
1355 2433 1391 2466 et
1421 2429 1492 2465 nisi
1519 2429 1639 2475 capite
1658 2432 1790 2465 tenea-

1016 2483 1090 2523 tur,
1107 2482 1206 2514 totus
1221 2477 1346 2513 statim
1360 2476 1536 2513 illabitur.
1555 2477 1672 2512 Habet
1691 2475 1792 2512 enim

1018 2536 1172 2571 serpens
1191 2523 1389 2560 infernalis
1405 2527 1530 2570 caput,
1552 2523 1695 2559 scilicet
1713 2532 1790 2559 ma-

1017 2573 1092 2608 lam
1109 2571 1407 2617 suggestionem3
1430 2572 1542 2607 habet
1557 2580 1705 2616 corpus,
1722 2567 1791 2606 sci-

1017 2619 1103 2655 licet
1116 2629 1343 2655 consensum
1357 2630 1366 2662 3
1379 2619 1492 2654 habet
1505 2618 1676 2659 caudam,
1696 2615 1794 2652 scili-

1019 2669 1075 2701 cet
1095 2665 1220 2712 operis
1240 2664 1615 2701 consummationem.
1640 2663 1707 2700 Ubi
1727 2673 1788 2700 au-

1017 2715 1094 2749 tem
1119 2712 1226 2759 ponit
1247 2715 1359 2758 caput
1377 2711 1641 2758 suggestionis,
1662 2709 1789 2747 statim

1018 2760 1121 2804 ponit
1137 2770 1271 2806 corpus
1290 2769 1498 2796 consensus
1515 2770 1525 2803 3
1543 2761 1582 2795 et
1597 2757 1663 2794 ubi
1682 2755 1790 2804 ponit
