1876 3126
151 145 211 178 320
599 140 743 174 PRIMAE
779 139 933 174 PARTIS
972 139 1112 173 CAPUT
1149 139 1345 172 xxxvlll

152 213 270 246 stinus
293 221 302 245 ;
326 224 343 241 ‹<
375 210 451 244 Hoc
485 208 567 243 loco
593 208 836 243 veliementer
864 218 924 243 ca-

157 257 317 292 vendum
327 258 395 297 est,
406 266 451 290 ne
461 265 546 289 cum
554 254 757 290 viderimus
766 253 927 299 aliquem

155 313 304 339 servum
334 302 394 337 Dei
418 301 627 347 providere,
648 312 693 337 ne
713 301 785 337 ista
804 311 928 337 neces-

155 349 254 386 saria
279 348 362 392 sibi,
384 348 440 383 vel
463 348 534 383 sibi
560 347 767 383 commissis
787 347 925 391 desint,

150 396 361 442 judicemus
382 406 468 431 eum
491 399 622 430 eontra
647 399 832 440 praecepta
859 396 928 430 Do-

154 442 245 479 mini
266 444 402 486 sacci-e,
424 446 460 477 et
478 442 523 477 de
545 442 707 477 crastino
727 441 927 477 sollicitum

154 501 250 526 esse.
274 492 365 525 Nam
386 493 422 524 et
442 488 522 534 ipse
543 488 723 525 Dominus
741 488 798 524 cui
823 488 928 524 mini-

157 538 327 572 strabant
360 536 505 581 Augen,
533 539 686 581 propter
717 536 927 580 exemplum

157 587 194 619 et
211 584 258 619 ad
272 583 549 618 informandam
561 582 777 626 Ecclesiam,
789 582 929 617 loculos

155 631 296 666 habere
319 629 492 676 dignatus
515 632 583 672 est,
605 640 653 665 ne
674 629 756 674 quis
788 629 826 663 in
858 629 929 663 hoc

155 677 371 713 scandalum
405 680 608 722 pateretur.
645 689 663 708 »
692 678 736 711 Et
760 675 894 710 iterum
918 685 926 709 ε

159 723 298 760 «Satis
334 726 489 769 apparet
526 722 727 758 Dominum
760 725 929 756 nostrum

155 781 232 806 non
257 771 328 805 hoc
352 770 578 816 improbare,
603 769 632 804 si
661 769 742 820 quis
767 769 929 802 humano

1001 206 1291 253 acquisitionem
1340 206 1542 242 intueatur.
1583 206 1640 241 Ad
1682 206 1778 242 hanc

999 265 1088 299 ergo
1112 254 1286 298 regulam
1317 253 1387 288 hoe
1414 257 1531 288 totum
1551 255 1778 298 praeceptum

999 301 1148 346 redigit,
1178 304 1215 336 ut
1236 300 1351 335 etiam
1373 300 1408 334 in
1431 299 1588 344 istorum
1618 298 1776 345 provisi-

999 359 1069 383 one
1086 357 1243 392 reguum
1262 347 1326 382 Dei
1342 347 1572 392 cogitemu53
1588 345 1628 381 in
1644 344 1779 384 militia

999 405 1085 430 vero
1107 393 1213 440 regni
1237 394 1301 429 Dei
1322 393 1392 429 ista
1410 404 1483 428 non
1503 392 1725 438 cogitemus,
1738 391 1776 427 et

1000 440 1159 486 simplici
1192 441 1303 476 corde
1332 440 1589 476 tantummodo
1620 441 1774 485 propter

999 498 1157 533 regnum
1187 487 1253 523 Dei
1275 488 1453 523 debemus
1474 486 1622 532 operari
1640 486 1780 522 bonum

999 535 1047 570 ad
1067 544 1219 577 omnes;
1239 545 1313 569 non
1335 538 1460 570 autem
1487 534 1525 569 in
1548 534 1617 569 hac
1643 542 1776 578 opera-

1001 581 1116 623 tione,
1138 580 1194 615 vel
1217 580 1428 623 solain,.vel
1455 591 1539 616 cum
1567 589 1682 625 regno
1710 577 1778 614 Dei

1001 626 1213 662 mercedem
1234 627 1497 672 temporalium
1517 626 1696 672 cogitare.
1724 626 1780 660 Ita

1001 673 1099 708 enim
1127 673 1239 708 etiam
1269 672 1298 707 si
1334 672 1536 718 aliquando
1574 671 1777 716 defuerint,

1001 719 1101 765 quod
1120 719 1339 764 plerumque
1364 723 1517 765 propter
1543 717 1778 755 exercitatio-

1001 776 1087 801 nem
1113 768 1282 800 nostram
1309 767 1406 801 Deus
1429 765 1531 809 sinit,
1556 776 1634 801 non
1659 764 1780 800 solum

1000 823 1078 848 non
1099 812 1299 848 debilitant
1324 812 1561 858 propositum
1592 814 1778 854 nostrum,

1004 859 1069 894 sed
1106 860 1220 894 etiam
1257 859 1511 896 examinatum
1546 856 1780 905 propositum

1005 905 1232 942 confirmant
1254 917 1262 941 :
1286 918 1304 940 »
1325 906 1407 942 haec
1427 907 1673 951 Auquscinus.

156 827 261 852 more
279 816 351 852 ista
371 820 566 862 procuret,
590 815 655 850 sed
686 826 715 850 si
748 813 830 859 quis
849 824 932 857 pro-

154 867 237 910 pter
257 863 328 899 ista
353 865 428 899 Deo
450 862 597 904 militet,
618 865 655 896 ut
689 860 729 895 in
754 860 931 905 operibus

157 910 233 946 suis
267 920 343 946 non
379 919 537 955 regnum
563 907 735 951 Deissed
774 907 932 942 istorum

888 1052 1058 1088 ORATIO

202 1170 359 1208 Domine
377 1172 467 1206 Jesu
486 1168 646 1213 Christe,
665 1168 722 1205 fac
742 1178 803 1203 me
830 1179 905 1204 non
929 1168 1183 1204 thesaurizare
1214 1168 1253 1204 in
1272 1172 1374 1205 terra
1395 1168 1648 1205 emolumenta
1665 1170 1786 1203 terre·

156 1228 304 1262 norum,
327 1217 393 1252 sed
416 1217 453 1252 in
474 1216 567 1252 coelo
588 1215 743 1261 praemia
763 1215 1001 1259 meritorum3
1023 1219 1059 1251 et
1079 1215 1166 1260 quia
1185 1226 1294 1251 nemo
1315 1219 1438 1262 potest
1455 1216 1599 1251 duobus
1625 1213 1786 1251 dominis

154 1265 295 1301 servire
326 1275 392 1310 per
425 1262 730 1299 contrarietatem
767 1263 1046 1308 obsequiorum,
1069 1262 1187 1298 libera
1213 1274 1272 1298 me
1308 1274 1330 1299 a
1367 1262 1532 1298 dominio
1553 1265 1588 1297 et
1611 1260 1787 1297 servitute

156 1311 300 1356 mundi,
322 1311 447 1346 carnis
466 1313 500 1346 et
513 1309 667 1353 diaboli,
686 1312 727 1345 ut
740 1309 939 1355 respiciam
959 1309 1291 1355 contemplationes
1306 1311 1489 1353 ccelestes,
1504 1319 1580 1344 non
1592 1312 1762 1344 terrenas
1772 1318 1784 1350 .;

157 1359 278 1405 adjice
296 1358 343 1394 ad
365 1361 547 1393 staturam
568 1360 710 1392 naturae
729 1366 822 1392 meae
841 1357 1004 1392 cubitum
1032 1356 1162 1402 gratiae
1188 1357 1227 1392 in
1249 1356 1440 1403 praesenti,
1465 1359 1501 1392 ct
1523 1355 1651 1402 gloriae
1668 1356 1706 1391 in
1728 1354 1784 1390 fu-

156 1409 256 1449 turo,
278 1408 319 1441 ut
341 1405 576 1440 considerem
596 1403 675 1439 lilia
694 1402 786 1449 agri,
808 1403 963 1438 devotos
980 1403 1169 1449 Ecclesiae,
1193 1407 1387 1450 coopertos
1411 1403 1592 1439 virtutum
1609 1401 1784 1445 candore,

155 1452 395 1499 potiusquam
416 1452 559 1487 foenum
579 1450 711 1486 divites
739 1449 853 1485 seculi
882 1449 1086 1486 mittendos
1115 1450 1155 1486 in
1177 1451 1365 1487 clibanum
1392 1451 1586 1496 gehennae.
1614 1450 1785 1493 Quaeram

154 1499 341 1546 praecipue
358 1508 518 1545 regnum
539 1497 605 1533 Dei
625 1501 661 1533 et
683 1496 865 1543 ,iustitiam
889 1497 982 1543 ejus,
1005 1501 1046 1532 ut
1067 1508 1150 1533 cum
1169 1498 1303 1534 viatico
1324 1497 1585 1544 temporalium
1601 1506 1669 1543 per
1687 1494 1784 1531 viam

155 1545 334 1583 virtutum
354 1544 573 1592 perveniam
594 1544 642 1580 ad
661 1554 822 1590 regnum
843 1544 1036 1580 coelorum.
1062 1545 1194 1581 Amen.

763 1763 945 1810 CAPUT
977 1763 1166 1808 XXXIX

311 1921 502 1951 SERMONIS
527 1921 567 1949 IN
586 1919 720 1949 MONTE
740 1918 1008 1949 CONTINUATIO
1040 1919 1049 1946 ἰ
1079 1919 1129 1946 DE
1159 1918 1439 1947 MISERICORDIA
1464 1917 1623 1947 FACtEN·

415 1985 481 2023 DA,
502 1986 553 2013 DE
582 1984 659 2014 NON
686 1983 916 2020 JUDICANDO,
948 1984 998 2013 AC
1029 1985 1078 2012 DE
1102 1984 1262 2013 FIDUClA
1286 1983 1511 2013 ORATIONIS.

599 2117 764 2155 Matthaei
791 2128 872 2165 cap.
900 2119 964 2155 VII
982 2121 1019 2155 et
1043 2119 1150 2155 Lucae
1171 2129 1251 2166 cap.
1270 2120 1331 2155 VI.

202 2258 214 2280 1
239 2244 503 2279 Misssmconnffl

151 2292 241 2327 Post
271 2290 351 2325 haec
373 2290 546 2324 hortatur
577 2299 646 2324 nos
679 2289 859 2326 Dominus
880 2289 928 2325 ad

567 2253 830 2278 connnan-rm.
884 2263 928 2269 —
1004 2241 1070 2277 sed
1098 2244 1253 2288 propter
1282 2240 1382 2276 illius
1420 2240 1578 2276 salutem
1605 2242 1642 2276 et
1682 2239 1782 2276 divi-

1002 2299 1061 2324 nae
1083 2288 1263 2325 bonitatis
1277 2297 1444 2324 amorem
1461 2298 1468 2322 :
1490 2286 1554 2333 qui
1567 2287 1673 2323 enim
1691 2297 1780 2333 pro-

149 2335 447 2373 misericordiam
482 2335 582 2371 circa
628 2336 841 2381 proximum
877 2337 929 2372 sa-

150 2383 336 2426 ciendam,
355 2382 482 2419 dicens
503 2393 511 2416 t
533 2384 655 2417 Estote
684 2394 765 2427 erqo
784 2385 926 2419 miseri-

151 2431 288 2475 cordes,
310 2432 405 2466 sicut
419 2433 451 2465 et
472 2431 579 2465 Pater
594 2432 709 2464 vester
727 2432 928 2466 misericors

151 2481 215 2514 est.
246 2479 346 2514 Deus
366 2476 466 2513 enim
495 2477 639 2511 relevat
666 2475 836 2513 miserias
856 2488 926 2513 no-

151 2528 262 2569 stras,
280 2535 357 2560 non
383 2522 630 2569 exspectando
649 2522 791 2567 aliquid
816 2534 838 2559 a
859 2535 926 2560 no-

150 2571 223 2617 bis,
243 2572 309 2607 sed
332 2573 484 2617 propter
501 2580 605 2606 suam
626 2569 850 2613 bonitatem;
874 2571 927 2607 sic

151 2628 221 2655 nos
247 2618 427 2655 debemus
451 2615 593 2653 moveri
615 2615 663 2652 ad
685 2616 926 2663 relevandum

149 2665 341 2702 miseriam
375 2663 547 2711 proximi,
574 2674 652 2700 non
675 2665 829 2709 propter
855 2675 924 2700 no-

151 2717 270 2749 strum
286 2712 525 2749 commodum
537 2713 603 2747 aut
616 2710 922 2758 emolumentum,

1002 2339 1086 2382 pter
1118 2346 1226 2371 suum
1267 2334 1519 2378 commodum,
1542 2334 1601 2369 vel
1635 2333 1780 2370 emolu-

1002 2386 1170 2419 mentum
1201 2381 1369 2429 proximo
1403 2380 1575 2424 consulit,
1596 2380 1655 2417 vel
1682 2381 1780 2417 bene

1001 2429 1102 2474 facit,
1124 2440 1199 2465 non
1224 2428 1352 2475 utique
1375 2439 1441 2474 per
1461 2427 1682 2464 charitatem
1707 2428 1779 2463 hoc

1001 2476 1108 2520 facit;
1149 2475 1237 2522 quia
1273 2486 1349 2511 non
1382 2475 1481 2511 illius
1524 2484 1634 2521 quem
1668 2473 1780 2510 debet

1000 2526 1193 2570 tamquam
1210 2523 1373 2569 seipsum
1397 2521 1565 2569 diligere,
1586 2521 1652 2557 sed
1671 2530 1778 2557 suam

1001 2570 1204 2607 utilitatem
1226 2569 1371 2616 quaerit.
1391 2569 1478 2606 Vult
1507 2578 1576 2604 nos
1595 2566 1776 2604 Dominus

1000 2621 1147 2664 patrem
1177 2616 1317 2653 imitari
1343 2615 1380 2652 in
1417 2614 1676 2652 misericordia
1703 2624 1777 2660 qua

1000 2675 1070 2701 nos
1097 2663 1224 2700 miseri
1255 2663 1415 2700 multum
1445 2662 1678 2708 indigemu53
1698 2671 1777 2696 non

1000 2711 1039 2747 in
1071 2710 1253 2758 potentia,
1275 2721 1390 2758 quam
1417 2710 1575 2757 superbe
1596 2710 1774 2755 appetens
