1902 3126
531 159 584 192 DE
624 158 789 192 REDlTU
829 159 985 192 DOMINI
1025 158 1083 192 Ex
1123 162 1322 196 AEGYPTO.
1695 167 1754 200 125

100 230 190 267 mita
214 230 271 266 vel
300 229 500 276 religiosus
524 227 682 271 vocaris,
708 232 744 264 et
769 228 880 265 zitam

98 289 172 314 non
197 277 277 323 agis
306 289 314 312 ι
341 281 378 313 ut
406 276 506 312 enim
543 274 595 310 ait
621 276 879 319 Hieronymus,

97 336 170 361 non
201 323 445 370 Jerosolymis
474 321 602 365 fuisse,
631 322 696 358 sed
731 324 881 358 Jeroso-

97 372 207 418 lymis
240 373 334 408 bene
362 369 510 412 vixisse,
540 369 775 405 laudandum
810 375 878 406 est.

99 419 204 456 Unde
230 419 461 462 Augustinus
491 415 538 452 ad
575 417 712 452 fratres
742 417 881 453 eremi-

98 471 178 502 tas:
204 480 220 499 «
244 466 325 501 Non
346 463 446 500 enim
471 463 563 499 satis
583 463 690 499 nobis
710 464 879 510 prodest,

95 513 195 560 quod
207 512 318 548 istum
331 511 453 547 locum
466 510 728 557 expetivimus,
742 511 771 547 si
786 512 880 548 tales

98 560 229 603 simus,
253 558 383 605 quales
405 558 444 594 in
466 559 593 595 seculo
621 569 705 595 esse
729 563 880 605 potera-

98 618 194 644 mus.
218 605 406 652 Numquid
431 605 540 642 nobis
562 605 748 642 habitatio
769 607 881 653 hujus

96 654 231 690 secreti
244 653 386 699 aliquid
402 653 568 700 prodest,
585 654 735 700 quando
751 658 878 700 tyran-

95 701 178 737 nico
207 700 403 737 dominatu
437 700 580 736 malitia
611 700 646 736 iu
680 701 789 737 nobis
821 713 879 738 re-

94 752 200 794 gnat,
220 748 371 795 quando
395 747 450 784 ira
471 748 745 794 superequitat,
765 759 881 795 quan-

93 797 142 832 do
156 797 336 843 majorem
354 795 462 832 nobis
478 795 673 831 victoriam
691 796 880 833 humanus

93 843 224 880 oculus
243 853 356 889 quam
379 842 526 879 divinus
548 842 703 887 inducit,
728 844 878 889 quando

94 890 302 927 laudabiles
347 890 514 926 eremitae
554 894 658 926 extra
698 891 879 928 mundum

95 949 164 974 nos
185 949 266 974 esse
280 937 480 981 credimus,
500 941 536 974 et
558 948 625 984 per
645 937 878 975 diversarum

94 985 313 1031 passionum
342 985 444 1029 vitia,
477 985 657 1021 mundum
685 985 783 1022 intra
811 997 879 1022 nos

95 1033 281 1070 inclusum
317 1036 502 1077 tenemus,
531 1032 583 1068 ita
606 1036 645 1068 ut
678 1033 740 1079 qui
775 1037 880 1079 puta-

93 1081 227 1117 bamus
243 1091 310 1117 nos
326 1080 499 1127 precibus
512 1079 650 1116 nostris
665 1080 792 1116 seculo
809 1080 878 1128 ipsi

91 1138 326 1171 succurrere,
350 1138 446 1174 pene
479 1138 632 1163 necesse
672 1127 718 1163 sit
756 1132 795 1164 ut
828 1128 879 1164 vi-

91 1175 250 1212 deamur
274 1176 393 1221 magis
422 1174 538 1211 seculi
566 1174 878 1212 intercessoribus

91 1222 292 1259 indicere?
321 1223 483 1259 Dubium
522 1222 659 1269 quippe
696 1234 771 1258 non
806 1227 876 1267 est,

91 1250 193 1317 quod
218 1270 282 1306 illa
303 1270 443 1314 anima,
470 1280 552 1315 quae
574 1269 878 1316 concupiscentia

92 1318 328 1365 voluptatum
360 1328 549 1364 possessa,
573 1317 736 1352 efficitur
772 1328 878 1353 mun-

95 1365 203 1401 danae
224 1364 534 1406 conversationis,
550 1375 626 1400 non
643 1364 761 1411 possit
778 1365 876 1401 effici

95 1423 255 1460 regnum
283 1412 504 1448 divinitatis.
528 1412 704 1458 Ideoque,
727 1414 876 1456 fratres,

93 1464 134 1496 ut
161 1460 210 1496 ait
237 1460 374 1496 Paulus
395 1460 598 1506 Apostolus
620 1471 628 1495 :
661 1460 790 1495 Videte
815 1471 876 1495 vo-

93 1510 269 1544 cationem
292 1513 462 1543 vestram.
486 1506 623 1542 Venire
653 1506 803 1552 quidem
829 1507 875 1542 ad

93 1565 277 1599 eremum,
306 1565 453 1591 summa
480 1553 659 1601 perfectio
699 1558 773 1598 est3
809 1555 874 1590 sed

90 1613 164 1638 non
183 1602 348 1649 perfecte
364 1602 400 1637 in
421 1612 548 1637 eremo
567 1601 706 1645 vivere,
727 1612 874 1637 summa

89 1649 281 1686 damnatio
308 1654 377 1686 est.
407 1648 504 1692 Quid
526 1648 626 1685 enim
650 1649 819 1695 prodest,
843 1648 873 1685 si

89 1697 192 1734 locus
225 1696 473 1744 corporaliter
503 1696 651 1742 quietus
682 1700 871 1741 teneatur,

88 1748 125 1781 et
139 1744 360 1791 inquietudo
377 1744 414 1780 in
429 1744 542 1780 corde
556 1744 749 1780 versetur?
761 1744 871 1789 Quid,

89 1792 259 1839 inquam,
280 1792 446 1838 prodest,
468 1791 497 1828 si
520 1791 558 1827 in
578 1790 812 1828 habitatione
827 1791 874 1827 si-

86 1839 258 1883 lentium,
275 1840 313 1875 in
335 1839 613 1876 habitatoribus
629 1838 676 1875 sit
694 1838 870 1875 vitiorum

86 1887 286 1931 tumultus,
313 1891 350 1923 et
380 1886 592 1923 colluctatio
623 1886 873 1933 passionum?

88 1934 198 1978 Quid,
231 1934 260 1970 si
298 1935 485 1970 exteriora
521 1937 651 1970 nostra
686 1934 872 1970 serenitas

86 1985 229 2025 teneat,
258 1986 294 2018 et.
321 1981 505 2017 interiora
534 1981 766 2027 tempestas?
792 1983 871 2018 Non

89 2031 190 2066 enim
225 2029 308 2065 ideo
331 2029 377 2065 ad
401 2030 523 2065 locum
550 2028 663 2064 istum
686 2028 870 2073 venimus,

88 2080 130 2113 ut
150 2076 260 2113 nobis
282 2078 446 2113 mundus
464 2077 680 2120 famuletur,
702 2080 741 2112 ut
756 2077 872 2112 rebus

88 2123 265 2160 omnibus
299 2124 560 2167 abundantes,
601 2124 703 2159 omni
742 2123 870 2169 quiete

89 2171 276 2216 fruamur,
315 2183 390 2208 non
431 2172 560 2218 utique
600 2172 647 2207 ad
687 2171 869 2217 requiem,

88 2230 158 2256 nec
180 2220 227 2256 ad
249 2219 510 2263 securitatem3
534 2219 601 2255 sed
628 2218 675 2254 ad
703 2229 869 2265 pugnam

85 2266 158 2302 huc
198 2266 382 2310 venimus,
415 2267 463 2303 ad
497 2277 659 2314 agonem
688 2266 870 2312 processi-

86 2325 184 2358 mus,
206 2314 254 2350 ad
276 2314 485 2350 exercenda
518 2324 602 2350 cum
633 2314 735 2349 vitiis
770 2313 870 2350 bella

82 2372 346 2408 properamus,
371 2366 409 2398 ut
437 2361 572 2409 linguae
593 2361 718 2407 gladio
740 2365 868 2397 retun-

83 2409 234 2453 damur,
259 2412 393 2445 utnon
418 2408 540 2445 solum
563 2420 639 2445 non
661 2408 867 2445 inferamus

81 2456 255 2503 injurias,
283 2456 348 2492 sed
390 2467 457 2492 nec
492 2456 619 2492 statim
659 2455 867 2492 sentiamus

82 2503 210 2540 illatas
231 2515 239 2540 z
266 2518 284 2535 ι»
306 2504 384 2540 haec
407 2505 651 2548 Auyustz'nus.
676 2504 748 2540 Sed
768 2504 864 2540 heu!

83 2551 193 2598 pauci
212 2551 325 2588 hodie
342 2550 508 2597 religiosi
531 2550 787 2598 reperiuntur,
804 2551 866 2597 qui

85 2599 133 2636 de
161 2600 262 2636 bono
290 2599 327 2635 in
355 2599 489 2635 melius
516 2598 734 2645 proficiunt,
758 2602 795 2634 et
821 2598 867 2635 de

88 2645 225 2683 virtute
252 2646 290 2682 in
317 2646 493 2683 virtutem
517 2646 738 2683 ascendunt.
763 2645 868 2682 Unde

88 2695 299 2730 Bernartius
319 2707 329 2730 .·
359 2710 375 2726 «
397 2694 511 2731 Multo
535 2693 681 2730 facilius
702 2693 869 2740 reperies

90 2741 230 2778 multos
249 2741 439 2778 seculares
459 2741 626 2778 converti
644 2741 691 2777 ad
714 2742 868 2785 bonum,

89 2798 203 2835 quam
225 2800 339 2826 unum
367 2790 413 2826 de
434 2788 622 2836 religiosis
642 2788 802 2825 transire
823 2789 870 2825 ad

962 229 1112 265 melius.
1142 231 1350 268 Rarissima
1373 233 1451 269 avis
1477 233 1513 269 in
1541 234 1652 271 tcrris
1676 240 1747 280 est,

964 276 1026 321 qui
1049 277 1095 312 de
1122 278 1241 322 gradu
1263 290 1373 324 quem
1409 280 1445 316 in
1474 281 1657 328 religione
1687 295 1747 320 se-

963 323 1035 359 mel
1058 323 1153 359 forte
1175 325 1354 371 attigerit,
1375 328 1430 363 vel
1456 339 1588 374 parum
1613 341 1747 367 ascen-

962 370 1029 406 dit.
1058 372 1129 406 Aut
1162 373 1359 415 ascendas,
1397 385 1549 411 necesse
1579 382 1649 420 cst,
1682 383 1749 414 aut

963 418 1197 453 descendas:
1219 418 1247 454 si
1269 423 1432 456 attentas
1450 426 1564 465 stare,
1584 429 1619 459 ut
1643 436 1745 469 ruas,

963 475 1115 501 necesse
1141 469 1210 501 est.
1240 480 1257 497 »
1288 468 1329 501 Et
1358 466 1493 504 iterum
1517 481 1525 504 ε
1551 486 1568 502 «
1594 472 1746 509 Minime

961 523 1027 558 pro
1047 516 1149 548 certo
1178 516 1233 549 est
1267 513 1401 557 honus,
1423 515 1483 559 qui
1509 518 1641 553 melior
1663 531 1746 556 esse

963 570 1037 595 non
1077 560 1168 603 vult,
1200 563 1235 596 et
1269 560 1328 596 nbi
1367 561 1501 607 incipis
1538 565 1636 601 nolle
1663 568 1744 603 lieri

963 606 1110 650 melior,
1146 606 1195 643 ihi
1233 607 1374 644 desinis
1410 619 1493 645 esse
1531 610 1650 648 bonus
1680 625 1687 648 ε
1726 630 1743 644 ›‚

961 655 1039 690 haec
1067 656 1290 690 Bernartius.

1009 705 1027 737 6
1054 703 1189 738 Josnrn
1212 704 1402 738 JORDANEM
1430 714 1593 740 TRANst‘r.
1617 726 1662 731 —
1682 708 1743 742 Jo-

959 750 1052 796 seph
1091 754 1218 786 autem
1256 753 1292 785 et
1337 749 1474 793 Maria,
1508 762 1591 787 cum
1628 763 1745 798 puero

959 798 1061 841 Jesu,
1101 800 1343 833 transeuntes
1375 798 1595 843 Jordanem,
1635 811 1745 837 vene-

960 848 1048 880 runt
1068 843 1105 880 in
1126 848 1267 880 terram
1289 846 1420 889 Israel,
1442 846 1648 883 secundum
1669 849 1746 883 An-

960 891 1032 936 geli
1062 891 1286 938 jussionem.
1319 893 1400 927 Non
1435 893 1536 929 enim
1565 894 1745 931 determi-

962 942 1116 975 naverat
1148 939 1326 986 Angelus,
1352 939 1391 975 in
1423 950 1496 986 quo
1527 941 1608 977 loco
1633 946 1744 979 terrae

961 986 1086 1030 1<1=ae1‚
1116 997 1184 1022 nec
1214 987 1475 1023 nominaverat
1501 988 1666 1034 aliquam
1690 990 1746 1026 ei-

960 1033 1113 1069 vitatem
1148 1034 1424 1078 determinate3
1462 1039 1514 1079 ut,
1549 1036 1745 1074 dubitante

958 1082 1112 1127 Joseph,
1153 1081 1290 1117 iterum
1329 1086 1595 1125 reverteretur,
1628 1087 1664 1120 et
1701 1096 1744 1121 ex

960 1129 1177 1164 reversione
1215 1129 1348 1174 Augeli
1391 1129 1612 1166 instruentis
1657 1143 1742 1168 eum

959 1176 1004 1211 de
1041 1176 1137 1220 loco,
1164 1177 1306 1222 ¹Ioseph
1339 1187 1382 1212 cx
1413 1177 1661 1223 frequentiori
1688 1179 1743 1215 vi·

959 1223 1136 1259 sitatione
1170 1223 1317 1269 Angeli,
1354 1227 1390 1259 et
1431 1224 1621 1261 locutione
1657 1237 1743 1262 cum

960 1281 1017 1311 cO,
1041 1270 1180 1306 certior
1200 1270 1436 1315 redderetur,
1459 1275 1493 1308 et
1513 1272 1633 1318 magis
1653 1284 1742 1309 con·

959 1318 1158 1354 solaretur.
1206 1318 1311 1361 Quod
1349 1320 1459 1354 Jesus
1498 1319 1535 1354 in
1580 1321 1740 1365 patriam

959 1375 1065 1400 suam
1105 1369 1372 1409 reverteretur,
1411 1377 1478 1401 nos
1516 1377 1664 1413 quoque
1703 1368 1742 1404 in

959 1412 1120 1458 patriam
1147 1416 1316 1448 nostram
1346 1412 1523 1449 festinare
1549 1415 1740 1451 admonet.

957 1460 1124 1495 Audiens
1156 1464 1276 1495 autem
1303 1461 1457 1506 Joseph,
1479 1462 1576 1505 quod
1602 1463 1740 1498 Arche-

957 1508 1050 1547 laus,
1080 1506 1180 1542 filius
1213 1506 1371 1542 Herodis
1405 1507 1545 1552 senior,
1573 1514 1742 1553 reqnaret

957 1557 994 1589 2'n
1013 1554 1141 1589 Judaea
1174 1565 1241 1600 pro
1275 1555 1429 1595 Herode,
1449 1559 1556 1601 patre
1594 1567 1671 1598 suo,
1691 1559 1740 1592 ta·-

956 1603 1048 1636 muz't
1070 1602 1134 1636 illo
1154 1603 1220 1642 ire,
1249 1611 1327 1647 prae
1353 1602 1550 1646 Archelao,
1573 1607 1740 1649 paternae

955 1648 1188 1686 crudelitatis
1220 1649 1376 1693 herede,
1417 1649 1506 1696 quia
1544 1650 1606 1687 ille
1640 1655 1738 1687 tam-

955 1707 1068 1742 quam
1104 1695 1325 1743 principalis
1366 1697 1486 1742 magis
1522 1708 1591 1744 pro
1630 1702 1738 1745 patre

955 1743 1113 1788 zelabat,
1137 1747 1174 1780 et
1205 1743 1330 1780 omnis
1362 1746 1524 1790 impetus
1560 1756 1738 1792 persecu-

955 1791 1067 1828 tionis
1089 1791 1128 1827 in
1153 1791 1374 1828 Bethlehem
1405 1793 1562 1839 ejusque
1597 1793 1740 1830 finibus

954 1839 1196 1876 desaeviebat.
1227 1839 1359 1875 Judaea
1396 1840 1600 1885 aliquando
1639 1841 1737 1877 acci-

955 1886 1054 1932 pitur
1086 1897 1154 1933 pro
1182 1890 1262 1922 tota
1296 1891 1399 1923 terra
1435 1887 1633 1924 duodecim
1669 1888 1738 1925 tri-

955 1936 1085 1978 buum,
1105 1937 1145 1970 ut
1168 1933 1219 1970 ibi
1248 1946 1256 1969 ε
1277 1936 1394 1971 Notus
1416 1936 1451 1970 in
1470 1936 1737 1980 JudaeaDe2133

953 1981 1158 2028 aliquando
1185 1992 1253 2027 pro
1281 1982 1362 2017 sola
1398 1986 1499 2018 terra
1526 1982 1646 2019 tribus
1670 1985 1737 2019 Ju-

953 2029 1024 2072 dae,
1049 2032 1087 2064 ut
1109 2028 1160 2064 ibi
1184 2041 1191 2064 :
1215 2029 1343 2064 Jzedaecc
1370 2033 1404 2064 et
1435 2032 1649 2073 Jerusalem,
1672 2042 1737 2066 no-

954 2078 1017 2112 lite
1035 2078 1181 2120 timere,·
1203 2075 1407 2122 aliquando
1429 2087 1496 2122 pro
1521 2080 1621 2114 terra
1641 2078 1734 2114 dua-

952 2134 1036 2159 rum
1059 2124 1238 2167 tribuum,
1267 2123 1409 2159 scilicet
1431 2124 1538 2161 Judae
1574 2129 1610 2162 et
1637 2127 1735 2161 Ben-

948 2170 1084 2217 jamin,
1109 2175 1148 2207 ut
1172 2171 1231 2207 hic
1257 2170 1394 2207 dicitur
1415 2172 1512 2217 quod
1531 2173 1737 2209 Archelaus

952 2222 1121 2263 reynaret
1146 2221 1184 2254 in
1203 2219 1344 2254 Judaea.

1002 2281 1020 2313 7
1050 2267 1188 2302 Dtvffllo
1212 2267 1343 2303 παῖε
1374 2277 1461 2302 POST
1492 2279 1634 2303 MORTEM
1662 2269 1735 2304 HE-

952 2325 1069 2349 nonis.
1092 2333 1137 2340 —
1159 2313 1325 2350 Divisum
1346 2324 1436 2360 ergo
1458 2318 1539 2351 erat
1561 2325 1734 2361 regnum,

952 2365 989 2397 et
1004 2361 1083 2407 jam
1099 2371 1120 2398 a
1135 2361 1308 2408 pluribus
1326 2363 1542 2407 regebatur.
1559 2363 1615 2399 Ad
1629 2363 1735 2409 cujus

952 2408 1181 2446 evidentiam
1209 2413 1266 2445 est
1301 2409 1494 2446 sciendum
1525 2410 1640 2456 quod,
1679 2420 1736 2446 se-

952 2457 1116 2493 cundum
1149 2456 1370 2501 opinionem
1397 2456 1518 2503 magis
1551 2456 1737 2503 probabi-

951 2503 1039 2548 lem,
1062 2505 1230 2541 Herodes
1249 2504 1415 2540 moriens
1432 2504 1600 2540 condidit
1615 2508 1734 2540 testa—

952 2555 1134 2595 mentum,
1151 2551 1190 2588 in
1207 2563 1281 2598 quo
1299 2551 1490 2588 ordinavit
1507 2551 1733 2587 Archelaum

952 2599 1073 2635 filium
1104 2610 1212 2636 suum
1241 2599 1346 2645 regni
1378 2599 1434 2635 sui
1460 2608 1732 2643 successorem,

953 2646 1004 2683 ita
1038 2651 1165 2684 tamen
1201 2648 1301 2693 quod
1339 2657 1518 2683 coronam
1555 2645 1624 2681 sibi
1658 2655 1734 2681 non

952 2694 1179 2741 imponeret,
1201 2694 1273 2730 nisi
1293 2705 1361 2741 per
1378 2695 1588 2729 Romanum
1611 2694 1735 2739 Impe—

951 2746 1132 2778 ratorem.
1166 2742 1222 2778 Ad
1246 2741 1470 2778 sumendum
1507 2739 1620 2786 igitur
1651 2739 1734 2776 dia-

952 2789 1078 2835 dema,
1099 2790 1258 2826 Romam
1292 2787 1407 2832 venit,
1434 2787 1501 2824 sed
1525 2791 1562 2824 et
1597 2787 1735 2823 fratres
