1876 3126
131 137 196 171 236
609 133 755 167 PRIMAE
792 133 944 168 PARTIS
985 133 1117 167 CAPUT
1154 133 1290 166 XXVII

133 216 194 242 mo
222 215 325 250 ergo,
348 203 524 256 Herodes
541 205 727 240 Joannem
747 202 914 238 incarce-

130 251 242 296 ravit,
264 262 306 287 ex
326 262 370 287 eo
393 251 493 296 quod
514 249 637 297 ipsum
658 249 911 302 reprehende-

132 300 197 335 bat
232 299 279 334 de
314 297 538 342 Herodiade,
569 307 681 343 quam
713 296 818 332 fratri
845 307 913 333 suo

131 345 352 389 abstulerat,
375 348 411 397 et
438 344 523 380 ideo
554 344 602 380 ad
634 343 913 397 suggestionem

132 392 356 429 Herodiadis
382 391 503 438 ipsum
538 391 576 427 10
595 390 753 427 vinculis
773 390 910 444 posuit.

131 460 176 466 —
198 440 382 483 Secundo,
412 449 454 474 ex
478 449 522 474 eo
550 439 650 484 quod
667 437 853 492 justitiam
876 441 911 473 et

134 486 361 533 baptismum
388 485 630 532 praefficabat,
652 489 688 521 et
712 485 797 521 ideo
819 485 915 520 mul-

131 535 191 570 tus
208 534 369 580 populus
407 533 455 569 ad
481 535 668 569 Joannem
706 533 753 568 ob
787 531 912 578 bapti-

133 591 254 616 smum
271 584 305 616 et
318 580 624 626 praedicationem
639 579 804 625 undique
824 589 912 613 con-

130 627 283 664 fluebat.
322 629 365 663 Et
399 629 536 663 timens
572 627 738 662 Herodes
773 637 819 661 ne
855 625 912 661 sui

128 674 272 721 populi,
303 676 488 711 Joannem
527 674 731 720 sequentis,
760 672 912 718 dispen-

130 721 233 758 dium
264 722 436 765 haberet,
473 724 508 757 et
535 722 582 757 ob
606 721 721 756 verba
740 720 911 763 Joaunis,

132 769 285 814 populo,
309 779 392 804 cum
416 771 514 804 esset
534 767 760 819 alienigena,
781 776 913 802 exosus

129 815 252 860 fieret,
275 826 437 861 eumque
470 826 492 851 a
512 825 629 860 regno
653 815 700 850 ob
726 813 913 865 incestum

129 862 300 909 pelleret,
325 864 507 898 Joannem
528 863 614 896 hinc
626 860 758 904 tenuit,
771 863 807 896 et
832 859 912 894 vin-

131 912 231 945 ctum
258 909 381 962 posuit
420 910 458 944 in
490 918 654 951 carcere,
682 918 759 942 non
796 917 913 942 ausus

131 966 216 992 eum
237 956 362 992 statim
385 955 616 991 interficere.
636 974 683 979 -—
707 953 846 998 Tertio,
871 963 913 988 ex

128 1013 172 1039 eo
191 1004 291 1048 quod
310 1004 480 1038 Joannes
502 1001 704 1046 quemdam
732 1011 913 1046 magnum

127 1060 255 1095 regem
277 1052 362 1095 post
377 1059 416 1084 se
433 1052 633 1084 venturum
652 1047 911 1093 praedicabat3

127 1099 267 1141 etcum
302 1094 461 1131 Romani
503 1094 743 1130 ordinassent
776 1105 823 1130 ne
845 1094 913 1130 311-

128 1143 212 1188 quis
229 1142 308 1178 sine
333 1144 487 1178 senatus
511 1142 739 1178 auctoritate
759 1153 824 1177 rex
843 1153 911 1177 no-

127 1189 352 1233 minaretur,
376 1190 565 1225 offensam
589 1190 749 1225 Caesaris
772 1188 913 1233 timuit,

128 1239 166 1272 et
187 1236 272 1272 ideo
293 1237 418 1282 ipsum
448 1235 709 1272 incarceravit.
732 1256 774 1261 —
797 1237 841 1271 Et
861 1236 916 1272 in-

129 1293 242 1330 super
266 1287 420 1329 piopter
450 1284 522 1319 hoc
543 1286 600 1319 est
629 1286 761 1329 captus
797 1286 833 1318 et
854 1283 911 1318 10-

128 1334 342 1366 carceratus
355 1333 373 1367 J
379 1341 519 1367 oannes
538 1330 706 1376 Baptista
720 1329 807 1376 quia
824 1331 918 1367 Pha-

127 1377 241 1422 risaei,
270 1381 424 1430 piopter
450 1377 630 1413 invidIam
655 1378 700 1414 de
727 1377 910 1423 praedica-

124 1424 231 1461 tione
250 1424 367 1471 ipsius
388 1424 540 1466 turbati,
557 1428 760 1461 suaserant
774 1425 914 1461 Herodi

128 1474 169 1508 ut
201 1475 350 1518 caperet
380 1483 480 1516 eum,
508 1471 707 1508 incitantes
731 1473 917 1508 Herodem

134 1519 181 1555 ad
203 1520 283 1565 ejus
307 1524 492 1556 mortem.

175 1569 196 1601 6
216 1568 358 1602 LvsimAE
380 1569 600 1602 HERODIADIS
615 1577 785 1601 occmnnn
803 1568 915 1602 JOAN-

128 1624 199 1649 Nm
239 1626 426 1649 vocemis.
470 1634 514 1639 —
547 1614 726 1648 Herodias
766 1617 886 1648 autem
901 1642 911 1655 ,

128 1661 312 1704 adultera,
338 1661 591 1695 insidiabatur
616 1661 677 1694 illi
712 1672 723 1694 .·
756 1659 915 1696 timebat

130 1706 230 1743 enim
256 1718 303 1743 ne
329 1707 510 1751 Herodes,
533 1706 581 1742 ad
604 1706 914 1752 praedicationem

129 1754 297 1798 Joannis,
316 1755 361 1790 de
385 1757 537 1800 peccato
552 1764 618 1789 suo
641 1753 854 1799 poeniteret,
878 1758 913 1789 et

132 1812 215 1837 eam
247 1801 382 1837 marito
417 1812 483 1836 suo
519 1800 707 1845 redderet,
730 1800 792 1846 qui
830 1811 913 1837 eam

131 1848 227 1884 forte
256 1848 461 1892 occideret,
488 1851 521 1883 et
546 1847 630 1882 ideo
657 1849 798 1882 volebat
819 1859 911 1890 eum,

131 1894 271 1931 scilicet
287 1897 470 1931 Joannem
485 1895 655 1934 occidere,
674 1898 911 1947 mortemque

131 1942 212 1988 ejus
225 1943 432 1987 quaeiebat,
450 1952 512 1977 nec
526 1944 671 1986 poterat
686 1940 723 1976 1d
736 1946 805 1985 est,
826 1953 915 1994 quo-

131 1999 221 2025 nam
237 1989 332 2024 facto
348 1989 385 2024 id
398 1999 471 2034 agg
449 1987 733 2034 ο11611111005561,
744 1988 914 2025 invenire

133 2046 209 2072 non
235 2039 396 2082 poterat.
422 2036 580 2071 Herodes
611 2037 705 2070 enim
733 2037 914 2072 metuebat

131 2085 317 2124 Joannem,
333 2094 416 2119 cum
433 2081 642 2118 reverendo
656 2083 791 2118 timore
806 2093 913 2119 mun-

131 2130 228 2166 dano
260 2131 316 2166 vel
343 2131 524 2173 humano,
546 2131 662 2165 sciens
689 2140 767 2165 eum
793 2133 912 2166 virum

127 2178 284 2221 siusium,
311 2177 434 2222 quoad
460 2176 646 2220 homines,
673 2180 706 2212 et
732 2181 910 2219 sanctum,

133 2224 257 2270 quoad
280 2225 416 2267 Deum3
442 2227 475 2258 et
503 2224 726 2259 custodiebat
750 2235 841 2268 eum,
867 2235 913 2261 ne

132 2271 180 2307 ab
204 2270 416 2306 Herodiade
442 2270 687 2315 occideretur,
715 2273 751 2307 et
778 2282 820 2307 ex
841 2272 912 2307 hoc

131 2317 212 2364 ipse
233 2317 400 2353 Herodes
426 2317 605 2352 damnum
640 2299 687 2353 et⁷
701 2318 910 2364 periculum

131 2368 342 2417 pateretur:
356 2364 435 2400 solo
449 2363 550 2399 enim
564 2366 679 2408 metu,
693 2366 739 2401 ab
754 2365 909 2402 interfe-

132 2411 417 2449 ctioneJoannis
433 2411 646 2455 tenebatur,
657 2412 744 2456 quia
755 2415 910 2459 propter

130 2458 369 2497 sanctitatem
394 2458 489 2503 eJ’us,
512 2467 595 2510 quae
617 2461 698 2493 6131
723 2462 810 2494 0013
828 2463 908 2496 toto

130 2507 291 2554 populo,
314 2505 471 2541 timebat
496 2504 526 2539 si
550 2515 636 2539 eum
662 2504 907 2557 interficeret,

131 2564 181 2590 ne
199 2556 300 2589 totus
314 2552 473 2598 populus
491 2554 622 2587 contra
638 2562 722 2586 eum
737 2551 908 2598 insurge-

132 2604 209 2644 ret;
231 2600 318 2646 quia
335 2609 466 2635 omnes
482 2599 666 2635 Joannem
684 2599 909 2644 Prophetam

133 2650 327 2684 sanctum
337 2646 577 2699 reputabant.
613 2647 661 2681 Et
697 2647 823 2681 audito
856 2658 907 2688 eo,

131 2696 260 2735 multa,
295 2693 436 2730 scilicet
467 2692 637 2739 quaedam
679 2702 808 2738 parva,
836 2704 910 2729 non

130 2740 366 2789 principalia,
378 2741 553 2785 faciebat,
566 2739 815 2783 simulatorie,
833 2751 911 2776 non

991 213 1033 238 ex
1054 201 1223 246 veritate,
1245 204 1279 237 et
1301 202 1456 236 libenter
1476 211 1556 237 eum
1579 202 1765 244 audiebat,

991 248 1131 285 scilicet
1155 248 1401 292 simulatorie,
1421 247 1459 283 id
1487 252 1543 284 est
1566 248 1695 285 audire
1716 249 1767 286 si—

989 297 1177 332 mulabat.
1171 309 1178 316 ·
1192 299 1311 332 totum
1325 295 1424 331 enim
1439 294 1538 331 istud
1554 299 1634 332 erat
1653 296 1764 333 simu-

990 343 1179 384 latorium,
1197 346 1238 379 ut
1264 354 1306 378 ex
1326 342 1390 378 tali
1412 342 1540 378 auditu
1562 347 1598 379 et
1617 343 1764 380 obtem-

990 390 1197 436 peratione,
1210 389 1249 425 10
1265 389 1451 435 aliquibus
1463 389 1641 426 retineret
1652 400 1769 437 popu-

992 439 1066 472 lum
1088 448 1110 473 a
1130 436 1336 473 rebellione
1360 440 1490 473 contra
1509 437 1765 490 semetipsum.

991 485 1157 520 Heiodes
1179 484 1355 529 populum
1383 487 1418 519 et
1442 484 1665 520 seditionem
1687 484 1767 530 ejus

990 531 1165 574 timebat;
1179 531 1244 566 sed
1255 541 1361 566 amor
1370 531 1537 567 mulieris
1549 532 1767 577 superabat,

989 588 1056 629 pro
1093 588 1165 622 quo
1200 577 1313 612 etiam
1346 579 1464 613 Deum
1500 578 1766 624 postponebat,

990 635 1078 669 quia
1111 625 1227 659 Deum
1259 623 1296 658 in
1333 634 1446 659 031153
1478 635 1556 660 000
1590 625 1766 661 habebat.

990 684 1007 704 «
1030 671 1137 713 Nam,
1157 680 1217 705 561
1221 670 1362 705 undum
1384 671 1690 724 Chiysostomum,
1710 672 1765 708 fa-

989 717 1058 753 cile
1077 716 1201 752 deviat
1215 727 1237 752 a
1253 716 1413 769 justitia,
1424 717 1486 761 qui
1501 717 1537 752 10
1557 718 1678 754 0311515
1692 729 1769 754 000

989 766 1122 808 Deum,
1139 763 1205 799 sed
1224 763 1416 799 hominem
1431 763 1622 800 formidat.
1642 764 1769 801 Timor

990 811 1089 846 euim
1105 792 1170 847 J'Jei
1188 810 1361 857 corrigit3
1380 810 1493 846 111001
1505 814 1631 847 autem
1645 810 1767 847 homi-

989 869 1077 894 num
1107 857 1287 904 peccandi
1314 858 1441 893 differt
1469 858 1700 902 facultatem,
1732 862 1770 894 et

990 905 1247 951 operationem
1274 916 1352 941 000
1377 905 1513 949 aufelt,
1539 906 1605 941 sed
1633 905 1770 941 retinet

988 953 1236 996 voluntatem,
1253 951 1371 1005 donec
1389 952 1528 988 habeat
1548 951 1768 998 opportuni-

990 1002 1104 1035 tatem
1124 999 1183 1035 vel
1206 998 1474 1052 occasionem:
1498 999 1598 1036 unde
1619 1002 1656 1035 et
1677 1009 1769 1052 quos

991 1046 1184 1092 suspendit
1203 1057 1225 1082 a
1246 1045 1417 1090 crimine,
1439 1046 1626 1082 avidiores
1646 1045 1770 1082 reddit

990 1094 1038 1129 ad
1058 1093 1212 1138 crimen,
1222 1097 1259 1129 et
1273 1096 1407 1129 aestuat
1426 1093 1550 1129 animo
1557 1103 1770 1139 ,quousque

991 1140 1161 1186 pe1ficiat
1187 1140 1235 1176 ad
1267 1140 1408 1176 malum
1442 1140 1617 1193 cogitata:
1649 1140 1769 1176 Solius

991 1187 1090 1223 enim
1110 1187 1175 1223 Dei
1195 1190 1252 1223 est
1271 1187 1384 1223 timor
1405 1186 1467 1233 qui
1489 1190 1666 1223 nocentes
1685 1198 1768 1223 cor-

991 1234 1093 1279 ligit,
1113 1235 1216 1281 fugat
1236 1234 1406 1278 crimina,
1427 1234 1680 1270 innocentiam
1700 1233 1768 1270 tri-

991 1281 1085 1325 buit,
1105 1285 1295 1327 perpetem
1314 1281 1458 1317 confert
1477 1282 1725 1317 facultatem:
1748 1294 1767 1313 ›-

992 1329 1073 1364 haec
1099 1330 1384 1373 Chrysostomus.
1406 1329 1479 1363 Iste
1501 1327 1564 1373 qui
1583 1330 1769 1364 Joannem

992 1375 1112 1411 tenuit
1142 1378 1178 1411 et
1205 1374 1333 1421 ligavit
1357 1374 1397 1410 in
1419 1385 1583 1419 carcere,
1605 1386 1648 1411 eo
1671 1374 1772 1420 quod

993 1423 1038 1458 de
1048 1422 1157 1458 malis
1166 1422 1241 1458 suis
1251 1432 1335 1458 eum
1344 1422 1527 1468 arguebat
1535 1421 1769 1465 charitative,

994 1473 1029 1505 et
1063 1469 1124 1515 qui
1161 1469 1299 1505 similia
1329 1470 1485 1513 faciunt,
1513 1469 1652 1505 similes
1683 1471 1771 1505 sunt

991 1516 1234 1563 phreneticis,
1259 1516 1321 1562 qui
1344 1515 1446 1562 pium
1473 1516 1660 1552 medicum
1683 1526 1770 1562 per-

994 1567 1119 1599 cutere
1138 1564 1196 1600 vel
1218 1563 1388 1599 occidere
1407 1567 1592 1609 quaerunt.

1040 1627 1058 1657 7
1092 1613 1143 1646 DE
1170 1622 1388 1646 TOLERANDIS
1424 1622 1528 1646 mnis
1561 1622 1768 1647 HOMINIBUS.

992 1679 1037 1683 ——
1054 1657 1259 1694 Considera
1276 1668 1374 1693 nunc
1396 1658 1583 1703 quomodo
1603 1660 1769 1694 Joannes

991 1705 1111 1750 magis
1131 1705 1280 1740 volebat
1300 1706 1391 1749 Deo,
1417 1715 1528 1750 quam
1552 1704 1769 1740 hominibus

989 1752 1138 1798 placere
1152 1779 1161 1795 ‚
1208 1750 1403 1797 magisque
1449 1752 1606 1788 timebat
1650 1752 1769 1787 Deum

991 1809 1103 1845 quam
1140 1798 1314 1834 homines
1356 1798 1577 1842 offendere3
1612 1798 1768 1851 ejusque

990 1846 1159 1892 exemplo
1203 1856 1352 1891 semper
1396 1845 1443 1881 ad
1486 1847 1603 1881 Deum
1635 1844 1768 1898 magis

990 1903 1102 1946 quam
1123 1893 1169 1928 ad
1190 1892 1363 1928 homines
1381 1892 1614 1944 aspiciendo,
1632 1892 1671 1928 in
1693 1902 1770 1928 om-

989 1940 1101 1976 nibus
1122 1939 1187 1975 Dei
1214 1938 1491 1985 beneplacitum
1517 1939 1645 1983 facias,
1665 1944 1702 1975 et
1721 1940 1768 1976 ab

989 1988 1069 2033 ejus
1083 1987 1228 2022 offensa
1244 1985 1459 2022 omnimode
1474 1986 1677 2023 abstineas.
1698 1987 1770 2022 Un-

990 2035 1035 2070 de
1054 2034 1153 2069 idem
1173 2035 1474 2085 Chrysostomus.
1468 2046 1476 2054 ·
1497 2048 1516 2066 «
1535 2035 1627 2071 Cum
1644 2044 1667 2069 a
1681 2044 1766 2080 per-

990 2081 1143 2117 niciosis
1165 2080 1254 2127 quid
1280 2080 1444 2126 patimur
1465 2080 1697 2125 hominibus,
1718 2080 1767 2117 ad

988 2128 1195 2175 principem
1218 2131 1388 2163 nostrum
1413 2127 1707 2180 consid-eremus,
1730 2130 1767 2164 et

989 2178 1332 2212 consummatorem
1362 2174 1465 2219 fidei,
1486 2177 1523 2211 et
1546 2174 1724 2220 quoniam
1745 2185 1768 2211 a

988 2223 1097 2259 malis
1114 2221 1343 2266 hominibus,
1360 2224 1396 2257 et
1414 2221 1592 2267 quoniam
1612 2225 1767 2268 propter

987 2270 1198 2314 veritatem,
1218 2272 1253 2305 et
1282 2268 1461 2315 quoniam
1489 2272 1643 2315 propter
1663 2279 1762 2305 eum.

988 2318 1025 2355 Si
1047 2317 1148 2354 enim
1174 2317 1245 2352 hoc
1268 2316 1615 2361 excogitaverimus,
1638 2315 1766 2352 omnia

988 2364 1111 2401 facilia
1139 2367 1251 2400 erunt
1280 2366 1316 2399 et
1347 2363 1561 2416 portabilia.
1591 2362 1629 2400 Si
1662 2362 1764 2399 enim

986 2423 1053 2458 pro
1068 2411 1292 2448 amabilibus
1307 2410 1390 2456 quis
1402 2410 1550 2463 patiens
1565 2410 1762 2456 gloriatur,

987 2463 1024 2496 et
1047 2462 1201 2505 propter
1226 2459 1367 2501 Deum,
1396 2457 1427 2493 si
1459 2457 1624 2510 patiatur
1655 2457 1763 2510 quid-

987 2517 1113 2552 quam,
1131 2504 1310 2558 suscipiet
1324 2515 1490 2541 sensum.
1509 2504 1546 2541 Si
1565 2504 1666 2541 enim
1682 2503 1763 2550 ipse

986 2564 1065 2589 rem
1084 2551 1484 2605 reprobabilissimam,
1494 2551 1666 2588 videlicet
1683 2561 1763 2603 cru-

986 2611 1081 2644 cem,
1114 2599 1272 2652 gloriam
1299 2600 1470 2644 vocabat,
1498 2599 1615 2635 multo
1641 2596 1761 2643 magis

986 2659 1056 2683 nos
1072 2629 1125 2683 ita
1146 2646 1294 2693 disponi
1313 2650 1473 2700 oportet.
1496 2646 1650 2692 Oportet
1669 2654 1760 2696 ergo

986 2705 1070 2730 cum
1087 2694 1268 2731 debemus
1286 2693 1375 2739 quid
1393 2693 1470 2740 pati
1484 2690 1758 2736 indelectabile,

987 2752 1063 2777 non
1083 2741 1245 2784 labores,
1260 2741 1325 2776 sed
1343 2751 1502 2777 coronas
1520 2738 1757 2784 excogitare:
