1902 3126
568 182 617 215 DE
658 181 768 214 FUGA
808 181 966 214 DOMINI
1007 183 1048 230 121
1088 184 1322 218 AEGYPTUM.
1718 192 1770 226 115

127 257 264 300 elevat,
286 258 320 291 et
356 256 465 297 Puer,
493 251 545 288 sic
571 250 784 296 importune
808 250 909 286 exci-

128 306 243 346 tatus,
267 302 408 349 plorat;
438 303 475 335 et
500 302 715 350 compatere
747 297 907 350 ipsis‚·si

127 351 252 397 quain
272 354 307 384 te
319 351 404 384 sunt
425 346 569 381 viscera
586 345 756 390 pietatis!
781 346 910 391 Cogita

127 408 210 444 quae
247 393 454 432 consolatio
489 392 595 428 Matri
629 402 711 427 esse
745 396 907 438 poterat,

126 444 276 491 quando
299 442 380 488 ipsa
407 440 532 486 puella
559 438 734 483 delicata,
757 450 841 485 qua:
863 440 909 475 de

151 495 234 528 artu
255 490 427 525 recenter
448 490 676 530 surrexerat,
706 486 743 521 in
768 490 908 523 terram

124 503 388 584 Fonginquam,
412 545 479 581 per
499 534 578 570 vias
606 545 761 580 asperas
789 539 825 570 et
851 534 910 570 in-

126 584 311 630 cognitas,
341 583 546 627 cogebatur
574 582 716 627 sugere,
743 582 909 627 quando,

127 633 290 668 Puerum
312 630 506 673 tenellum,
522 629 572 665 sic
594 640 661 675 per
681 629 759 665 vias
781 629 912 675 longas

127 680 333 725 cogebatur
357 677 617 718 circumt'erre;
642 677 790 722 quando
813 676 912 713 inter

126 726 348 763 idololatras
368 724 664 770 compellebatur
686 735 852 760 manere.

179 788 196 810 2
208 775 281 811 Crn
294 774 468 810 Cannu->-
482 784 517 807 IN
536 773 719 807 AEGYPTUM
735 783 884 808 Fuoan
897 771 915 807 ‘2

127 842 173 848 —
184 822 267 865 Qui,
284 821 424 866 Joseph
442 819 596 862 scilicet,
611 830 841 863 consumens.
856 831 914 854 ac-

129 872 224 916 cepit
244 879 396 915 puerum
418 870 451 902 et
474 868 624 902 matrem
646 867 724 911 ejus
745 871 857 907 nocte,
882 870 914 902 et

127 919 274 953 secessit
301 918 338 951 in
360 917 570 960 AEqyptum.
596 914 711 959 Igitur
732 914 777 950 de
806 918 913 950 nocte

131 975 264 1001 versus
292 967 420 1010 partes
448 961 592 1008 AEgypti
628 961 681 997 ire
703 965 912 1007 coeperunt,

130 1011 219 1058 quia
240 1021 312 1047 nox
335 1009 455 1055 magis
472 1020 582 1054 quam
605 1008 684 1044 dies
701 1009 797 1054 sugzr
812 1020 913 1044 com-

128 1058 244 1106 petit;
270 1062 309 1094 ut
331 1057 383 1093 sie
411 1056 602 1102 negotium
629 1056 749 1102 magis
770 1057 914 1092 occulte

129 1107 254 1150 fieret,
270 1110 305 1141 et
328 1104 510 1141 secretius
522 1103 688 1149 pericula
709 1103 915 1139 eminentia

128 1154 350 1196 evaderent,
375 1162 421 1188 ne
443 1151 585 1187 scilicet
606 1151 693 1195 suga
717 1162 738 1187 a
759 1151 916 1187 videnti-

128 1202 198 1238 bus
228 1199 412 1243 accusari,
453 1199 553 1245 apud
591 1209 731 1244 rogem,
774 1202 912 1244 posset.

131 1248 232 1285 Licet
260 1247 360 1284 enim
383 1247 428 1282 de
458 1247 528 1281 hoc
557 1247 743 1282 haberent
777 1246 916 1281 revela-

131 1296 272 1332 tionem
295 1294 476 1336 divinam,
506 1304 577 1329 non
615 1297 740 1329 tamen
762 1297 917 1339 propter

134 1345 206 1379 hoc
221 1340 722 1386 debebantoinittere‚quod
740 1344 917 1386 poterant

134 1391 258 1427 facere
269 1389 472 1425 secundum
483 1387 579 1423 viani
595 1388 811 1423 humanam.
824 1389 916 1423 Ecce

136 1437 231 1483 fugit
262 1436 430 1474 Christus
453 1439 486 1471 et
511 1439 620 1471 nocte
646 1435 750 1480 sugit,
772 1439 811 1471 ut
830 1436 917 1480 suga

135 1496 218 1532 quae
238 1495 304 1531 per
323 1495 363 1519 se
384 1482 548 1519 difficilis
560 1486 630 1525 est,
645 1482 764 1518 noctis
781 1482 915 1518 obscu-

134 1533 246 1568 ritate
268 1530 460 1567 difficilior
490 1529 568 1565 fiat.
600 1529 708 1575 Fugit
731 1533 856 1565 autem
868 1529 913 1582 ‚in

133 1582 347 1626 AEgyptum,
364 1583 403 1614 ut
423 1578 504 1623 ejus
526 1576 758 1629 habitatores
777 1587 917 1623 specia-

132 1627 219 1663 liter
237 1626 466 1662 illuminaret
488 1635 565 1670 prae
586 1628 721 1660 ceteris
742 1627 779 1660 et
805 1634 915 1659 sana—

130 1678 201 1711 ret.
230 1674 334 1710 Unde
355 1674 587 1717 Augustinus
608 1683 615 1707 :
643 1686 659 1704 «
683 1671 778 1707 Audi
801 1671 915 1707 etiam

131 1721 257 1769 magni
274 1720 439 1767 mysterii
460 1723 754 1756 sacramentum.
769 1721 916 1766 Moyses

130 1769 356 1816 quandoque
370 1768 408 1803 in
424 1769 594 1813 AEgypto,
607 1766 762 1813 perfidis
775 1767 916 1802 clause—

129 1821 189 1854 rat
219 1817 338 1860 diem;
371 1815 456 1851 illuc
487 1814 656 1851 Christus
693 1814 914 1858 adveniens,

132 1864 352 1901 sedentibus
382 1863 417 1899 in
453 1861 621 1898 tenebris
657 1861 822 1898 reddidit
858 1862 914 1898 lu<

132 1922 228 1949 cern.
247 1925 265 1943 »
284 1912 387 1947 Unde
410 1914 446 1946 et
466 1911 739 1954 [hrysostomus
762 1922 772 1944 .·
802 1924 820 1942 «
843 1909 915 1946 Sed

135 1969 251 2006 quare
284 1958 322 1994 in
350 1957 576 2004 AEgyptum‘?
606 1957 836 1993 Recordatus
859 1961 916 1993 est

134 2006 236 2043 enim
275 2005 468 2049 Dominus,
517 2004 579 2051 qui
615 2004 654 2040 in
693 2004 808 2040 finem
838 2015 915 2040 non

135 2053 323 2097 irascitur,
345 2056 486 2099 quanta
512 2053 612 2088 mala
638 2052 778 2088 fecerat
805 2062 917 2098 super

134 2104 351 2148 AEgyptum3
391 2100 474 2136 ideo
510 2099 613 2135 misit
640 2099 774 2135 Filium
808 2110 915 2135 suum

135 2149 174 2186 in
203 2160 300 2192 eam,
323 2148 418 2184 dans
446 2147 497 2183 illi
528 2146 846 2183 reconciliationis
867 2146 915 2182 si-

134 2208 249 2244 gnum
275 2200 311 2232 et
337 2199 527 2242 perpetuae
561 2194 735 2231 amicitiae
766 2193 914 2240 pignus,

135 2249 176 2281 ut
199 2244 329 2280 decem
363 2243 495 2290 plagas
524 2242 668 2290 AEgypti
693 2252 767 2278 una
803 2241 917 2277 medi-

135 2292 220 2328 cina
259 2295 424 2327 sanaret.
480 2290 508 2326 O
552 2289 708 2325 mutatio
754 2289 916 2325 dexterse

137 2338 293 2383 Excelsi‚
327 2341 367 2374 ut
398 2338 557 2384 populus
586 2337 647 2383 qui
678 2340 766 2373 ante
797 2336 917 2373 suerat

137 2390 356 2432 persecutor
373 2385 498 2432 populi
526 2383 765 2431 primogeniti
787 2389 918 2430 postea

137 2434 245 2470 fieret
263 2437 388 2469 custos
416 2432 493 2468 Filii
517 2432 724 2479 Unigenitil
746 2446 763 2463 »
787 2433 830 2467 Et
850 2432 917 2468 ite-

134 2492 217 2518 rum
249 2492 256 2516 :
288 2495 306 2513 «
329 2482 369 2516 ln
392 2481 587 2526 :Egyptum
619 2480 799 2515 Parvulus
833 2479 917 2515 mit-

135 2528 239 2571 titur,
269 2531 307 2563 ut
343 2527 445 2563 illam
486 2527 678 2572 regionem
712 2537 810 2572 quae,
841 2538 917 2573 pra:

136 2575 311 2612 omnibus
351 2574 486 2618 terris,
528 2576 682 2610 {lamma
715 2574 919 2621 impietatis

137 2623 310 2666 ardebat,
324 2622 409 2669 igne
419 2624 542 2669 potius
555 2621 640 2658 ndei
658 2623 918 2666 succenderet,

138 2682 181 2707 ex
216 2670 274 2706 his
310 2670 543 2716 persuadens
580 2669 715 2714 etiam,
754 2670 800 2706 de
837 2670 920 2706 aliis

140 2718 269 2754 mundi
296 2718 466 2764 partibus
503 2717 691 2764 speranda
721 2728 804 2754 esse
842 2728 919 2754 me-

141 2765 249 2809 liora,
275 2770 311 2801 et
332 2769 371 2801 ut
401 2765 515 2801 etiam
545 2764 798 2809 addiscamus,
821 2765 921 2812 quod

140 2813 188 2850 ab
217 2812 309 2860 ipsis
336 2812 420 2849 vita:
448 2812 579 2858 initiis,
613 2812 661 2849 ad
694 2813 921 2850 tentationes

991 252 1195 288 debeamus
1221 258 1333 300 atque
1366 255 1520 292 insidias
1551 258 1769 304 prwparari.

991 300 1081 334 Nam
1104 301 1150 335 ab
1173 300 1263 345 ipsis
1290 304 1487 339 cunabulis
1514 305 1648 340 Christi
1674 305 1772 342 istud

991 346 1165 381 etl'ectum
1194 352 1263 391 est,
1288 353 1340 391 ut,
1364 353 1401 384 tu
1423 351 1595 387 videlicet
1618 353 1686 388 hoc
1711 364 1774 389 au-

991 393 1111 437 diens,
1151 404 1232 429 cum
1271 394 1409 431 videris
1444 401 1477 432 te
1510 399 1775 436 tribulationes

991 440 1114 476 varias
1141 444 1177 476 et
1199 441 1298 477 mille
1327 443 1510 479 sustinere
1541 446 1774 492 discrimina,

993 487 1084 523 nihil
1113 489 1267 524 omnino
1302 490 1486 533 turberis;
1516 494 1594 536 sed,
1635 499 1673 529 ut
1706 495 1775 530 isto

993 534 1155 570 munitus
1208 536 1393 582 exemplo,
1445 538 1603 575 viriliter
1642 547 1777 578 ‹wincta

991 581 1192 626 sustineas,
1229 583 1351 619 sciens
1394 584 1658 623 tribulationes
1698 600 1775 625 ma-

991 629 1110 665 ximas
1133 629 1406 676 inseparabiles
1425 633 1604 677 quasdam
1622 636 1777 672 comites

992 688 1073 713 esse
1095 677 1276 713 virtutum
1301 690 1308 714 ;
1334 692 1351 711 »
1376 679 1457 714 hoec
1487 681 1774 724 Chrysus-tomus.

993 725 1080 760 Ideo
1105 724 1218 761 etiam
1244 724 1338 771 sugit
1366 725 1404 762 in
1432 728 1628 774 AEgyptum
1658 730 1778 775 magis

993 783 1105 818 quam
1126 771 1163 807 in
1184 772 1297 808 aliam
1325 776 1479 818 terram,
1501 779 1542 810 ut
1562 777 1779 813 ostenderet

993 830 1032 855 se
1054 830 1184 855 verum
1216 822 1378 866 Moysem
1404 832 1411 856 ε
1436 825 1475 857 ut
1502 821 1597 858 sicut
1632 825 1778 869 Moyses

994 867 1172 913 populum
1194 867 1259 903 Dei
1280 868 1326 904 de
1347 869 1543 905 Pharaone
1563 874 1597 905 et
1621 873 1778 917 AEgypto

994 915 1160 950 liberans
1186 914 1222 950 In
1256 918 1396 951 terram
1426 916 1529 952 duxit
1558 919 1778 963 promissio-

995 962 1066 1004 nis,
1105 962 1156 997 ita
1188 962 1266 1008 ipse
1306 963 1484 1009 populum
1526 964 1691 1000 fidelium
1734 966 1780 1002 de

995 1009 1145 1045 diabolo
1165 1014 1199 1045 et
1219 1009 1364 1046 int’erno
1379 1011 1559 1055 liberans,
1585 1023 1709 1048 secum
1732 1014 1779 1049 ad

994 1067 1154 1102 regnum
1177 1057 1330 1093 duceret
1352 1058 1608 1095 beatitudinis.

1044 1106 1147 1139 5Hn:
1183 1116 1492 1149 coxsmEnANnt'M,
1530 1118 1650 1151 muno,
1684 1119 1778 1148 ouon

996 1152 1174 1196 Domus,
1217 1163 1250 1186 im·
1294 1165 1359 1188 sm
1405 1165 1578 1197 ransom,
1617 1166 1779 1190 scs-cern·

996 1211 1158 1234 A1›x·1-2RsA
1180 1211 1281 1239 ,i-:QL'E
1309 1212 1351 1235 Ac
1379 1212 1573 1237 PhoeruA.
1598 1223 1643 1227 -
1665 1203 1780 1238 MUlta

997 1245 1147 1291 quidem
1189 1247 1288 1282 bona
1328 1247 1569 1284 considerare
1604 1254 1712 1295 potes
1742 1249 1779 1286 in

997 1293 1174 1339 praesenti
1197 1294 1347 1339 negotio
1371 1299 1409 1330 et
1443 1296 1614 1332 materia.
1637 1297 1778 1341 Primo,

997 1340 1194 1376 considera
1237 1342 1553 1386 quemadmodum
1603 1344 1779 1380 Dominus

996 1387 1032 1423 in
1057 1398 1125 1423 sua
1160 1398 1324 1434 persona
1350 1388 1445 1425 sicut
1474 1401 1670 1436 prospera,
1701 1402 1780 1427 sus-

996 1435 1091 1480 cepit
1118 1435 1229 1471 etiam
1250 1435 1421 1472 adversa.
1456 1437 1600 1473 Etenim
1624 1438 1659 1473 in
1681 1438 1778 1474 nati—

994 1482 1110 1518 vitate
1130 1493 1211 1526 sua,
1235 1483 1497 1528 magnificatus
1518 1484 1587 1520 suit
1612 1496 1633 1520 a
1653 1490 1777 1531 pasto—

994 1529 1113 1573 ribus,
1136 1533 1330 1575 tamquam
1349 1531 1462 1575 Deus3
1484 1535 1519 1567 et
1540 1542 1673 1578 parum
1695 1536 1779 1579 post

995 1576 1238 1612 circumcisus
1265 1577 1346 1621 suit,
1370 1580 1561 1624 tamquam
1588 1584 1776 1625 peccator.

996 1624 1139 1660 Deinde
1151 1624 1345 1661 venientes
1363 1625 1459 1671 Magi
1478 1636 1561 1662 eum
1575 1627 1778 1673 plurimum

995 1672 1299 1716 honoraverunt;
1329 1676 1366 1709 et
1402 1673 1482 1719 ipse
1515 1674 1777 1718 nihilominu5‚

993 1718 1033 1755 in
1070 1719 1217 1756 stabulo
1258 1730 1476 1765 remanens,
1507 1721 1608 1758 inter
1639 1722 1779 1758 bestias

994 1767 1130 1810 stabat,
1153 1771 1204 1810 et,
1223 1770 1261 1802 ut
1284 1768 1478 1813 cujusdam
1499 1769 1716 1805 homunculi
1740 1769 1781 1805 fi-

994 1814 1080 1858 lius,
1097 1814 1180 1860 plor
1233 1818 1283 1850 at.
1303 1816 1439 1852 Postea
1453 1821 1722 1862 praesentatum
1743 1817 1779 1853 in

994 1862 1149 1908 templo,
1213 1862 1339 1898 imeon
1370 1867 1406 1899 et
1428 1864 1539 1900 Anna
1565 1865 1779 1901 extulerunt

996 1920 1110 1954 quam
1137 1909 1341 1956 plurimum
1362 1922 1370 1955 ;
1393 1914 1431 1946 et
1452 1915 1541 1947 tune
1565 1913 1612 1948 ab
1633 1912 1778 1958 Angelo

996 1956 1144 2000 dicitur,
1169 1957 1269 2002 quod
1291 1959 1409 2003 fugiat
1433 1958 1471 1994 in
1497 1961 1709 2005 AEgyptum.
1738 1961 1781 1994 Et

997 2004 1115 2040 multa
1142 2004 1231 2040 talia
1261 2004 1299 2040 in
1332 2005 1408 2041 vita
1443 2016 1507 2042 sua
1531 2006 1672 2053 poteris
1700 2017 1781 2053 per-

995 2052 1176 2098 pendere,
1199 2062 1281 2097 quae
1304 2052 1351 2088 ad
1373 2057 1540 2089 nostram
1565 2053 1782 2090 instructio-

997 2110 1082 2135 nem
1094 2109 1293 2145 possumus
1306 2103 1540 2146 retorquere.
1556 2101 1659 2137 [nde
1671 2103 1782 2145 Chry-

994 2150 1170 2182 sostomus
1198 2159 1208 2181 .·
1234 2162 1251 2179 «
1275 2147 1487 2184 Misericors
1509 2149 1609 2184 Deus
1636 2149 1781 2185 mcestis

995 2194 1109 2230 rebus
1141 2194 1316 2240 quaedam
1349 2195 1463 2231 etiam
1487 2196 1657 2242 jucunda
1691 2207 1778 2243 per-

996 2241 1142 2285 miscet,
1155 2242 1254 2288 quod
1271 2247 1372 2279 certe
1384 2242 1420 2278 in
1442 2244 1588 2280 Sanctis
1604 2244 1780 2280 omnibus

995 2289 1096 2333 facit,
1110 2299 1203 2335 quos
1220 2300 1340 2336 neque
1358 2289 1633 2335 tribulationes,
1658 2302 1780 2337 neque

992 2337 1252 2384 jucunditates
1276 2337 1365 2373 sinit
1386 2338 1527 2375 habere
1554 2339 1778 2382 continuas;

997 2385 1062 2421 sed
1090 2388 1170 2420 tum
1208 2396 1251 2421 ex
1288 2385 1477 2431 adversis,
1508 2390 1585 2422 tum
1616 2398 1658 2423 ex
1689 2397 1780 2432 pro-

996 2431 1116 2478 speris
1132 2433 1322 2479 justorum
1341 2433 1471 2478 vitam,
1493 2434 1598 2480 quasi
1618 2434 1781 2470 admira-

997 2480 1061 2517 bili
1084 2480 1247 2526 quadam
1269 2480 1450 2517 varietate
1475 2481 1660 2518 contexit:
1679 2481 1778 2526 quod

997 2527 1058 2563 hic
1093 2538 1244 2573 quoque
1283 2539 1368 2564 eum
1401 2528 1534 2565 secisse
1565 2528 1776 2564 considera.

998 2574 1166 2611 Videndo
1189 2575 1327 2622 quippe
1354 2580 1508 2612 sanetus
1527 2577 1665 2621 Joscph
1691 2587 1778 2619 gra-

999 2622 1125 2659 vidam
1147 2633 1341 2669 sponsam,
1358 2623 1395 2659 in
1417 2623 1672 2659 turbationem
1692 2623 1782 2658 inci-

1000 2670 1054 2707 dit
1071 2670 1286 2707 maximam.
1314 2671 1384 2707 Sed
1405 2671 1515 2707 affuit
1536 2675 1688 2717 repente
1710 2673 1782 2706 An-

1001 2718 1121 2764 gelus,
1144 2718 1392 2764 suspicionem
1422 2719 1584 2761 solvens,
1614 2722 1651 2753 et
1672 2717 1782 2753 timo-

1001 2776 1079 2813 rem
1091 2765 1490 2812 prorsusextinguens.
1507 2764 1644 2801 Deinde
1657 2765 1785 2801 videns

1003 2814 1164 2850 Puerum
1187 2813 1294 2859 signo
1314 2817 1456 2857 natum,
1480 2812 1641 2849 maxima
1661 2813 1784 2850 exsul-
