1897 3167
458 172 507 204 ΒΕ
546 173 843 209 coxcEl‘Tloxt:
881 174 1065 209 Joxxxls
1104 174 1436 212 PllAECl'llSOltlS.
1732 185 1772 217 29

131 242 315 288 acceperit
339 242 472 278 filium.
496 241 667 277 Gaudent
684 245 721 278 et
741 242 819 286 alii,
835 242 913 289 qui-

132 289 201 326 bus
218 288 427 325 inauditum
449 291 605 324 eatenus
625 289 730 335 regni
752 290 913 326 coelestis

130 335 401 381 evangelizavit
435 335 705 382 ingressum.»
742 337 845 372 Unde
876 340 912 373 et

131 383 346 419 Ambrosius
373 394 380 418 z
402 398 419 414 «
445 382 631 419 Solemnis
653 383 783 420 laetitia
798 387 853 420 est
874 383 912 419 in

129 433 214 466 ortu
229 433 265 466 et
280 429 524 476 generatione
539 430 742 475 justorum.
755 432 912 467 Sanctus

129 476 231 513 enim
252 488 327 513 non
348 476 467 513 solum
486 481 682 524 parentum
700 478 911 524 gratia‚sed

128 523 242 560 etiam
269 525 370 561 salus
411 528 468 560 est
511 524 773 571 plurimorum.
806 526 911 562 Unde

126 570 378 608 admonemur
399 572 570 608 hocloco
598 573 821 608 Sanctorum
848 584 911 618 ge-

126 618 324 655 neratione
345 618 465 656 laetari
499 631 506 655 :
529 633 546 651 »
573 619 653 655 haec
679 621 909 656 Ambrosius.

172 669 191 701 5
214 667 350 702 Sex-scs
382 678 533 703 uonxms
562 678 828 703 ruffinissonuu.
865 687 912 693 —-

126 713 320 750 Moraliter
344 713 383 750 in
412 713 580 760 quolibet
615 718 787 750 nostrum
823 725 910 761 pos-

124 770 254 797 sumus
275 761 444 797 invenire
461 761 695 805 Zachariam,
709 765 745 798 et
757 772 908 798 uxorem

123 808 206 853 ejus
233 807 438 852 Elisabeth,
475 819 557 854 quae
590 808 690 854 parit
713 808 747 845 ei
774 808 909 853 filium,

122 855 230 900 quus
257 866 395 892 nomen
424 856 536 892 debet
568 855 694 891 vocari
725 858 908 900 Joannes,

123 902 269 948 eritque
291 902 360 939 sibi
383 902 561 949 gaudium
583 906 619 939 et
639 903 852 948 exsultatio,
874 907 911 940 et

123 949 230 986 multi
268 949 308 986 in
342 949 538 986 nativitate
567 950 649 996 ejus
676 951 907 996 gaudebunt.

124 997 328 1042 Elisabeth,
360 1008 452 1034 uxor
473 996 677 1041 Zachariae,
702 1002 825 1044 potest
850 998 909 1034 in-

124 1044 241 1091 telligi
265 1055 352 1081 caro
381 1045 555 1092 copulata
576 1044 729 1091 Spiritui
752 1047 907 1089 Sancto;

124 1091 212 1137 quia
241 1091 336 1128 sicut
373 1092 429 1127 vir
452 1091 548 1138 regit
570 1096 605 1129 et
633 1094 790 1138 castigat
819 1104 909 1129 uxo-

123 1149 220 1183 rem,
244 1139 297 1175 ita
320 1139 474 1186 spiritus
494 1139 680 1185 castigare
710 1145 745 1177 et
778 1151 910 1188 regere

123 1185 236 1223 debet
260 1197 428 1230 carnem,
449 1198 495 1223 ne
516 1186 686 1223 lasciviat
708 1193 743 1223 et
769 1187 910 1224 incidat

123 1233 161 1269 in
182 1234 446 1271 fornicationis
466 1238 627 1271 reatum.
651 1236 736 1271 Haec
757 1234 855 1282 parit
877 1235 909 1271 ei

122 1281 258 1326 filium,
297 1282 448 1328 quando
490 1281 643 1329 spiritus
680 1293 749 1328 per
784 1282 909 1318 carnis

121 1328 288 1365 officium
308 1332 455 1365 exercet
473 1340 566 1375 opus
582 1329 722 1373 vivum,
741 1333 779 1366 ut
798 1329 826 1365 si
846 1330 909 1365 dat

121 1376 416 1422 eleemosynam,
450 1376 560 1412 vestit
599 1377 756 1421 nudum,
790 1377 907 1423 pascit

121 1424 366 1468 esurientem,
395 1423 519 1460 visitat
541 1424 750 1468 infirmum,
774 1424 907 1470 sepelit

121 1475 324 1515 mortuum,
363 1475 396 1507 et
439 1474 565 1507 cetera
601 1471 862 1517 hujuscemodi
895 1483 903 1507 ε

118 1523 207 1554 tunc
228 1529 322 1554 umor
340 1517 458 1565 ipsius
477 1521 572 1554 sicut
587 1521 675 1554 vitis
696 1519 903 1562 abundans,

117 1567 155 1601 in
185 1566 361 1601 lateribus
400 1566 527 1601 domus
558 1576 644 1602 suae.
682 1567 798 1611 Hujus
835 1566 903 1602 filii

117 1618 255 1649 nomen
289 1613 401 1649 debet
432 1615 616 1657 Joannes,
638 1612 812 1649 videlicet
837 1616 906 1649 Dei

112 1662 251 1705 qratia,
273 1660 398 1697 vocari
440 1672 447 1696 :
487 1659 574 1707 quia
615 1671 727 1697 nemo
761 1661 902 1697 bonum

113 1717 206 1754 opus
226 1708 338 1745 debet
367 1707 436 1744 sibi
465 1707 696 1752 adscribere,
724 1708 790 1744 sed
818 1712 900 1745 tan-

112 1759 190 1791 turn
212 1755 343 1802 gratiae
364 1755 444 1792 Dei.
466 1756 510 1791 Et
530 1758 600 1791 erit
622 1756 692 1793 sibi
722 1756 900 1800 gaudium

110 1807 146 1838 et
167 1805 380 1845 eoesultatio,
403 1802 489 1849 quia
504 1803 661 1840 debono
677 1814 790 1850 opere
810 1814 901 1849 gau-

110 1850 213 1887 debit
234 1854 271 1887 et
294 1850 506 1894 exsultabit,
526 1850 588 1897 qui
616 1855 782 1888 mentem
803 1851 898 1887 laeti-

111 1898 198 1934 licat
220 1903 257 1934 et
278 1902 442 1934 serenat.
468 1900 511 1934 Et
524 1899 632 1934 multi
649 1901 687 1934 in
702 1900 898 1935 nativitate

109 1946 188 1991 ejus
208 1946 432 1991 qaudebunt,
446 1956 579 1982 omnes
596 1945 771 1982 videlicet
790 1946 895 1992 boni,

108 1993 174 2040 qui
205 1993 375 2040 proximo
408 2003 475 2030 suo
515 1993 826 2040 congratulantur
857 1993 896 2030 in

108 2041 222 2078 bono.
262 2042 327 2077 Est
364 2051 454 2088 ergo
502 2040 611 2078 nobis
655 2051 895 2087 summopere

109 2088 398 2135 providendum,
421 2092 461 2125 ut
484 2088 547 2132 qui
567 2089 776 2136 gaudemus
797 2092 895 2126 exte-

108 2136 201 2181 rius,
241 2135 491 2183 tripudiantes
523 2135 561 2172 in
596 2146 768 2182 corpore,
801 2146 893 2182 gau-

107 2183 266 2220 deamus
278 2183 440 2220 interius
455 2183 685 2220 exsultantes
697 2182 734 2219 in
748 2187 871 2220 mente
884 2196 891 2227 ;

107 2231 199 2278 quia
237 2231 408 2278 reliquiae
465 2230 736 2278 cogitationum
792 2230 892 2268 diem

107 2279 244 2315 festum
267 2283 384 2325 agunt
407 2278 580 2315 Domino.
597 2280 678 2315 Non
693 2281 748 2315 est
765 2277 892 2325 impiis

106 2326 288 2372 gaudere,
310 2325 400 2362 dicit
419 2326 614 2370 Dominus,
637 2336 705 2362 nec
721 2330 893 2372 peccato-

108 2373 212 2410 ribus
238 2383 261 2410 a
298 2373 394 2410 facie
422 2377 678 2420 peccatorum.
711 2373 892 2417 Quocirca

107 2431 310 2468 purgemus
336 2421 482 2457 animas
510 2424 659 2457 nostras
688 2431 711 2457 a
735 2421 892 2458 maculis

107 2468 299 2513 vitiorum,
323 2472 364 2505 ut
389 2471 502 2504 tantae
524 2468 775 2505 solemnitatis
798 2479 889 2515 gau-

104 2516 209 2553 dium
229 2515 341 2562 digne
362 2515 554 2553 celebrare
576 2515 776 2562 possimus.

153 2567 175 2599 (3
196 2564 341 2600 Furem
365 2565 518 2600 Joxxms
551 2565 733 2600 Bxpnsrffi
765 2575 892 2600 moxi-

104 2622 212 2648 Tcno.
237 2631 283 2638 —
303 2610 620 2664 Magnificentiam
643 2610 757 2648 etiam
783 2611 889 2658 pueri

106 2669 234 2695 coram
268 2660 426 2695 Dom1n0
465 2659 630 2695 futuram
661 2658 700 2695 in
738 2658 889 2704 virtute,

105 2706 305 2743 sanctitate
333 2710 370 2742 et
395 2705 577 2752 dignitate
596 2705 762 2753 Angelus
794 2717 889 2753 prae-

107 2753 306 2790 nuntiavit.
321 2754 433 2801 Cujus
446 2753 712 2800 magnitudoin
727 2757 892 2801 quatuor

105 2801 292 2846 consistit,
320 2801 525 2839 secundum
554 2804 717 2849 quatuor
742 2801 888 2838 dimen-

986 242 1124 294 siones,
1141 243 1281 295 scilicet
1305 257 1312 280 :
1337 247 1372 282 in
1393 247 1590 286 altitudine
1609 261 1769 289 conver-

986 292 1216 341 sat10n1S,1n
1247 293 1499 336 profunditate
1530 297 1769 346 humilitatis,

985 347 1022 371 1n
1043 335 1240 389 latitudine
1258 339 1465 386 charitatis,
1479 342 1514 379 in
1534 345 1769 391 longitudine

986 387 1276 435 perseveranhae
1297 386 1433 430 finalis,
1451 393 1655 429 secundum
1678 394 1769 432 illud

984 429 1150 476 Apostoli
1175 442 1189 484 ⁴:
1225 432 1268 467 Ut
1292 437 1440 476 possitis
1474 442 1771 484 comprehendere

984 488 1063 513 cum
1084 478 1248 513 omnebus
1273 480 1432 522 Sanctis,
1460 487 1547 529 etc.,
1577 488 1770 526 Salvatore

984 534 1133 570 quoque
1156 526 1395 570 postmodum
1421 533 1622 570 attestante
1643 547 1650 570 t
1673 538 1772 573 Inter

983 575 1087 607 natos
1106 572 1298 608 mulierum
1319 575 1437 619 major
1450 587 1493 612 eo
1511 590 1579 615 non
1595 586 1769 620 sum-emit.

984 619 1056 655 Sed
1077 621 1111 654 et
1133 619 1298 665 Angelus
1318 622 1561 662 multifariam
1585 629 1665 674 ejus
1690 641 1771 667 ma-

982 665 1220 719 gnitudinem
1242 668 1516 713 subsequenter
1534 676 1716 721 exposuit,
1735 682 1772 714 et

983 713 1091 759 plura
1117 723 1242 766 ‘lpSIUS
1270 715 1467 762 privilegia
1496 720 1663 758 seriatim
1691 735 1769 760 me-

983 764 1156 813 moravit.
1179 762 1272 797 Nam
1298 762 1412 799 vitam
1438 765 1518 811 ejus
1541 778 1625 804 cum
1654 770 1770 807 absti-

983 811 1111 860 nentia
1133 808 1320 854 praedixit,
1346 810 1488 848 scilicet
1516 816 1615 860 quod
1644 817 1770 854 vinum

983 858 1019 908 et
1052 865 1227 908 sleeram,
1269 855 1306 892 id
1345 862 1415 902 est,
1456 862 1631 906 poculum
1670 866 1770 911 quod

982 903 1171 955 inebriare
1188 906 1326 949 potest,
1348 905 1536 944 bibiturus
1556 921 1632 946 non
1654 917 1768 958 esset,

983 960 1070 996 qma
1090 961 1166 986 non
1190 951 1297 987 decet
1321 963 1386 988 vas
1414 955 1555 992 coelesti
1577 960 1769 1006 mancipa-

982 1000 1061 1050 tum
1095 997 1242 1051 gratiae,
1273 999 1388 1038 seculi
1424 1001 1612 1040 illecebris
1640 1006 1767 1044 deser-

980 1055 1060 1080 V1re
1089 1056 1097 1080 :
1130 1056 1266 1098 1n.quo
1295 1050 1470 1093 patenter
1493 1049 1670 1089 indicavit
1697 1056 1770 1091 An-

982 1091 1104 1144 gelus,
1117 1103 1205 1145 qula
1216 1093 1263 1130 ab
1275 1094 1450 1132 omnibus
1464 1097 1564 1135 vitiis
1579 1103 1615 1135 et
1637 1102 1767 1138 mundi

982 1139 1184 1184 illecebrffi,
1206 1151 1288 1186 quae
1311 1145 1449 1179 statum
1478 1146 1617 1183 mentis
1644 1149 1768 1185 solent

982 1190 1152 1224 evertere
1176 1188 1322 1225 futurus
1349 1194 1431 1226 erat
1451 1191 1642 1231 immunis.
1670 1197 1767 1232 Prae-

982 1233 1073 1269 dixit
1112 1235 1226 1271 etiam
1276 1237 1441 1282 Angelus
1481 1241 1582 1286 quod
1623 1242 1765 1289 Spiritu

982 1281 1120 1333 Sancto
1142 1293 1185 1318 ex
1206 1285 1312 1319 utero
1335 1289 1433 1320 esset
1454 1287 1673 1334 replendus,
1697 1291 1767 1327 sci-

981 1328 1066 1381 hcet
1090 1333 1271 1382 quantum
1292 1331 1339 1366 ad
1361 1334 1626 1379 purgationem
1655 1337 1767 1384 origi-

981 1375 1076 1412 nans
1096 1381 1253 1422 peccati,
1273 1382 1309 1413 et
1332 1380 1380 1415 ad
1402 1382 1660 1426 operationem
1676 1385 1763 1421 boni

980 1423 1162 1475 meritorii
1187 1436 1194 1459 :
1222 1426 1259 1477 in
1286 1436 1358 1471 quo
1386 1428 1553 1472 profecto
1585 1432 1763 1477 ostendit,

979 1480 1066 1515 qula
1087 1475 1200 1508 natus
1239 1483 1278 1507 1n
1317 1475 1499 1511 mundum
1523 1478 1666 1514 cunctis
1691 1479 1765 1515 vir-

978 1520 1100 1571 tutem.
1129 1518 1315 1571 fructibus
1352 1521 1616 1561 clarificandus
1649 1531 1761 1563 esset.

978 1565 1155 1602 Praedlxlt
1179 1576 1328 1612 quoque
1369 1569 1468 1614 quod
1495 1571 1633 1608 multos
1662 1573 1761 1621 filios

976 1612 1091 1648 lsrael
1123 1617 1359 1650 converteret
1387 1616 1434 1652 ad
1471 1618 1686 1666 Dominum,
1720 1620 1759 1658 id

975 1663 1045 1712 est,
1069 1660 1117 1696 ad
1138 1660 1326 1697 Christum
1349 1673 1357 1698 :
1377 1664 1477 1709 quod
1498 1669 1534 1701 et
1555 1666 1642 1702 fecit
1662 1678 1760 1714 prae-

973 1706 1133 1744 dicando
1152 1707 1288 1754 ipsum,
1311 1713 1347 1746 et
1375 1711 1610 1756 perhibendo
1638 1715 1683 1751 de
1714 1727 1758 1752 eo

972 1754 1246 1792 testimonium.
1295 1757 1566 1796 Praenuntiavit
1604 1761 1760 1809 insuper

971 1803 1150 1848 Angelus,
1173 1802 1259 1849 quia
1281 1808 1368 1840 ante
1401 1807 1602 1844 Dominum
1623 1809 1662 1845 in
1683 1810 1758 1857 spi—

970 1849 1061 1895 ritu,
1088 1853 1125 1886 et
1154 1850 1292 1887 virtute
1322 1851 1410 1889 Eliae
1436 1854 1633 1901 Prophetae
1660 1861 1760 1894 esset

970 1907 1224 1943 praecessurus
1247 1910 1255 1934 ε
1283 1898 1418 1945 primo,
1446 1906 1601 1949 propter
1626 1904 1758 1941 simili-

971 1945 1142 1981 tudinem
1163 1945 1292 1991 officii,
1312 1947 1399 1993 quia
1420 1949 1514 1985 sicut
1536 1950 1637 1988 Elias
1660 1963 1758 1999 prae-

970 1992 1077 2029 cedet
1093 1992 1296 2030 adventum
1310 1995 1446 2032 Christi
1465 1999 1688 2044 secundum,
1705 1999 1758 2037 ita

967 2041 1132 2077 Joannes
1148 2041 1344 2093 praecessit
1363 2043 1546 2089 primum;
1571 2047 1754 2093 secundo,

966 2090 1122 2141 propter
1133 2087 1417 2141 s1militudinem
1428 2091 1513 2128 vitae
1529 2104 1536 2129 :
1554 2093 1642 2139 quia
1656 2098 1757 2131 uter·

968 2145 1040 2182 que
1071 2139 1162 2171 v1x1t
1181 2146 1220 2172 ln
1241 2146 1380 2183 magna
1399 2137 1519 2175 victus
1539 2144 1576 2176 et
1596 2142 1754 2179 vestitus

966 2182 1211 2235 austeritate;
1246 2184 1374 2230 tertio,
1398 2191 1552 2234 propter
1578 2188 1752 2226 similitu·

966 2230 1094 2266 dmem
1113 2230 1323 2268 doetrinae:
1357 2233 1445 2280 quia
1476 2238 1634 2282 uterque
1662 2247 1751 2273 con-

966 2281 1114 2315 stanter
1123 2278 1316 2325 redarguit
1328 2280 1432 2326 vitia,
1445 2281 1558 2319 etiam
1574 2294 1754 2330 persona-

965 2336 1048 2362 rum
1061 2336 1299 2372 magnarum.
1309 2328 1366 2364 Ad
1374 2329 1445 2365 hoc
1453 2333 1580 2367 autem
1589 2331 1753 2368 debebat

964 2373 1195 2419 praecedere,
1218 2377 1258 2410 ut
1278 2380 1517 2414 converteret
1547 2378 1661 2415 corda
1683 2389 1751 2425 pa-

964 2424 1064 2457 trum
1088 2420 1126 2457 in
1161 2421 1275 2466 filios,
1313 2423 1455 2460 scilicet
1491 2429 1673 2471 quantum
1701 2425 1750 2462 ad

965 2467 1243 2515 scripturarum
1256 2469 1560 2518 intelligentiam,
1575 2477 1611 2509 et
1625 2473 1750 2509 incre-

963 2515 1072 2569 dulos
1092 2516 1141 2552 ad
1164 2516 1403 2569 prudentiam
1428 2518 1601 2563 istorum,
1624 2520 1750 2566 quoad

963 2562 1052 2599 fide1
1071 2563 1325 2601 obedientiam
1341 2577 1350 2610 ;
1373 2569 1409 2602 et
1423 2571 1573 2613 pararet
1590 2566 1748 2604 Domino

962 2611 1111 2656 plebem
1130 2611 1350 2657 perfectam,
1363 2614 1486 2660 quoad
1501 2613 1693 2659 Evangelii
1712 2618 1751 2651 et

963 2657 1054 2694 Novi
1083 2659 1311 2696 Testamenti
1343 2661 1504 2706 gratiam
1538 2660 1748 2707 suscipien-

963 2705 1064 2750 dam,
1099 2705 1187 2752 quia
1225 2707 1416 2744 neminem
1460 2708 1506 2744 ad
1539 2709 1748 2755 perfectum

962 2753 1169 2789 adduxerat
1191 2754 1275 2790 Lex.
1302 2756 1345 2790 lit
1378 2758 1532 2802 propter
1557 2756 1628 2792 hoc
1654 2755 1748 2792 dici·

963 2804 1023 2837 tur
1050 2800 1113 2837 illa
1146 2801 1202 2837 lex
1236 2801 1413 2838 timoris:
1448 2802 1536 2850 quia
1568 2803 1747 2851 imperfe-
