1902 3126
471 116 522 149 DE
561 111 937 148 PRAESENTATIONE
975 111 1138 145 DOMINI
1177 109 1219 144 IN
1258 109 1479 144 TEMPLUM.
1741 111 1796 143 109

149 199 280 236 purus,
305 187 400 223 sicut
443 184 509 221 suit
540 183 577 219 in
617 181 823 228 Baptismo‚
848 191 924 216 non

150 239 273 283 potest
292 232 487 281 pervenire
503 230 550 266 ad
571 229 681 265 istam
699 227 924 270 Jerusalem,

151 283 206 319 vel
239 282 353 318 etiam
375 280 412 315 in
434 277 613 323 templum
635 274 802 311 coeleste.
826 274 925 310 Talis

149 333 277 366 autem
296 325 467 375 purgatio
486 324 711 366 celebratur,
735 322 790 357 vel
814 321 873 356 hic
889 320 924 356 in

177 374 326 413 raesenti
350 383 417 420 per
433 369 710 418 poenitentiam,
730 374 796 404 aut
812 368 928 404 tribu-

165 423 310 460 ationes
335 424 371 456 et
399 417 629 465 hujusmodi,
650 416 706 452 vel
725 419 810 463 post
831 426 928 452 mor·

150 474 224 507 tem
244 471 280 505 in
301 466 424 514 poenis
447 464 668 512 purgatorii.

199 520 242 560 24
276 515 384 552 ‹3ch
425 523 680 548 &mmmmm-u
718 521 928 546 DELATIONtS

147 564 306 601 Cnmsri.
331 582 374 587 —
402 561 590 604 Quantum
625 559 672 595 ad
703 558 927 601 secundum,

149 610 344 647 sciendum
362 608 462 654 quod
483 607 644 652 legimus
663 605 853 642 Christum
869 605 930 640 (le-

150 658 269 694 latum
301 656 338 692 in
371 655 597 698 Jerusalem,
627 656 667 689 ut
701 652 788 688 hic:
814 656 850 688 et
875 651 928 688 le-

147 704 274 751 gimus
294 713 382 740 eum
403 703 571 739 delatum
591 701 629 737 in
650 702 863 746 :Egyptum
889 700 929 734 In

149 762 224 799 quo
261 751 455 793 docemur,
491 748 591 795 quod
631 748 754 793 proles
792 746 929 783 mentis

151 802 305 841 nostrae,
329 808 413 844 quae
448 800 503 832 est
537 794 801 841 intelligentia,
830 804 929 830 nunc

149 846 332 883 elevanda
385 848 441 880 est
484 843 531 880 ad
572 841 930 887 contemplationem

149 897 393 935 aeternorum,
412 902 496 938 quae
514 900 582 936 per
598 889 810 926 Jerusalem
831 887 930 924 desi-

149 944 303 987 gnatur,
326 950 410 986 quae
445 939 538 974 visio
575 939 680 984 pacis
708 936 932 981 interpreta-

151 992 232 1031 tur;
255 997 357 1024 nunc
387 997 476 1022 vero
517 983 766 1031 deprimenda
800 986 856 1019 est
883 982 931 1018 ad

149 1033 495 1072 considerationem
544 1031 785 1078 propriorum
833 1030 932 1066 dese-

149 1086 293 1125 ctuum,
304 1092 388 1128 quae
399 1091 465 1126 per
473 1081 673 1125 AEgyptum
687 1077 927 1123 desIgnatur:

149 1131 330 1176 AEgyptus
349 1129 464 1171 enim,
475 1127 628 1163 tenebrae
644 1125 928 1171 interpretatur.

152 1178 360 1213 Possumus
378 1175 494 1213 etiam
525 1173 636 1210 aliter
664 1172 835 1218 quinque
861 1182 930 1207 nu-

150 1234 297 1261 merare
334 1223 429 1267 loca,
462 1222 499 1258 in
537 1231 621 1267 quae
647 1219 819 1256 Christus
844 1229 932 1264 por-

152 1274 256 1308 tatur
279 1270 337 1307 vel
370 1269 536 1312 ducitur,
566 1267 705 1303 scilicet
730 1278 737 1301 :
762 1266 799 1301 in
821 1267 931 1301 Jeru-

154 1318 286 1361 salem,
306 1317 344 1353 in
366 1319 580 1362 AEgyptum,
602 1314 640 1350 in
661 1314 868 1355 desertum,
893 1312 932 1348 in

154 1370 320 1402 montem
346 1366 549 1406 excelsum,
569 1366 604 1397 et
632 1361 667 1396 in
693 1360 821 1406 templi
848 1359 931 1406 pin-

154 1413 347 1449 naculum.
375 1413 416 1447 Et
453 1410 525 1446 ista
562 1408 732 1455 quinque
767 1408 861 1450 loca,
882 1406 930 1442 si-

151 1459 334 1505 gnificant
367 1457 535 1504 quinque
563 1459 695 1499 statuS,
724 1454 763 1489 in
793 1453 932 1499 quihus

151 1507 345 1544 invenitur
368 1505 551 1543 Christus.
573 1503 786 1540 Jerusalem
813 1500 931 1547 signi-

150 1556 239 1591 ficat
270 1553 383 1589 vitam
413 1549 758 1597 contemplativam,
784 1548 848 1584 ubi
876 1551 932 1583 est

150 1602 244 1638 visio
265 1600 386 1648 pacis;
407 1601 588 1646 AEgyptus
606 1596 797 1643 significat
817 1595 931 1630 vitam

149 1649 326 1692 activam,
347 1647 386 1683 in
417 1657 491 1693 qua
523 1649 579 1681 est
620 1654 760 1680 moeror
797 1646 832 1679 et
865 1653 930 1678 an-

149 1695 276 1743 gustia
289 1692 547 1731 tribulationis
565 1704 573 1736 ;
598 1692 792 1728 desertum
817 1689 932 1735 signi-

149 1744 236 1780 ficat
274 1741 512 1789 religionem,
554 1739 591 1776 in
627 1749 703 1785 qua
742 1737 932 1773 insistitur

144 1790 323 1838 jejuniis;
374 1799 482 1825 mons
530 1787 700 1824 excelsus
741 1785 931 1831 significat

149 1837 344 1885 fastigium
384 1834 641 1883 praelationis3
684 1833 931 1880 pinnaculum

151 1885 296 1931 Templi
328 1888 383 1921 est
421 1883 530 1920 sedes
553 1880 796 1928 magistralis.
821 1879 867 1916 Εῖ
892 1879 929 1915 iu

151 1933 211 1969 his
234 1932 395 1969 statibus
416 1929 609 1966 invenitur
627 1930 759 1971 Jesus‚·
781 1927 872 1973 quia
894 1926 931 1962 in

154 1979 256 2017 omni
284 1983 383 2015 statu
405 1977 594 2020 Ecclesiae,
616 1979 738 2023 potest
771 1973 931 2010 inveniri

153 2030 278 2071 Jesus‚
315 2026 456 2063 scilicet
489 2024 604 2061 salus.
634 2023 706 2060 Sed
735 2021 934 2058 considera

154 2075 240 2121 quis
268 2073 427 2121 portavit
459 2083 545 2108 eum
588 2071 624 2107 in
657 2069 867 2107 Jerusalem
898 2072 934 2104 et

154 2122 263 2166 alibi;
286 2126 323 2158 et
348 2120 518 2157 invenies
543 2118 643 2165 quod
663 2117 701 2153 in
721 2116 932 2153 Jerusalem

150 2174 186 2207 et
227 2169 263 2206 iu
297 2171 511 2215 ,Egyptum
539 2166 708 2202 tulerunt
742 2163 932 2200 Christum

151 2217 269 2254 Maria
309 2221 345 2253 et
385 2216 542 2261 Joseph,
583 2215 690 2249 stella
728 2213 856 2251 maris,
897 2215 933 2246 et

150 2268 384 2310 auymentum
413 2276 422 2298 :
455 2262 549 2298 fides
584 2260 727 2297 scilicet
764 2263 801 2295 et
840 2259 930 2294 cha-

152 2312 263 2353 ritas;
286 2311 323 2347 in
343 2311 549 2353 desertum,
572 2308 708 2345 ductus
729 2311 785 2343 est
806 2316 828 2341 a
849 2305 930 2352 Spi-

152 2359 225 2396 ritu
258 2360 413 2398 Sancto:
447 2357 513 2393 sed
543 2356 580 2392 in
616 2359 780 2391 montem
815 2353 933 2389 excel·

152 2417 251 2449 sum,
273 2410 309 2442 et
330 2415 442 2451 super
462 2403 722 2451 pinnaculum,
744 2400 827 2437 tulit
844 2410 931 2436 eum

153 2453 341 2491 diabolus.
360 2453 402 2488 Et
426 2451 508 2487 ideo
530 2450 661 2487 timere
682 2450 821 2485 debent
839 2458 932 2494 praa-

156 2501 220 2538 lati
260 2505 295 2537 et
335 2498 520 2545 magistri,
544 2508 590 2534 ne
630 2508 694 2533 eos
726 2494 934 2542 portaverit

157 2549 332 2586 diabolus
345 2547 381 2583 in
394 2550 558 2582 montem
575 2545 775 2587 excelsum,
792 2542 934 2579 scilicet

157 2594 403 2644 praelationiS,
430 2598 465 2630 et
489 2593 527 2628 in
551 2593 809 2639 pinnaculum,
832 2589 934 2626 scili-

159 2649 215 2681 cet
234 2643 452 2680 cathedram
473 2638 779 2686 magistrationis.

208 2695 250 2727 ‘25
270 2692 376 2728 Clite]
397 2699 702 2724 stGNu-‘hzn‘luxfiu
726 2697 935 2721 OBLATIONIS

160 2750 287 2774 mere.
312 2759 357 2764 —-
377 2738 567 2782 Quantum
600 2735 647 2771 ad
683 2734 856 2778 tertium,
880 2735 936 2769 est

1014 179 1237 222 notandum,
1268 180 1368 225 quod
1406 180 1546 216 oblatio
1578 180 1795 216 indetermi-

1014 230 1100 261 nate
1128 226 1242 262 ficbat
1269 226 1314 263 de
1342 230 1489 263 turture
1522 227 1578 263 vel
1607 228 1793 264 columba.

1016 274 1086 308 Per
1121 276 1306 308 turturem
1342 284 1426 319 qum
1460 278 1515 310 est
1553 275 1720 321 solivaga
1759 278 1795 311 et

1013 323 1130 362 rasta,
1152 319 1374 363 intelligitur
1393 321 1467 356 vita
1488 322 1792 368 contemplativa.

1016 368 1086 402 Per
1125 366 1335 401 columbam
1374 378 1461 403 vero
1497 379 1580 414 quae
1609 369 1793 415 gregatim

1014 414 1127 457 volat,
1166 416 1202 448 et
1240 414 1414 449 foecunda
1452 419 1521 458 est,
1559 416 1797 462 significatur

1013 460 1147 497 activa.
1170 461 1213 495 Et
1238 464 1399 505 utraque
1423 461 1502 496 avis
1524 463 1703 508 gemitum
1725 465 1793 499 ha-

1015 508 1077 544 bet
1108 518 1176 552 pro
1207 511 1340 550 cantu;
1368 508 1432 543 sed
1465 508 1574 544 aliter
1598 515 1633 545 et
1669 510 1793 546 aliter.

1015 555 1183 591 Gemitus
1205 555 1306 590 enim
1327 554 1486 589 turturis
1509 557 1685 602 competit
1707 568 1794 593 con—

1016 601 1257 648 templativis,
1286 604 1323 637 et
1353 601 1413 636 hic
1438 602 1668 647 geminatur,
1697 605 1795 640 unde

1015 649 1154 685 dicitur
1178 659 1246 695 par
1277 651 1483 684 turturum.
1509 649 1657 685 Primus
1678 651 1795 695 gemi-

1016 701 1074 733 tus
1087 700 1143 733 est
1157 695 1312 739 amoris,
1332 695 1377 731 de
1391 706 1463 741 quo
1479 695 1569 731 dicit
1582 698 1796 741 Apostolus,

1016 745 1117 790 quod
1141 746 1242 779 intra
1264 753 1329 778 nos
1349 745 1538 787 gemimus,
1567 744 1797 789 adoptionem

1015 793 1175 837 filiorum
1213 792 1278 826 Dei
1314 794 1582 834 exspectantes‚·
1611 791 1797 827 secundus

1017 842 1073 875 θεῖ
1106 837 1331 881 devotionis,
1371 837 1417 873 de
1459 848 1532 883 quo
1570 837 1660 873 dicit
1698 837 1797 874 idem

1015 886 1218 933 Apostolus
1237 913 1246 929 ‚
1288 884 1390 931 quod
1430 886 1594 930 Spiritus
1635 886 1799 931 postulat

1016 944 1081 978 pro
1107 934 1222 975 nobis,
1249 932 1444 976 qemitibus
1470 933 1795 968 inenarrabilibus.

1017 979 1185 1017 Gemitus
1212 990 1301 1016 vero
1325 979 1509 1015 c'olumbae
1537 979 1715 1026 competit
1741 990 1799 1015 ac-

1017 1027 1117 1071 tivis,
1140 1031 1176 1063 et
1193 1026 1254 1063 hic
1273 1029 1329 1062 est
1348 1026 1499 1072 duplex,
1520 1027 1620 1062 unde
1643 1026 1796 1070 dicitur,

1018 1075 1113 1110 duos
1140 1074 1265 1121 pullos
1301 1073 1579 1110 columbarum.
1602 1075 1705 1109 Unus
1742 1078 1797 1109 est

1019 1133 1085 1168 pro
1102 1120 1266 1168 peccatis
1286 1120 1464 1166 propriis,
1478 1121 1684 1156 secundum
1705 1120 1798 1157 illud

1020 1169 1123 1205 Isaiae
1163 1180 1170 1204 :
1209 1168 1323 1211 Quasi
1359 1169 1529 1203 columbae
1566 1169 1796 1209 meditantes,

1018 1218 1217 1261 qemimus‚·
1243 1214 1340 1250 alius
1361 1220 1417 1250 est
1439 1225 1505 1260 pro
1526 1214 1689 1260 peccatis
1711 1215 1799 1252 alie-

1020 1263 1092 1307 nis,
1130 1262 1338 1299 secundum
1381 1261 1472 1297 illud
1514 1262 1752 1298 Threnorum
1787 1274 1795 1298 t

1019 1311 1148 1347 Omnes
1172 1313 1287 1356 portae
1319 1309 1398 1353 ejus
1432 1309 1643 1352 destruccae;
1677 1319 1796 1344 sacer-

1019 1358 1118 1392 dotes
1158 1357 1236 1401 ejus
1271 1359 1462 1399 yementes.
1491 1357 1595 1391 Hunc
1634 1357 1799 1402 quadru-

1018 1404 1153 1451 plicem
1183 1403 1365 1449 gemitum
1402 1403 1538 1439 offerre
1557 1403 1709 1449 debent,
1735 1403 1798 1449 qui

1019 1461 1173 1497 agnum,
1196 1450 1234 1486 id
1255 1454 1325 1492 est,
1346 1449 1618 1493 innocentiam,
1642 1461 1717 1486 non
1735 1451 1800 1486 ha-

1018 1500 1120 1535 bent.
1135 1519 1180 1524 ——
1196 1497 1380 1533 Praedicta
1394 1496 1510 1542 igitur
1527 1497 1796 1543 recolligendo,

1018 1545 1223 1581 dicendum
1251 1544 1353 1591 quod
1384 1543 1423 1579 in
1449 1544 1520 1579 hac
1556 1544 1796 1590 purgatione,

1017 1592 1208 1629 delatione
1241 1595 1279 1627 et
1305 1591 1509 1635 oblatione,
1545 1591 1798 1637 significatur,

1018 1640 1118 1687 quod
1140 1639 1203 1686 qui
1223 1642 1408 1686 purgatus
1435 1641 1490 1674 est
1511 1648 1532 1674 a
1555 1638 1733 1685 superbia
1763 1643 1797 1674 et

1018 1686 1249 1734 negligentia
1272 1714 1281 1731 ,
1331 1689 1368 1722 et
1408 1685 1614 1732 dispositus
1659 1689 1715 1722 est
1760 1690 1798 1722 ut

1018 1734 1198 1772 ascendat
1217 1734 1265 1770 ad
1283 1732 1641 1779 contemplationem
1664 1733 1744 1777 Dei,
1763 1737 1800 1769 et

1018 1782 1221 1819 descendat
1243 1781 1290 1817 ad
1311 1779 1653 1816 considerationem
1671 1780 1727 1816 sui
1741 1792 1749 1824 ;
1764 1784 1799 1816 et

1017 1840 1151 1866 rursus
1189 1828 1400 1865 ascendens
1433 1831 1557 1873 gemat
1593 1839 1637 1863 ex
1671 1838 1799 1864 amore

1018 1881 1055 1914 et
1095 1876 1316 1920 devotione,
1357 1878 1393 1911 et
1432 1876 1609 1911 deorsum
1647 1875 1799 1911 rediens

1019 1928 1144 1970 gemat
1163 1934 1205 1960 ex
1225 1922 1453 1959 contritione
1466 1926 1501 1957 et
1517 1922 1797 1969 compassione:

1019 1973 1057 2008 in
1079 1971 1138 2007 his
1155 1969 1326 2007 consistit
1356 1970 1536 2016 perfectio
1573 1969 1696 2005 fidelis
1715 1969 1798 2005 ani-

1019 2030 1090 2055 mae
1104 2020 1179 2055 Deo
1198 2018 1356 2054 devotae.
1374 2019 1414 2052 Et
1431 2016 1519 2063 quia
1537 2016 1797 2063 utraequeistae

1019 2066 1105 2102 vitae
1132 2067 1209 2102 Deo
1239 2068 1328 2101 sunt
1348 2068 1525 2108 acceptae,
1548 2074 1623 2099 non
1655 2067 1712 2100 est
1736 2064 1798 2100 de-

1020 2114 1186 2155 finitum,
1202 2116 1329 2148 utrum
1342 2122 1410 2158 pro
1430 2110 1601 2155 Domino,
1614 2115 1797 2154 turtures,

1019 2172 1068 2197 an
1091 2160 1275 2196 columbae
1297 2159 1371 2195 sint
1391 2158 1545 2201 oblatae;
1569 2158 1635 2194 sed
1654 2158 1800 2194 indiffe-

1020 2211 1146 2245 renter
1167 2211 1223 2243 est
1244 2206 1401 2250 dictum,
1424 2216 1492 2252 par
1521 2209 1708 2242 turturum
1734 2210 1800 2242 aut

1019 2257 1115 2292 duos
1131 2254 1256 2302 pullos
1276 2254 1552 2290 columbarum.

1068 2306 1111 2339 26
1138 2304 1370 2338 flammans
1393 2301 1537 2337 Cmusn
1560 2312 1796 2336 ixcneuexu.

1018 2371 1065 2378 —
1085 2349 1220 2387 Vidisti
1249 2359 1339 2395 ergo
1366 2350 1403 2384 in
1426 2347 1632 2395 praedictis,
1658 2347 1796 2384 Christi

1019 2402 1056 2435 et
1083 2400 1284 2444 parentum
1308 2396 1390 2442 ejus
1411 2398 1687 2442 paupertatem,
1710 2394 1799 2440 quia

1018 2455 1230 2493 pauperum
1253 2447 1401 2480 tantum
1428 2443 1615 2479 habebant
1638 2441 1798 2478 oblatio-

1020 2504 1120 2530 nem.
1143 2492 1179 2529 Si
1199 2495 1326 2528 autem
1359 2490 1414 2526 vis
1442 2489 1635 2537 informari
1658 2489 1704 2525 de
1724 2489 1798 2525 hu-

1019 2540 1202 2583 militate,
1245 2537 1482 2575 considerata
1524 2535 1715 2573 oblatione
1763 2539 1800 2572 et

1020 2587 1295 2633 redemptione,
1321 2597 1363 2622 ac
1389 2584 1497 2631 Legis
1517 2583 1797 2627 observatione,

1020 2636 1067 2672 de
1100 2634 1198 2671 sacili
1228 2633 1370 2680 poteris
1400 2633 1609 2667 advertere.
1636 2630 1798 2666 Adverte

1020 2683 1134 2720 etiam
1156 2682 1215 2718 hic
1235 2682 1279 2717 de
1301 2680 1434 2717 Christi
1459 2677 1683 2719 humilitate,
1704 2688 1798 2723 quo-

1021 2730 1133 2767 modo
1157 2740 1178 2766 a
1197 2726 1497 2776 praecedentibus
1520 2727 1565 2760 sit
1587 2729 1697 2761 aucta
1720 2736 1801 2761 suc-
