<?xml version="1.0" encoding="UTF-8"?>
<!DOCTYPE html PUBLIC "-//W3C//DTD XHTML 1.0 Transitional//EN"
    "http://www.w3.org/TR/xhtml1/DTD/xhtml1-transitional.dtd">
<html xmlns="http://www.w3.org/1999/xhtml" xml:lang="en" lang="en">
 <head>
  <title>
</title>
<meta http-equiv="Content-Type" content="text/html;charset=utf-8" />
  <meta name='ocr-system' content='tesseract 3.04.00' />
  <meta name='ocr-capabilities' content='ocr_page ocr_carea ocr_par ocr_line ocrx_word'/>
</head>
<body>
  <div class='ocr_page' id='page_1' title='image "./vitajesuchristie01ludouoft_0305.png"; bbox 0 0 1876 3126; ppageno 0'>
   <div class='ocr_carea' id='block_1_1' title="bbox 445 263 667 299">
    <p class='ocr_par' dir='ltr' id='par_1_1' title="bbox 445 263 667 299">
     <span class='ocr_line' id='line_1_1' title="bbox 445 263 667 299; baseline -0.014 0"><span class='ocrx_word' id='word_1_1' title='bbox 445 263 667 299; x_wconf 79' lang='lat' dir='ltr'>SERMONIS</span> 
     </span>
    </p>
   </div>
   <div class='ocr_carea' id='block_1_2' title="bbox 48 331 837 710">
    <p class='ocr_par' dir='ltr' id='par_1_2' title="bbox 48 331 837 710">
     <span class='ocr_line' id='line_1_2' title="bbox 55 331 834 371; baseline -0.006 0"><span class='ocrx_word' id='word_1_2' title='bbox 55 333 158 370; x_wconf 90' lang='lat' dir='ltr'>omni</span> <span class='ocrx_word' id='word_1_3' title='bbox 181 333 326 371; x_wconf 90' lang='lat' dir='ltr'>homini</span> <span class='ocrx_word' id='word_1_4' title='bbox 359 333 398 369; x_wconf 90' lang='lat' dir='ltr'>in</span> <span class='ocrx_word' id='word_1_5' title='bbox 421 332 483 369; x_wconf 88' lang='lat' dir='ltr'>tali</span> <span class='ocrx_word' id='word_1_6' title='bbox 508 331 732 368; x_wconf 82' lang='lat' dir='ltr'><strong>necessitate</strong></span> <span class='ocrx_word' id='word_1_7' title='bbox 757 331 834 367; x_wconf 87' lang='lat' dir='ltr'>exi-</span> 
     </span>
     <span class='ocr_line' id='line_1_3' title="bbox 59 377 835 422; baseline -0.005 -5"><span class='ocrx_word' id='word_1_8' title='bbox 59 380 190 417; x_wconf 89' lang='lat' dir='ltr'>stenti:</span> <span class='ocrx_word' id='word_1_9' title='bbox 216 381 300 417; x_wconf 92' lang='lat' dir='ltr'>ideo</span> <span class='ocrx_word' id='word_1_10' title='bbox 343 380 456 416; x_wconf 86' lang='lat' dir='ltr'>etiam</span> <span class='ocrx_word' id='word_1_11' title='bbox 484 378 664 422; x_wconf 74' lang='lat' dir='ltr'>inimico,</span> <span class='ocrx_word' id='word_1_12' title='bbox 695 377 767 414; x_wconf 92' lang='lat' dir='ltr'>nisi</span> <span class='ocrx_word' id='word_1_13' title='bbox 793 389 835 414; x_wconf 86' lang='lat' dir='ltr'>ex</span> 
     </span>
     <span class='ocr_line' id='line_1_4' title="bbox 54 425 834 472; baseline -0.003 -8"><span class='ocrx_word' id='word_1_14' title='bbox 54 428 126 464; x_wconf 89' lang='lat' dir='ltr'>hoc-</span> <span class='ocrx_word' id='word_1_15' title='bbox 164 428 329 464; x_wconf 89' lang='lat' dir='ltr'>deterior</span> <span class='ocrx_word' id='word_1_16' title='bbox 352 428 473 470; x_wconf 85' lang='lat' dir='ltr'>fieret,</span> <span class='ocrx_word' id='word_1_17' title='bbox 502 430 539 463; x_wconf 85' lang='lat' dir='ltr'>et</span> <span class='ocrx_word' id='word_1_18' title='bbox 558 426 672 462; x_wconf 84' lang='lat' dir='ltr'>fidem</span> <span class='ocrx_word' id='word_1_19' title='bbox 710 425 834 472; x_wconf 90' lang='lat' dir='ltr'>impu-</span> 
     </span>
     <span class='ocr_line' id='line_1_5' title="bbox 82 474 837 519; baseline -0.004 -8"><span class='ocrx_word' id='word_1_20' title='bbox 82 479 202 519; x_wconf 85' lang='lat' dir='ltr'>naret,</span> <span class='ocrx_word' id='word_1_21' title='bbox 217 475 329 511; x_wconf 90' lang='lat' dir='ltr'>debet</span> <span class='ocrx_word' id='word_1_22' title='bbox 350 474 388 510; x_wconf 89' lang='lat' dir='ltr'>in</span> <span class='ocrx_word' id='word_1_23' title='bbox 401 474 463 510; x_wconf 85' lang='lat' dir='ltr'>tali</span> <span class='ocrx_word' id='word_1_24' title='bbox 487 474 709 510; x_wconf 76' lang='lat' dir='ltr'>necessitate</span> <span class='ocrx_word' id='word_1_25' title='bbox 727 474 837 509; x_wconf 87' lang='lat' dir='ltr'>bene-</span> 
     </span>
     <span class='ocr_line' id='line_1_6' title="bbox 67 521 835 567; baseline -0.001 -9"><span class='ocrx_word' id='word_1_26' title='bbox 67 522 179 558; x_wconf 66' lang='lat' dir='ltr'>‘cium</span> <span class='ocrx_word' id='word_1_27' title='bbox 200 521 380 558; x_wconf 84' lang='lat' dir='ltr'>exhiberi.</span> <span class='ocrx_word' id='word_1_28' title='bbox 405 521 594 558; x_wconf 82' lang='lat' dir='ltr'>Beneficia</span> <span class='ocrx_word' id='word_1_29' title='bbox 614 532 716 565; x_wconf 80' lang='lat' dir='ltr'>vero,</span> <span class='ocrx_word' id='word_1_30' title='bbox 753 532 835 567; x_wconf 80' lang='lat' dir='ltr'>quae</span> 
     </span>
     <span class='ocr_line' id='line_1_7' title="bbox 52 568 834 615; baseline 0 -11"><span class='ocrx_word' id='word_1_31' title='bbox 52 571 141 605; x_wconf 87' lang='lat' dir='ltr'>sunt</span> <span class='ocrx_word' id='word_1_32' title='bbox 166 568 272 614; x_wconf 80' lang='lat' dir='ltr'>signa</span> <span class='ocrx_word' id='word_1_33' title='bbox 301 569 513 605; x_wconf 75' lang='lat' dir='ltr'>dilectionis</span> <span class='ocrx_word' id='word_1_34' title='bbox 550 568 736 615; x_wconf 83' lang='lat' dir='ltr'>specialis,</span> <span class='ocrx_word' id='word_1_35' title='bbox 761 579 834 604; x_wconf 91' lang='lat' dir='ltr'>non</span> 
     </span>
     <span class='ocr_line' id='line_1_8' title="bbox 49 615 835 661; baseline -0.001 -9"><span class='ocrx_word' id='word_1_36' title='bbox 49 618 198 652; x_wconf 83' lang='lat' dir='ltr'>tenetur</span> <span class='ocrx_word' id='word_1_37' title='bbox 218 615 369 652; x_wconf 90' lang='lat' dir='ltr'>inimico</span> <span class='ocrx_word' id='word_1_38' title='bbox 390 616 580 661; x_wconf 79' lang='lat' dir='ltr'>exhibere,</span> <span class='ocrx_word' id='word_1_39' title='bbox 595 619 697 653; x_wconf 80' lang='lat' dir='ltr'>extra</span> <span class='ocrx_word' id='word_1_40' title='bbox 708 626 835 652; x_wconf 91' lang='lat' dir='ltr'>casum</span> 
     </span>
     <span class='ocr_line' id='line_1_9' title="bbox 48 662 834 710; baseline 0 -11"><span class='ocrx_word' id='word_1_41' title='bbox 48 662 304 707; x_wconf 87' lang='lat' dir='ltr'>necessitatis;</span> <span class='ocrx_word' id='word_1_42' title='bbox 325 664 390 700; x_wconf 90' lang='lat' dir='ltr'>sed</span> <span class='ocrx_word' id='word_1_43' title='bbox 412 665 482 700; x_wconf 84' lang='lat' dir='ltr'>hoc</span> <span class='ocrx_word' id='word_1_44' title='bbox 504 668 559 700; x_wconf 89' lang='lat' dir='ltr'>est</span> <span class='ocrx_word' id='word_1_45' title='bbox 580 663 834 710; x_wconf 80' lang='lat' dir='ltr'>perfectionis.</span> 
     </span>
    </p>
   </div>
   <div class='ocr_carea' id='block_1_3' title="bbox 48 709 837 757">
    <p class='ocr_par' dir='ltr' id='par_1_3' title="bbox 48 709 837 757">
     <span class='ocr_line' id='line_1_10' title="bbox 48 709 837 757; baseline 0.003 -12"><span class='ocrx_word' id='word_1_46' title='bbox 48 709 204 747; x_wconf 89' lang='lat' dir='ltr'>Dilectio</span> <span class='ocrx_word' id='word_1_47' title='bbox 228 721 332 757; x_wconf 85' lang='lat' dir='ltr'>ergo,</span> <span class='ocrx_word' id='word_1_48' title='bbox 355 711 429 748; x_wconf 86' lang='lat' dir='ltr'>alia</span> <span class='ocrx_word' id='word_1_49' title='bbox 451 711 623 756; x_wconf 88' lang='lat' dir='ltr'>interior,</span> <span class='ocrx_word' id='word_1_50' title='bbox 645 711 720 748; x_wconf 89' lang='lat' dir='ltr'>alia</span> <span class='ocrx_word' id='word_1_51' title='bbox 740 714 837 747; x_wconf 82' lang='lat' dir='ltr'>exte-</span> 
     </span>
    </p>
   </div>
   <div class='ocr_carea' id='block_1_4' title="bbox 45 757 835 1561">
    <p class='ocr_par' dir='ltr' id='par_1_4' title="bbox 45 757 835 1561">
     <span class='ocr_line' id='line_1_11' title="bbox 47 757 835 804; baseline 0.003 -11"><span class='ocrx_word' id='word_1_52' title='bbox 47 757 139 795; x_wconf 85' lang='lat' dir='ltr'>rior.</span> <span class='ocrx_word' id='word_1_53' title='bbox 176 758 384 795; x_wconf 69' lang='lat' dir='ltr'>Dilectione</span> <span class='ocrx_word' id='word_1_54' title='bbox 411 759 598 802; x_wconf 88' lang='lat' dir='ltr'>interiori,</span> <span class='ocrx_word' id='word_1_55' title='bbox 635 762 671 795; x_wconf 87' lang='lat' dir='ltr'>et</span> <span class='ocrx_word' id='word_1_56' title='bbox 710 759 835 804; x_wconf 80' lang='lat' dir='ltr'>perfe-</span> 
     </span>
     <span class='ocr_line' id='line_1_12' title="bbox 48 806 834 852; baseline 0 -11"><span class='ocrx_word' id='word_1_57' title='bbox 48 806 171 842; x_wconf 86' lang='lat' dir='ltr'>ctione</span> <span class='ocrx_word' id='word_1_58' title='bbox 188 806 439 851; x_wconf 79' lang='lat' dir='ltr'>susticientiae,</span> <span class='ocrx_word' id='word_1_59' title='bbox 456 806 612 852; x_wconf 79' lang='lat' dir='ltr'>quilibet</span> <span class='ocrx_word' id='word_1_60' title='bbox 633 806 747 842; x_wconf 85' lang='lat' dir='ltr'>etiam</span> <span class='ocrx_word' id='word_1_61' title='bbox 763 806 834 841; x_wconf 91' lang='lat' dir='ltr'>im-</span> 
     </span>
     <span class='ocr_line' id='line_1_13' title="bbox 48 853 834 899; baseline 0 -10"><span class='ocrx_word' id='word_1_62' title='bbox 48 853 236 899; x_wconf 88' lang='lat' dir='ltr'>perfectus</span> <span class='ocrx_word' id='word_1_63' title='bbox 273 857 423 890; x_wconf 85' lang='lat' dir='ltr'>tenetur</span> <span class='ocrx_word' id='word_1_64' title='bbox 462 853 669 899; x_wconf 89' lang='lat' dir='ltr'>quemlibet</span> <span class='ocrx_word' id='word_1_65' title='bbox 720 853 834 889; x_wconf 89' lang='lat' dir='ltr'>etiam</span> 
     </span>
     <span class='ocr_line' id='line_1_14' title="bbox 48 899 833 947; baseline 0 -11"><span class='ocrx_word' id='word_1_66' title='bbox 48 899 246 937; x_wconf 90' lang='lat' dir='ltr'>inimicum</span> <span class='ocrx_word' id='word_1_67' title='bbox 273 901 456 947; x_wconf 82' lang='lat' dir='ltr'>diligere;</span> <span class='ocrx_word' id='word_1_68' title='bbox 480 901 683 937; x_wconf 81' lang='lat' dir='ltr'>dilectione</span> <span class='ocrx_word' id='word_1_69' title='bbox 708 905 833 937; x_wconf 84' lang='lat' dir='ltr'>autem</span> 
     </span>
     <span class='ocr_line' id='line_1_15' title="bbox 48 947 833 992; baseline 0 -8"><span class='ocrx_word' id='word_1_70' title='bbox 48 947 238 992; x_wconf 82' lang='lat' dir='ltr'>exteriori,</span> <span class='ocrx_word' id='word_1_71' title='bbox 260 948 296 984; x_wconf 93' lang='lat' dir='ltr'>id</span> <span class='ocrx_word' id='word_1_72' title='bbox 318 952 371 985; x_wconf 88' lang='lat' dir='ltr'>est</span> <span class='ocrx_word' id='word_1_73' title='bbox 400 948 575 984; x_wconf 78' lang='lat' dir='ltr'>beneficii</span> <span class='ocrx_word' id='word_1_74' title='bbox 605 948 833 984; x_wconf 76' lang='lat' dir='ltr'>exhibitione</span> 
     </span>
     <span class='ocr_line' id='line_1_16' title="bbox 48 994 835 1041; baseline -0.001 -10"><span class='ocrx_word' id='word_1_75' title='bbox 48 998 86 1031; x_wconf 89' lang='lat' dir='ltr'>et</span> <span class='ocrx_word' id='word_1_76' title='bbox 104 995 335 1041; x_wconf 74' lang='lat' dir='ltr'>perfectione</span> <span class='ocrx_word' id='word_1_77' title='bbox 354 994 714 1041; x_wconf 85' lang='lat' dir='ltr'>supererogationis,</span> <span class='ocrx_word' id='word_1_78' title='bbox 735 999 835 1030; x_wconf 90' lang='lat' dir='ltr'>tene-</span> 
     </span>
     <span class='ocr_line' id='line_1_17' title="bbox 47 1042 832 1088; baseline -0.003 -10"><span class='ocrx_word' id='word_1_79' title='bbox 47 1045 110 1078; x_wconf 88' lang='lat' dir='ltr'>tur</span> <span class='ocrx_word' id='word_1_80' title='bbox 130 1046 276 1079; x_wconf 88' lang='lat' dir='ltr'>tantum</span> <span class='ocrx_word' id='word_1_81' title='bbox 301 1044 491 1088; x_wconf 85' lang='lat' dir='ltr'>perfectus</span> <span class='ocrx_word' id='word_1_82' title='bbox 509 1043 578 1077; x_wconf 86' lang='lat' dir='ltr'>hoc</span> <span class='ocrx_word' id='word_1_83' title='bbox 598 1042 734 1077; x_wconf 85' lang='lat' dir='ltr'>facere.</span> <span class='ocrx_word' id='word_1_84' title='bbox 760 1043 832 1077; x_wconf 91' lang='lat' dir='ltr'>lm-</span> 
     </span>
     <span class='ocr_line' id='line_1_18' title="bbox 48 1088 831 1136; baseline -0.003 -10"><span class='ocrx_word' id='word_1_85' title='bbox 48 1090 235 1136; x_wconf 87' lang='lat' dir='ltr'>perfectus</span> <span class='ocrx_word' id='word_1_86' title='bbox 264 1090 364 1126; x_wconf 91' lang='lat' dir='ltr'>enim</span> <span class='ocrx_word' id='word_1_87' title='bbox 391 1092 540 1126; x_wconf 87' lang='lat' dir='ltr'>tenetur</span> <span class='ocrx_word' id='word_1_88' title='bbox 566 1088 717 1124; x_wconf 89' lang='lat' dir='ltr'>inimico</span> <span class='ocrx_word' id='word_1_89' title='bbox 745 1099 831 1125; x_wconf 86' lang='lat' dir='ltr'>ran-</span> 
     </span>
     <span class='ocr_line' id='line_1_19' title="bbox 46 1137 830 1182; baseline -0.001 -9"><span class='ocrx_word' id='word_1_90' title='bbox 46 1147 173 1173; x_wconf 89' lang='lat' dir='ltr'>corem</span> <span class='ocrx_word' id='word_1_91' title='bbox 194 1137 270 1173; x_wconf 88' lang='lat' dir='ltr'>odii</span> <span class='ocrx_word' id='word_1_92' title='bbox 294 1137 497 1181; x_wconf 80' lang='lat' dir='ltr'>dimittere,</span> <span class='ocrx_word' id='word_1_93' title='bbox 532 1140 569 1172; x_wconf 90' lang='lat' dir='ltr'>et</span> <span class='ocrx_word' id='word_1_94' title='bbox 604 1137 744 1174; x_wconf 82' lang='lat' dir='ltr'>bonum</span> <span class='ocrx_word' id='word_1_95' title='bbox 765 1147 830 1182; x_wconf 88' lang='lat' dir='ltr'>op-</span> 
     </span>
     <span class='ocr_line' id='line_1_20' title="bbox 49 1183 830 1230; baseline -0.001 -10"><span class='ocrx_word' id='word_1_96' title='bbox 49 1187 144 1228; x_wconf 85' lang='lat' dir='ltr'>tare,</span> <span class='ocrx_word' id='word_1_97' title='bbox 165 1184 243 1220; x_wconf 87' lang='lat' dir='ltr'>sive</span> <span class='ocrx_word' id='word_1_98' title='bbox 268 1184 420 1230; x_wconf 88' lang='lat' dir='ltr'>petierit</span> <span class='ocrx_word' id='word_1_99' title='bbox 440 1183 605 1228; x_wconf 89' lang='lat' dir='ltr'>veniam,</span> <span class='ocrx_word' id='word_1_100' title='bbox 634 1183 712 1220; x_wconf 70' lang='lat' dir='ltr'>sive</span> <span class='ocrx_word' id='word_1_101' title='bbox 735 1194 830 1227; x_wconf 89' lang='lat' dir='ltr'>non;</span> 
     </span>
     <span class='ocr_line' id='line_1_21' title="bbox 50 1231 832 1278; baseline 0 -11"><span class='ocrx_word' id='word_1_102' title='bbox 50 1235 87 1267; x_wconf 90' lang='lat' dir='ltr'>et</span> <span class='ocrx_word' id='word_1_103' title='bbox 107 1231 136 1268; x_wconf 90' lang='lat' dir='ltr'>si</span> <span class='ocrx_word' id='word_1_104' title='bbox 161 1233 311 1278; x_wconf 84' lang='lat' dir='ltr'>petierit</span> <span class='ocrx_word' id='word_1_105' title='bbox 338 1233 500 1275; x_wconf 88' lang='lat' dir='ltr'>veniam,</span> <span class='ocrx_word' id='word_1_106' title='bbox 525 1235 675 1268; x_wconf 87' lang='lat' dir='ltr'>tenetur</span> <span class='ocrx_word' id='word_1_107' title='bbox 695 1231 728 1267; x_wconf 89' lang='lat' dir='ltr'>ei</span> <span class='ocrx_word' id='word_1_108' title='bbox 756 1231 832 1267; x_wconf 91' lang='lat' dir='ltr'>col-</span> 
     </span>
     <span class='ocr_line' id='line_1_22' title="bbox 46 1278 831 1325; baseline 0.001 -11"><span class='ocrx_word' id='word_1_109' title='bbox 46 1278 163 1325; x_wconf 90' lang='lat' dir='ltr'>loqui,</span> <span class='ocrx_word' id='word_1_110' title='bbox 185 1283 219 1316; x_wconf 90' lang='lat' dir='ltr'>et</span> <span class='ocrx_word' id='word_1_111' title='bbox 236 1279 362 1316; x_wconf 82' lang='lat' dir='ltr'>dicere</span> <span class='ocrx_word' id='word_1_112' title='bbox 381 1292 391 1314; x_wconf 90' lang='lat'><strong>:</strong></span> <span class='ocrx_word' id='word_1_113' title='bbox 412 1280 488 1315; x_wconf 75' lang='lat' dir='ltr'>Ave</span> <span class='ocrx_word' id='word_1_114' title='bbox 510 1291 517 1323; x_wconf 86' lang='lat'>;</span> <span class='ocrx_word' id='word_1_115' title='bbox 540 1279 606 1315; x_wconf 85' lang='lat' dir='ltr'>sed</span> <span class='ocrx_word' id='word_1_116' title='bbox 628 1290 704 1314; x_wconf 90' lang='lat' dir='ltr'>non</span> <span class='ocrx_word' id='word_1_117' title='bbox 726 1283 831 1315; x_wconf 87' lang='lat' dir='ltr'>tene-</span> 
     </span>
     <span class='ocr_line' id='line_1_23' title="bbox 45 1325 830 1373; baseline 0.001 -11"><span class='ocrx_word' id='word_1_118' title='bbox 45 1329 106 1362; x_wconf 83' lang='lat' dir='ltr'>tur</span> <span class='ocrx_word' id='word_1_119' title='bbox 131 1326 319 1363; x_wconf 77' lang='lat' dir='ltr'>beneficia</span> <span class='ocrx_word' id='word_1_120' title='bbox 342 1326 565 1373; x_wconf 86' lang='lat' dir='ltr'>temporalia</span> <span class='ocrx_word' id='word_1_121' title='bbox 601 1325 830 1363; x_wconf 84' lang='lat' dir='ltr'>ministrare.</span> 
     </span>
     <span class='ocr_line' id='line_1_24' title="bbox 49 1373 833 1420; baseline -0.001 -10"><span class='ocrx_word' id='word_1_122' title='bbox 49 1373 242 1410; x_wconf 81' lang='lat' dir='ltr'>Perfectus</span> <span class='ocrx_word' id='word_1_123' title='bbox 259 1377 384 1410; x_wconf 89' lang='lat' dir='ltr'>autem</span> <span class='ocrx_word' id='word_1_124' title='bbox 406 1378 555 1410; x_wconf 88' lang='lat' dir='ltr'>tenetur</span> <span class='ocrx_word' id='word_1_125' title='bbox 571 1373 685 1410; x_wconf 85' lang='lat' dir='ltr'>etiam</span> <span class='ocrx_word' id='word_1_126' title='bbox 706 1373 833 1420; x_wconf 76' lang='lat' dir='ltr'>pra-si-</span> 
     </span>
     <span class='ocr_line' id='line_1_25' title="bbox 46 1420 830 1468; baseline 0.001 -11"><span class='ocrx_word' id='word_1_127' title='bbox 46 1420 109 1457; x_wconf 80' lang='lat' dir='ltr'>dia</span> <span class='ocrx_word' id='word_1_128' title='bbox 134 1422 358 1468; x_wconf 89' lang='lat' dir='ltr'>temporalia</span> <span class='ocrx_word' id='word_1_129' title='bbox 385 1423 571 1464; x_wconf 87' lang='lat' dir='ltr'>conferre,</span> <span class='ocrx_word' id='word_1_130' title='bbox 597 1426 633 1458; x_wconf 87' lang='lat' dir='ltr'>et</span> <span class='ocrx_word' id='word_1_131' title='bbox 661 1432 830 1458; x_wconf 78' lang='lat' dir='ltr'>necessa-</span> 
     </span>
     <span class='ocr_line' id='line_1_26' title="bbox 46 1467 829 1514; baseline 0 -10"><span class='ocrx_word' id='word_1_132' title='bbox 46 1467 103 1504; x_wconf 87' lang='lat' dir='ltr'>ria</span> <span class='ocrx_word' id='word_1_133' title='bbox 129 1469 359 1514; x_wconf 82' lang='lat' dir='ltr'>ministrare,</span> <span class='ocrx_word' id='word_1_134' title='bbox 384 1469 461 1506; x_wconf 87' lang='lat' dir='ltr'>sive</span> <span class='ocrx_word' id='word_1_135' title='bbox 503 1469 550 1505; x_wconf 88' lang='lat' dir='ltr'>ab</span> <span class='ocrx_word' id='word_1_136' title='bbox 590 1480 634 1506; x_wconf 88' lang='lat' dir='ltr'>eo</span> <span class='ocrx_word' id='word_1_137' title='bbox 680 1468 829 1505; x_wconf 81' lang='lat' dir='ltr'>veniam</span> 
     </span>
     <span class='ocr_line' id='line_1_27' title="bbox 45 1515 829 1561; baseline 0.001 -10"><span class='ocrx_word' id='word_1_138' title='bbox 45 1515 211 1561; x_wconf 90' lang='lat' dir='ltr'>petierit,</span> <span class='ocrx_word' id='word_1_139' title='bbox 240 1516 317 1553; x_wconf 84' lang='lat' dir='ltr'>sive</span> <span class='ocrx_word' id='word_1_140' title='bbox 340 1528 428 1553; x_wconf 91' lang='lat' dir='ltr'>non.</span> <span class='ocrx_word' id='word_1_141' title='bbox 454 1517 548 1560; x_wconf 86' lang='lat' dir='ltr'>Quia</span> <span class='ocrx_word' id='word_1_142' title='bbox 583 1517 613 1553; x_wconf 89' lang='lat' dir='ltr'>si</span> <span class='ocrx_word' id='word_1_143' title='bbox 634 1517 829 1553; x_wconf 84' lang='lat' dir='ltr'>inimicum</span> 
     </span>
    </p>
   </div>
   <div class='ocr_carea' id='block_1_5' title="bbox 43 1564 850 1610">
    <p class='ocr_par' dir='ltr' id='par_1_5' title="bbox 43 1564 850 1610">
     <span class='ocr_line' id='line_1_28' title="bbox 43 1564 850 1610; baseline 0 -10"><span class='ocrx_word' id='word_1_144' title='bbox 43 1573 67 1600; x_wconf 77' lang='grc' dir='ltr'><em>ἃ</em></span> <span class='ocrx_word' id='word_1_145' title='bbox 87 1564 354 1601; x_wconf 82' lang='lat' dir='ltr'>communione</span> <span class='ocrx_word' id='word_1_146' title='bbox 380 1567 510 1601; x_wconf 77' lang='lat' dir='ltr'>nostra</span> <span class='ocrx_word' id='word_1_147' title='bbox 530 1575 762 1610; x_wconf 75' lang='lat' dir='ltr'>separemus,</span> <span class='ocrx_word' id='word_1_148' title='bbox 785 1576 829 1600; x_wconf 80' lang='lat'>00</span> <span class='ocrx_word' id='word_1_149' title='bbox 844 1579 850 1585; x_wconf 85' lang='grc'><strong>”</strong></span> 
     </span>
    </p>
   </div>
   <div class='ocr_carea' id='block_1_6' title="bbox 6 1609 830 2944">
    <p class='ocr_par' dir='ltr' id='par_1_6' title="bbox 6 1609 830 1993">
     <span class='ocr_line' id='line_1_29' title="bbox 43 1609 829 1656; baseline 0.001 -10"><span class='ocrx_word' id='word_1_150' title='bbox 43 1609 125 1656; x_wconf 87' lang='lat' dir='ltr'>ipso</span> <span class='ocrx_word' id='word_1_151' title='bbox 149 1611 183 1648; x_wconf 90' lang='lat' dir='ltr'>ei</span> <span class='ocrx_word' id='word_1_152' title='bbox 214 1612 484 1656; x_wconf 79' lang='lat' dir='ltr'>benefacimus,</span> <span class='ocrx_word' id='word_1_153' title='bbox 519 1612 607 1648; x_wconf 86' lang='lat' dir='ltr'>dum</span> <span class='ocrx_word' id='word_1_154' title='bbox 634 1611 726 1648; x_wconf 92' lang='lat' dir='ltr'>illud</span> <span class='ocrx_word' id='word_1_155' title='bbox 760 1612 829 1647; x_wconf 87' lang='lat' dir='ltr'>hoc</span> 
     </span>
     <span class='ocr_line' id='line_1_30' title="bbox 43 1657 827 1704; baseline 0.001 -10"><span class='ocrx_word' id='word_1_156' title='bbox 43 1657 118 1694; x_wconf 86' lang='lat' dir='ltr'>fine</span> <span class='ocrx_word' id='word_1_157' title='bbox 139 1658 333 1704; x_wconf 87' lang='lat' dir='ltr'>faciamus,</span> <span class='ocrx_word' id='word_1_158' title='bbox 359 1663 395 1696; x_wconf 87' lang='lat' dir='ltr'>ut</span> <span class='ocrx_word' id='word_1_159' title='bbox 433 1670 518 1695; x_wconf 87' lang='lat' dir='ltr'>eum</span> <span class='ocrx_word' id='word_1_160' title='bbox 542 1660 588 1695; x_wconf 90' lang='lat' dir='ltr'>ab</span> <span class='ocrx_word' id='word_1_161' title='bbox 617 1670 745 1695; x_wconf 83' lang='lat' dir='ltr'>errore</span> <span class='ocrx_word' id='word_1_162' title='bbox 769 1670 827 1695; x_wconf 89' lang='lat' dir='ltr'>re—</span> 
     </span>
     <span class='ocr_line' id='line_1_31' title="bbox 43 1706 829 1743; baseline 0.001 -2"><span class='ocrx_word' id='word_1_163' title='bbox 43 1716 234 1743; x_wconf 80' lang='lat' dir='ltr'>vocemus,</span> <span class='ocrx_word' id='word_1_164' title='bbox 263 1707 366 1743; x_wconf 90' lang='lat' dir='ltr'>Unde</span> <span class='ocrx_word' id='word_1_165' title='bbox 388 1707 514 1743; x_wconf 74' lang='lat' dir='ltr'>Glosscc</span> <span class='ocrx_word' id='word_1_166' title='bbox 535 1719 544 1742; x_wconf 90' lang='lat'><strong>:</strong></span> <span class='ocrx_word' id='word_1_167' title='bbox 567 1720 585 1740; x_wconf 90' lang='lat'>«</span> <span class='ocrx_word' id='word_1_168' title='bbox 615 1706 829 1743; x_wconf 84' lang='lat' dir='ltr'>Benel&#39;acite</span> 
     </span>
     <span class='ocr_line' id='line_1_32' title="bbox 40 1752 826 1800; baseline 0.001 -11"><span class='ocrx_word' id='word_1_169' title='bbox 40 1752 289 1790; x_wconf 87' lang='lat' dir='ltr'>ministrando</span> <span class='ocrx_word' id='word_1_170' title='bbox 333 1753 458 1790; x_wconf 88' lang='lat' dir='ltr'>cibum</span> <span class='ocrx_word' id='word_1_171' title='bbox 493 1754 644 1798; x_wconf 78' lang='lat' dir='ltr'>mentis,</span> <span class='ocrx_word' id='word_1_172' title='bbox 683 1754 720 1791; x_wconf 90' lang='lat' dir='ltr'>id</span> <span class='ocrx_word' id='word_1_173' title='bbox 752 1757 826 1800; x_wconf 76' lang='lat' dir='ltr'>cst,</span> 
     </span>
     <span class='ocr_line' id='line_1_33' title="bbox 40 1799 828 1838; baseline 0.001 -2"><span class='ocrx_word' id='word_1_174' title='bbox 40 1799 326 1838; x_wconf 85' lang='lat' dir='ltr'>instructionem</span> <span class='ocrx_word' id='word_1_175' title='bbox 351 1802 409 1837; x_wconf 85' lang='lat' dir='ltr'>vel</span> <span class='ocrx_word' id='word_1_176' title='bbox 446 1801 718 1838; x_wconf 88' lang='lat' dir='ltr'>correctionem</span> <span class='ocrx_word' id='word_1_177' title='bbox 746 1812 828 1837; x_wconf 90' lang='lat' dir='ltr'>cor-</span> 
     </span>
     <span class='ocr_line' id='line_1_34' title="bbox 42 1848 827 1895; baseline 0.001 -11"><span class='ocrx_word' id='word_1_178' title='bbox 42 1848 166 1895; x_wconf 85' lang='lat' dir='ltr'>poris:</span> <span class='ocrx_word' id='word_1_179' title='bbox 186 1849 313 1886; x_wconf 87' lang='lat' dir='ltr'>omnia</span> <span class='ocrx_word' id='word_1_180' title='bbox 336 1849 436 1886; x_wconf 92' lang='lat' dir='ltr'>enim</span> <span class='ocrx_word' id='word_1_181' title='bbox 455 1850 492 1886; x_wconf 88' lang='lat' dir='ltr'>in</span> <span class='ocrx_word' id='word_1_182' title='bbox 511 1849 690 1894; x_wconf 77' lang='lat' dir='ltr'>Ecclesia,</span> <span class='ocrx_word' id='word_1_183' title='bbox 713 1849 827 1886; x_wconf 87' lang='lat' dir='ltr'>etiam</span> 
     </span>
     <span class='ocr_line' id='line_1_35' title="bbox 42 1897 829 1943; baseline 0.001 -12"><span class='ocrx_word' id='word_1_184' title='bbox 42 1897 392 1940; x_wconf 82' lang='lat' dir='ltr'>excommunicatio,</span> <span class='ocrx_word' id='word_1_185' title='bbox 416 1907 459 1933; x_wconf 91' lang='lat' dir='ltr'>eo</span> <span class='ocrx_word' id='word_1_186' title='bbox 484 1900 671 1943; x_wconf 82' lang='lat' dir='ltr'>spectant,</span> <span class='ocrx_word' id='word_1_187' title='bbox 694 1900 734 1933; x_wconf 87' lang='lat' dir='ltr'>ut</span> <span class='ocrx_word' id='word_1_188' title='bbox 756 1898 829 1932; x_wconf 87' lang='lat' dir='ltr'>fra-</span> 
     </span>
     <span class='ocr_line' id='line_1_36' title="bbox 6 1944 830 1993; baseline 0 -13"><span class='ocrx_word' id='word_1_189' title='bbox 6 1987 12 1993; x_wconf 29' lang='lat'><em>*</em></span> <span class='ocrx_word' id='word_1_190' title='bbox 42 1946 121 1980; x_wconf 82' lang='lat' dir='ltr'>tres</span> <span class='ocrx_word' id='word_1_191' title='bbox 153 1948 190 1980; x_wconf 85' lang='lat' dir='ltr'>et</span> <span class='ocrx_word' id='word_1_192' title='bbox 230 1944 339 1980; x_wconf 87' lang='lat' dir='ltr'>amici</span> <span class='ocrx_word' id='word_1_193' title='bbox 375 1945 482 1980; x_wconf 80' lang='lat' dir='ltr'>fiant.</span> <span class='ocrx_word' id='word_1_194' title='bbox 504 1959 521 1978; x_wconf 87' lang='lat'>»</span> <span class='ocrx_word' id='word_1_195' title='bbox 563 1946 607 1980; x_wconf 88' lang='lat' dir='ltr'>Et</span> <span class='ocrx_word' id='word_1_196' title='bbox 646 1944 735 1990; x_wconf 86' lang='lat' dir='ltr'>quia</span> <span class='ocrx_word' id='word_1_197' title='bbox 772 1947 830 1980; x_wconf 83' lang='lat' dir='ltr'>est</span> 
     </span>
    </p>

    <p class='ocr_par' dir='ltr' id='par_1_7' title="bbox 37 1991 830 2944">
     <span class='ocr_line' id='line_1_37' title="bbox 41 1991 830 2037; baseline 0 -10"><span class='ocrx_word' id='word_1_198' title='bbox 41 1991 232 2036; x_wconf 87' lang='lat' dir='ltr'>quoddam</span> <span class='ocrx_word' id='word_1_199' title='bbox 251 1991 477 2028; x_wconf 76' lang='lat' dir='ltr'>beneficium</span> <span class='ocrx_word' id='word_1_200' title='bbox 499 1991 546 2028; x_wconf 85' lang='lat' dir='ltr'>ad</span> <span class='ocrx_word' id='word_1_201' title='bbox 568 1991 727 2027; x_wconf 83' lang='lat' dir='ltr'>salutem</span> <span class='ocrx_word' id='word_1_202' title='bbox 748 2002 830 2037; x_wconf 89' lang='lat' dir='ltr'>per-</span> 
     </span>
     <span class='ocr_line' id='line_1_38' title="bbox 40 2038 827 2085; baseline 0.001 -12"><span class='ocrx_word' id='word_1_203' title='bbox 40 2038 181 2084; x_wconf 87' lang='lat' dir='ltr'>tinens,</span> <span class='ocrx_word' id='word_1_204' title='bbox 219 2039 318 2085; x_wconf 88' lang='lat' dir='ltr'>quod</span> <span class='ocrx_word' id='word_1_205' title='bbox 355 2049 377 2075; x_wconf 86' lang='lat' dir='ltr'>a</span> <span class='ocrx_word' id='word_1_206' title='bbox 419 2039 590 2085; x_wconf 84' lang='lat' dir='ltr'>quolibet</span> <span class='ocrx_word' id='word_1_207' title='bbox 623 2042 827 2084; x_wconf 83' lang='lat' dir='ltr'>quantum-</span> 
     </span>
     <span class='ocr_line' id='line_1_39' title="bbox 40 2085 828 2133; baseline -0.001 -11"><span class='ocrx_word' id='word_1_208' title='bbox 40 2095 200 2133; x_wconf 86' lang='lat' dir='ltr'>cumque</span> <span class='ocrx_word' id='word_1_209' title='bbox 223 2097 389 2133; x_wconf 85' lang='lat' dir='ltr'>paupere</span> <span class='ocrx_word' id='word_1_210' title='bbox 410 2090 532 2132; x_wconf 86' lang='lat' dir='ltr'>potest</span> <span class='ocrx_word' id='word_1_211' title='bbox 553 2086 735 2130; x_wconf 85' lang='lat' dir='ltr'>exhiberi,</span> <span class='ocrx_word' id='word_1_212' title='bbox 758 2085 828 2122; x_wconf 90' lang='lat' dir='ltr'>sci-</span> 
     </span>
     <span class='ocr_line' id='line_1_40' title="bbox 37 2131 828 2181; baseline 0.001 -13"><span class='ocrx_word' id='word_1_213' title='bbox 37 2131 127 2170; x_wconf 81' lang='lat' dir='ltr'>licet</span> <span class='ocrx_word' id='word_1_214' title='bbox 147 2145 257 2171; x_wconf 89' lang='lat' dir='ltr'>orare</span> <span class='ocrx_word' id='word_1_215' title='bbox 271 2145 339 2181; x_wconf 91' lang='lat' dir='ltr'>pro</span> <span class='ocrx_word' id='word_1_216' title='bbox 358 2134 570 2170; x_wconf 85' lang='lat' dir='ltr'>animarum</span> <span class='ocrx_word' id='word_1_217' title='bbox 589 2134 722 2179; x_wconf 81' lang='lat' dir='ltr'>salute,</span> <span class='ocrx_word' id='word_1_218' title='bbox 743 2133 828 2170; x_wconf 90' lang='lat' dir='ltr'>ideo</span> 
     </span>
     <span class='ocr_line' id='line_1_41' title="bbox 39 2181 830 2229; baseline 0 -12"><span class='ocrx_word' id='word_1_219' title='bbox 39 2182 233 2229; x_wconf 69' lang='lat' dir='ltr'>subjungit</span> <span class='ocrx_word' id='word_1_220' title='bbox 253 2194 260 2218; x_wconf 80' lang='lat' dir='ltr'>z</span> <span class='ocrx_word' id='word_1_221' title='bbox 298 2182 517 2226; x_wconf 73' lang='lat' dir='ltr'>Benedicitc,</span> <span class='ocrx_word' id='word_1_222' title='bbox 555 2181 695 2218; x_wconf 84' lang='lat' dir='ltr'>scilicet</span> <span class='ocrx_word' id='word_1_223' title='bbox 729 2182 830 2218; x_wconf 86' lang='lat' dir='ltr'>bona</span> 
     </span>
     <span class='ocr_line' id='line_1_42' title="bbox 39 2229 828 2276; baseline -0.001 -11"><span class='ocrx_word' id='word_1_224' title='bbox 39 2229 173 2276; x_wconf 80' lang='lat' dir='ltr'>gratiae</span> <span class='ocrx_word' id='word_1_225' title='bbox 196 2233 232 2266; x_wconf 88' lang='lat' dir='ltr'>et</span> <span class='ocrx_word' id='word_1_226' title='bbox 252 2229 383 2276; x_wconf 68' lang='lat' dir='ltr'>gloriae</span> <span class='ocrx_word' id='word_1_227' title='bbox 411 2229 652 2276; x_wconf 86' lang='lat' dir='ltr'>imprecando</span> <span class='ocrx_word' id='word_1_228' title='bbox 675 2230 828 2264; x_wconf 77' lang='lat' dir='ltr'>maledi-</span> 
     </span>
     <span class='ocr_line' id='line_1_43' title="bbox 40 2276 827 2321; baseline -0.003 -8"><span class='ocrx_word' id='word_1_229' title='bbox 40 2278 204 2313; x_wconf 82' lang='lat' dir='ltr'>centibus</span> <span class='ocrx_word' id='word_1_230' title='bbox 230 2278 346 2321; x_wconf 76' lang='lat' dir='ltr'>vobz&#39;s,</span> <span class='ocrx_word' id='word_1_231' title='bbox 367 2280 468 2314; x_wconf 90' lang='lat' dir='ltr'>retro</span> <span class='ocrx_word' id='word_1_232' title='bbox 496 2276 748 2321; x_wconf 84' lang='lat' dir='ltr'>detrahendo,</span> <span class='ocrx_word' id='word_1_233' title='bbox 771 2276 827 2313; x_wconf 82' lang='lat' dir='ltr'>vel</span> 
     </span>
     <span class='ocr_line' id='line_1_44' title="bbox 41 2324 829 2371; baseline 0 -11"><span class='ocrx_word' id='word_1_234' title='bbox 41 2327 170 2371; x_wconf 87' lang='lat' dir='ltr'>aperte</span> <span class='ocrx_word' id='word_1_235' title='bbox 190 2324 512 2371; x_wconf 84' lang='lat' dir='ltr'>blaspbemando;</span> <span class='ocrx_word' id='word_1_236' title='bbox 536 2329 568 2360; x_wconf 78' lang='lat' dir='ltr'>et</span> <span class='ocrx_word' id='word_1_237' title='bbox 587 2328 698 2367; x_wconf 78' lang='lat' dir='ltr'>orate,</span> <span class='ocrx_word' id='word_1_238' title='bbox 729 2325 829 2360; x_wconf 84' lang='lat' dir='ltr'>dicta</span> 
     </span>
     <span class='ocr_line' id='line_1_45' title="bbox 40 2371 826 2418; baseline -0.001 -9"><span class='ocrx_word' id='word_1_239' title='bbox 40 2372 143 2409; x_wconf 86' lang='lat' dir='ltr'>bona</span> <span class='ocrx_word' id='word_1_240' title='bbox 172 2373 350 2418; x_wconf 89' lang='lat' dir='ltr'>optando,</span> <span class='ocrx_word' id='word_1_241' title='bbox 373 2376 410 2409; x_wconf 86' lang='lat' dir='ltr'>et</span> <span class='ocrx_word' id='word_1_242' title='bbox 431 2374 549 2409; x_wconf 89' lang='lat' dir='ltr'>Deum</span> <span class='ocrx_word' id='word_1_243' title='bbox 572 2371 826 2417; x_wconf 82' lang='lat' dir='ltr'>deprecando,</span> 
     </span>
     <span class='ocr_line' id='line_1_46' title="bbox 37 2420 828 2466; baseline -0.001 -11"><span class='ocrx_word' id='word_1_244' title='bbox 37 2430 107 2466; x_wconf 79' lang='lat' dir='ltr'>pro</span> <span class='ocrx_word' id='word_1_245' title='bbox 123 2421 424 2466; x_wconf 79' lang='lat' dir='ltr'>persequentibus</span> <span class='ocrx_word' id='word_1_246' title='bbox 459 2425 493 2457; x_wconf 80' lang='lat' dir='ltr'>et</span> <span class='ocrx_word' id='word_1_247' title='bbox 515 2420 828 2457; x_wconf 73' lang='lat' dir='ltr'>calumniantibus</span> 
     </span>
     <span class='ocr_line' id='line_1_47' title="bbox 39 2467 825 2513; baseline 0 -11"><span class='ocrx_word' id='word_1_248' title='bbox 39 2477 117 2511; x_wconf 80' lang='lat' dir='ltr'>vos,</span> <span class='ocrx_word' id='word_1_249' title='bbox 139 2467 277 2503; x_wconf 89' lang='lat' dir='ltr'>falsum</span> <span class='ocrx_word' id='word_1_250' title='bbox 298 2467 439 2504; x_wconf 88' lang='lat' dir='ltr'>crimen</span> <span class='ocrx_word' id='word_1_251' title='bbox 460 2467 566 2504; x_wconf 78' lang='lat' dir='ltr'>vobis</span> <span class='ocrx_word' id='word_1_252' title='bbox 583 2467 825 2513; x_wconf 82' lang='lat' dir='ltr'>imponendo.</span> 
     </span>
     <span class='ocr_line' id='line_1_48' title="bbox 40 2514 827 2561; baseline -0.001 -11"><span class='ocrx_word' id='word_1_253' title='bbox 40 2515 158 2561; x_wconf 84' lang='lat' dir='ltr'>Hujus</span> <span class='ocrx_word' id='word_1_254' title='bbox 197 2515 407 2561; x_wconf 80' lang='lat' dir='ltr'>exemplum</span> <span class='ocrx_word' id='word_1_255' title='bbox 445 2515 549 2551; x_wconf 86' lang='lat' dir='ltr'>dedit</span> <span class='ocrx_word' id='word_1_256' title='bbox 578 2515 762 2552; x_wconf 79' lang='lat' dir='ltr'>Dominus</span> <span class='ocrx_word' id='word_1_257' title='bbox 788 2514 827 2549; x_wconf 92' lang='lat' dir='ltr'>in</span> 
     </span>
     <span class='ocr_line' id='line_1_49' title="bbox 42 2561 826 2610; baseline -0.001 -12"><span class='ocrx_word' id='word_1_258' title='bbox 42 2572 151 2598; x_wconf 89' lang='lat' dir='ltr'>cruce</span> <span class='ocrx_word' id='word_1_259' title='bbox 184 2573 403 2609; x_wconf 83' lang='lat' dir='ltr'>suspensus,</span> <span class='ocrx_word' id='word_1_260' title='bbox 430 2566 467 2598; x_wconf 88' lang='lat' dir='ltr'>et</span> <span class='ocrx_word' id='word_1_261' title='bbox 493 2564 706 2610; x_wconf 83' lang='lat' dir='ltr'>Stephanus</span> <span class='ocrx_word' id='word_1_262' title='bbox 733 2561 826 2607; x_wconf 78' lang='lat' dir='ltr'>lapi-</span> 
     </span>
     <span class='ocr_line' id='line_1_50' title="bbox 39 2608 825 2655; baseline 0.003 -10"><span class='ocrx_word' id='word_1_263' title='bbox 39 2608 163 2655; x_wconf 82' lang='lat' dir='ltr'>datus,</span> <span class='ocrx_word' id='word_1_264' title='bbox 191 2614 228 2646; x_wconf 89' lang='lat' dir='ltr'>et</span> <span class='ocrx_word' id='word_1_265' title='bbox 248 2609 365 2646; x_wconf 79' lang='lat' dir='ltr'>David</span> <span class='ocrx_word' id='word_1_266' title='bbox 385 2621 407 2646; x_wconf 93' lang='lat' dir='ltr'>a</span> <span class='ocrx_word' id='word_1_267' title='bbox 440 2610 562 2647; x_wconf 90' lang='lat' dir='ltr'>Semei</span> <span class='ocrx_word' id='word_1_268' title='bbox 587 2609 825 2647; x_wconf 87' lang='lat' dir='ltr'>maledictus.</span> 
     </span>
     <span class='ocr_line' id='line_1_51' title="bbox 38 2656 826 2705; baseline -0.001 -12"><span class='ocrx_word' id='word_1_269' title='bbox 38 2656 108 2694; x_wconf 87' lang='lat' dir='ltr'>Ubi</span> <span class='ocrx_word' id='word_1_270' title='bbox 130 2661 220 2694; x_wconf 86' lang='lat' dir='ltr'>nota</span> <span class='ocrx_word' id='word_1_271' title='bbox 237 2657 338 2704; x_wconf 86' lang='lat' dir='ltr'>quod</span> <span class='ocrx_word' id='word_1_272' title='bbox 358 2657 491 2703; x_wconf 81' lang='lat' dir='ltr'>triplex</span> <span class='ocrx_word' id='word_1_273' title='bbox 504 2661 559 2694; x_wconf 90' lang='lat' dir='ltr'>est</span> <span class='ocrx_word' id='word_1_274' title='bbox 581 2657 734 2705; x_wconf 83' lang='lat' dir='ltr'>injuria,</span> <span class='ocrx_word' id='word_1_275' title='bbox 755 2656 826 2693; x_wconf 92' lang='lat' dir='ltr'>sci-</span> 
     </span>
     <span class='ocr_line' id='line_1_52' title="bbox 39 2703 827 2752; baseline -0.001 -11"><span class='ocrx_word' id='word_1_276' title='bbox 39 2703 127 2741; x_wconf 83' lang='lat' dir='ltr'>licet</span> <span class='ocrx_word' id='word_1_277' title='bbox 146 2716 154 2741; x_wconf 93' lang='lat'>:</span> <span class='ocrx_word' id='word_1_278' title='bbox 179 2706 317 2752; x_wconf 85' lang='lat' dir='ltr'>cordis,</span> <span class='ocrx_word' id='word_1_279' title='bbox 346 2716 430 2751; x_wconf 80' lang='lat' dir='ltr'>quae</span> <span class='ocrx_word' id='word_1_280' title='bbox 451 2716 586 2742; x_wconf 89' lang='lat' dir='ltr'>rancor</span> <span class='ocrx_word' id='word_1_281' title='bbox 619 2705 676 2741; x_wconf 89' lang='lat' dir='ltr'>vel</span> <span class='ocrx_word' id='word_1_282' title='bbox 699 2704 827 2741; x_wconf 91' lang='lat' dir='ltr'>odium</span> 
     </span>
     <span class='ocr_line' id='line_1_53' title="bbox 41 2751 828 2800; baseline 0.001 -12"><span class='ocrx_word' id='word_1_283' title='bbox 41 2751 203 2800; x_wconf 80' lang='lat' dir='ltr'>dicitur3</span> <span class='ocrx_word' id='word_1_284' title='bbox 223 2753 313 2798; x_wconf 88' lang='lat' dir='ltr'>oris,</span> <span class='ocrx_word' id='word_1_285' title='bbox 332 2764 415 2800; x_wconf 65' lang='lat' dir='ltr'>quie</span> <span class='ocrx_word' id='word_1_286' title='bbox 434 2753 617 2790; x_wconf 88' lang='lat' dir='ltr'>detractio</span> <span class='ocrx_word' id='word_1_287' title='bbox 635 2753 692 2789; x_wconf 82' lang='lat' dir='ltr'>vel</span> <span class='ocrx_word' id='word_1_288' title='bbox 714 2752 828 2789; x_wconf 84' lang='lat' dir='ltr'>male-</span> 
     </span>
     <span class='ocr_line' id='line_1_54' title="bbox 42 2798 823 2848; baseline 0.001 -13"><span class='ocrx_word' id='word_1_289' title='bbox 42 2798 178 2846; x_wconf 77' lang='lat' dir='ltr'>dicti03</span> <span class='ocrx_word' id='word_1_290' title='bbox 192 2801 330 2848; x_wconf 82' lang='lat' dir='ltr'>operis,</span> <span class='ocrx_word' id='word_1_291' title='bbox 349 2801 490 2837; x_wconf 89' lang='lat' dir='ltr'>scilicet</span> <span class='ocrx_word' id='word_1_292' title='bbox 506 2801 610 2838; x_wconf 64' lang='lat' dir='ltr'>laesio</span> <span class='ocrx_word' id='word_1_293' title='bbox 623 2799 823 2837; x_wconf 88' lang='lat' dir='ltr'>manualis.</span> 
     </span>
     <span class='ocr_line' id='line_1_55' title="bbox 44 2845 828 2896; baseline 0.003 -14"><span class='ocrx_word' id='word_1_294' title='bbox 44 2845 108 2883; x_wconf 85' lang='lat' dir='ltr'>His</span> <span class='ocrx_word' id='word_1_295' title='bbox 131 2846 246 2894; x_wconf 86' lang='lat' dir='ltr'>igitur</span> <span class='ocrx_word' id='word_1_296' title='bbox 273 2848 396 2885; x_wconf 87' lang='lat' dir='ltr'>tribus</span> <span class='ocrx_word' id='word_1_297' title='bbox 419 2849 622 2896; x_wconf 88' lang='lat' dir='ltr'>generibus</span> <span class='ocrx_word' id='word_1_298' title='bbox 658 2847 730 2885; x_wconf 84' lang='lat' dir='ltr'>tria</span> <span class='ocrx_word' id='word_1_299' title='bbox 758 2849 828 2884; x_wconf 90' lang='lat' dir='ltr'>Do-</span> 
     </span>
     <span class='ocr_line' id='line_1_56' title="bbox 41 2893 826 2944; baseline 0.004 -14"><span class='ocrx_word' id='word_1_300' title='bbox 41 2893 166 2932; x_wconf 80' lang='lat' dir='ltr'>minus</span> <span class='ocrx_word' id='word_1_301' title='bbox 187 2895 344 2944; x_wconf 85' lang='lat' dir='ltr'>apponit</span> <span class='ocrx_word' id='word_1_302' title='bbox 360 2896 528 2935; x_wconf 83' lang='lat' dir='ltr'>remedia</span> <span class='ocrx_word' id='word_1_303' title='bbox 549 2908 558 2942; x_wconf 90' lang='lat'>;</span> <span class='ocrx_word' id='word_1_304' title='bbox 584 2899 714 2934; x_wconf 89' lang='lat' dir='ltr'>contra</span> <span class='ocrx_word' id='word_1_305' title='bbox 750 2895 826 2943; x_wconf 91' lang='lat' dir='ltr'>pri-</span> 
     </span>
    </p>
   </div>
   <div class='ocr_carea' id='block_1_7' title="bbox 707 262 1695 304">
    <p class='ocr_par' dir='ltr' id='par_1_8' title="bbox 707 262 1695 304">
     <span class='ocr_line' id='line_1_57' title="bbox 707 262 1695 304; baseline 0.007 -8"><span class='ocrx_word' id='word_1_306' title='bbox 707 262 747 296; x_wconf 65' lang='lat' dir='ltr'>lx</span> <span class='ocrx_word' id='word_1_307' title='bbox 785 262 927 296; x_wconf 68' lang='lat' dir='ltr'>MONTE</span> <span class='ocrx_word' id='word_1_308' title='bbox 969 263 1287 300; x_wconf 59' lang='lat' dir='ltr'>CONTINUATIO.</span> <span class='ocrx_word' id='word_1_309' title='bbox 1633 268 1695 304; x_wconf 71' lang='lat'>291</span> 
     </span>
    </p>
   </div>
   <div class='ocr_carea' id='block_1_8' title="bbox 899 336 1699 2464">
    <p class='ocr_par' dir='ltr' id='par_1_9' title="bbox 907 336 1699 994">
     <span class='ocr_line' id='line_1_58' title="bbox 912 336 1696 384; baseline 0.011 -18"><span class='ocrx_word' id='word_1_310' title='bbox 912 342 1015 367; x_wconf 88' lang='lat' dir='ltr'>mum</span> <span class='ocrx_word' id='word_1_311' title='bbox 1055 344 1062 367; x_wconf 82' lang='lat' dir='ltr'>z</span> <span class='ocrx_word' id='word_1_312' title='bbox 1105 336 1258 377; x_wconf 64' lang='lat' dir='ltr'>Diliglc&#39;tc</span> <span class='ocrx_word' id='word_1_313' title='bbox 1309 338 1474 372; x_wconf 73' lang='lat' dir='ltr'>inimicos</span> <span class='ocrx_word' id='word_1_314' title='bbox 1518 341 1653 375; x_wconf 78' lang='lat' dir='ltr'>vestros</span> <span class='ocrx_word' id='word_1_315' title='bbox 1684 352 1696 384; x_wconf 69' lang='grc' dir='ltr'><strong><em>ς</em></strong></span> 
     </span>
     <span class='ocr_line' id='line_1_59' title="bbox 910 382 1696 422; baseline 0.01 -8"><span class='ocrx_word' id='word_1_316' title='bbox 910 382 1040 415; x_wconf 88' lang='lat' dir='ltr'>contra</span> <span class='ocrx_word' id='word_1_317' title='bbox 1058 382 1262 418; x_wconf 79' lang='lat' dir='ltr'>secundum</span> <span class='ocrx_word' id='word_1_318' title='bbox 1280 395 1287 418; x_wconf 92' lang='lat'>:</span> <span class='ocrx_word' id='word_1_319' title='bbox 1313 385 1516 420; x_wconf 70' lang='lat' dir='ltr'>Bcncaelicitc</span> <span class='ocrx_word' id='word_1_320' title='bbox 1541 386 1696 422; x_wconf 75' lang='lat' dir='ltr'>maledi-</span> 
     </span>
     <span class='ocr_line' id='line_1_60' title="bbox 909 427 1697 479; baseline 0.01 -17"><span class='ocrx_word' id='word_1_321' title='bbox 909 427 1072 462; x_wconf 74' lang='lat' dir='ltr'>centibus</span> <span class='ocrx_word' id='word_1_322' title='bbox 1092 429 1206 471; x_wconf 68' lang='lat' dir='ltr'>vobis,</span> <span class='ocrx_word' id='word_1_323' title='bbox 1229 434 1260 464; x_wconf 75' lang='lat' dir='ltr'>ct</span> <span class='ocrx_word' id='word_1_324' title='bbox 1279 435 1378 466; x_wconf 68' lang='lat' dir='ltr'>orate</span> <span class='ocrx_word' id='word_1_325' title='bbox 1397 443 1463 477; x_wconf 77' lang='lat' dir='ltr'>pro</span> <span class='ocrx_word' id='word_1_326' title='bbox 1484 443 1697 479; x_wconf 78' lang='lat' dir='ltr'>persequen-</span> 
     </span>
     <span class='ocr_line' id='line_1_61' title="bbox 909 474 1697 523; baseline 0.01 -14"><span class='ocrx_word' id='word_1_327' title='bbox 909 474 1007 509; x_wconf 78' lang='lat' dir='ltr'>tibus</span> <span class='ocrx_word' id='word_1_328' title='bbox 1039 478 1072 509; x_wconf 72' lang='lat' dir='ltr'>et</span> <span class='ocrx_word' id='word_1_329' title='bbox 1107 476 1417 513; x_wconf 65' lang='lat' dir='ltr'>calumniantibus</span> <span class='ocrx_word' id='word_1_330' title='bbox 1434 489 1523 523; x_wconf 73' lang='lat' dir='ltr'>ros;</span> <span class='ocrx_word' id='word_1_331' title='bbox 1563 484 1697 518; x_wconf 73' lang='lat' dir='ltr'>contra</span> 
     </span>
     <span class='ocr_line' id='line_1_62' title="bbox 910 521 1696 570; baseline 0.01 -14"><span class='ocrx_word' id='word_1_332' title='bbox 910 521 1061 557; x_wconf 86' lang='lat' dir='ltr'>tertium</span> <span class='ocrx_word' id='word_1_333' title='bbox 1083 533 1090 556; x_wconf 91' lang='grc'>;</span> <span class='ocrx_word' id='word_1_334' title='bbox 1129 523 1335 566; x_wconf 69' lang='lat' dir='ltr'>Bencs&#39;uez&#39;te</span> <span class='ocrx_word' id='word_1_335' title='bbox 1374 526 1430 560; x_wconf 74' lang='lat' dir='ltr'>his</span> <span class='ocrx_word' id='word_1_336' title='bbox 1453 529 1518 570; x_wconf 70' lang='lat' dir='ltr'>qui</span> <span class='ocrx_word' id='word_1_337' title='bbox 1542 528 1696 564; x_wconf 64' lang='lat' dir='ltr'>oderant</span> 
     </span>
     <span class='ocr_line' id='line_1_63' title="bbox 907 569 1698 612; baseline 0.011 -9"><span class='ocrx_word' id='word_1_338' title='bbox 907 579 982 604; x_wconf 80' lang='lat' dir='ltr'>vus.</span> <span class='ocrx_word' id='word_1_339' title='bbox 1006 569 1110 605; x_wconf 87' lang='lat' dir='ltr'>Unde</span> <span class='ocrx_word' id='word_1_340' title='bbox 1133 570 1282 606; x_wconf 79' lang='lat' dir='ltr'>Glossu:</span> <span class='ocrx_word' id='word_1_341' title='bbox 1308 572 1475 608; x_wconf 87' lang='lat' dir='ltr'>«Contra</span> <span class='ocrx_word' id='word_1_342' title='bbox 1494 574 1698 612; x_wconf 69' lang='lat' dir='ltr'>Ecclesiam</span> 
     </span>
     <span class='ocr_line' id='line_1_64' title="bbox 909 615 1696 667; baseline 0.008 -15"><span class='ocrx_word' id='word_1_343' title='bbox 909 616 1030 653; x_wconf 84' lang='lat' dir='ltr'>tribus</span> <span class='ocrx_word' id='word_1_344' title='bbox 1056 615 1176 652; x_wconf 84' lang='lat' dir='ltr'>modis</span> <span class='ocrx_word' id='word_1_345' title='bbox 1203 622 1408 663; x_wconf 72' lang='lat' dir='ltr'>pugnatur,</span> <span class='ocrx_word' id='word_1_346' title='bbox 1431 620 1532 664; x_wconf 85' lang='lat' dir='ltr'>odio,</span> <span class='ocrx_word' id='word_1_347' title='bbox 1555 621 1696 667; x_wconf 84' lang='lat' dir='ltr'>verbis,</span> 
     </span>
     <span class='ocr_line' id='line_1_65' title="bbox 909 663 1696 711; baseline 0.008 -12"><span class='ocrx_word' id='word_1_348' title='bbox 909 667 946 699; x_wconf 91' lang='lat' dir='ltr'>et</span> <span class='ocrx_word' id='word_1_349' title='bbox 967 663 1135 700; x_wconf 77' lang='lat' dir='ltr'>cruciatu</span> <span class='ocrx_word' id='word_1_350' title='bbox 1164 664 1352 711; x_wconf 85' lang='lat' dir='ltr'>corporis;</span> <span class='ocrx_word' id='word_1_351' title='bbox 1377 676 1396 701; x_wconf 87' lang='lat' dir='ltr'>e</span> <span class='ocrx_word' id='word_1_352' title='bbox 1420 671 1551 702; x_wconf 89' lang='lat' dir='ltr'>contra</span> <span class='ocrx_word' id='word_1_353' title='bbox 1573 669 1696 705; x_wconf 79' lang='lat' dir='ltr'>Eccle-</span> 
     </span>
     <span class='ocr_line' id='line_1_66' title="bbox 909 710 1698 761; baseline 0.006 -15"><span class='ocrx_word' id='word_1_354' title='bbox 909 710 965 747; x_wconf 89' lang='lat' dir='ltr'>sia</span> <span class='ocrx_word' id='word_1_355' title='bbox 986 710 1121 757; x_wconf 85' lang='lat' dir='ltr'>diligit,</span> <span class='ocrx_word' id='word_1_356' title='bbox 1145 715 1241 756; x_wconf 86' lang='lat' dir='ltr'>orat,</span> <span class='ocrx_word' id='word_1_357' title='bbox 1264 715 1300 748; x_wconf 88' lang='lat' dir='ltr'>et</span> <span class='ocrx_word' id='word_1_358' title='bbox 1321 713 1521 749; x_wconf 72' lang='lat' dir='ltr'>benefacit.</span> <span class='ocrx_word' id='word_1_359' title='bbox 1548 714 1583 750; x_wconf 82' lang='lat' dir='ltr'>Si</span> <span class='ocrx_word' id='word_1_360' title='bbox 1603 726 1698 761; x_wconf 86' lang='lat' dir='ltr'>ergo</span> 
     </span>
     <span class='ocr_line' id='line_1_67' title="bbox 908 758 1697 809; baseline 0.005 -16"><span class='ocrx_word' id='word_1_361' title='bbox 908 758 1082 795; x_wconf 86' lang='lat' dir='ltr'>volumus</span> <span class='ocrx_word' id='word_1_362' title='bbox 1100 770 1183 795; x_wconf 85' lang='lat' dir='ltr'>esse</span> <span class='ocrx_word' id='word_1_363' title='bbox 1205 760 1374 805; x_wconf 88' lang='lat' dir='ltr'>perfecti,</span> <span class='ocrx_word' id='word_1_364' title='bbox 1397 760 1579 797; x_wconf 88' lang='lat' dir='ltr'>debemus</span> <span class='ocrx_word' id='word_1_365' title='bbox 1599 763 1697 809; x_wconf 82' lang='lat' dir='ltr'>inJ&#39;u-</span> 
     </span>
     <span class='ocr_line' id='line_1_68' title="bbox 908 806 1699 846; baseline 0.006 -5"><span class='ocrx_word' id='word_1_366' title='bbox 908 806 1092 843; x_wconf 87' lang='lat' dir='ltr'>riantibus</span> <span class='ocrx_word' id='word_1_367' title='bbox 1126 807 1235 843; x_wconf 90' lang='lat' dir='ltr'>nobis</span> <span class='ocrx_word' id='word_1_368' title='bbox 1263 807 1487 843; x_wconf 83' lang='lat' dir='ltr'>beneficium</span> <span class='ocrx_word' id='word_1_369' title='bbox 1508 808 1599 845; x_wconf 88' lang='lat' dir='ltr'>dare</span> <span class='ocrx_word' id='word_1_370' title='bbox 1620 820 1699 846; x_wconf 90' lang='lat' dir='ltr'>cor-</span> 
     </span>
     <span class='ocr_line' id='line_1_69' title="bbox 907 853 1697 903; baseline 0.005 -14"><span class='ocrx_word' id='word_1_371' title='bbox 907 853 979 897; x_wconf 85' lang='lat' dir='ltr'>dis,</span> <span class='ocrx_word' id='word_1_372' title='bbox 1002 853 1102 899; x_wconf 86' lang='lat' dir='ltr'>ipsos</span> <span class='ocrx_word' id='word_1_373' title='bbox 1117 853 1330 900; x_wconf 84' lang='lat' dir='ltr'>diligendo;</span> <span class='ocrx_word' id='word_1_374' title='bbox 1355 855 1584 892; x_wconf 81' lang='lat' dir='ltr'>beneficium</span> <span class='ocrx_word' id='word_1_375' title='bbox 1605 856 1697 903; x_wconf 84' lang='lat' dir='ltr'>oris,</span> 
     </span>
     <span class='ocr_line' id='line_1_70' title="bbox 907 901 1696 951; baseline 0.006 -15"><span class='ocrx_word' id='word_1_376' title='bbox 907 911 974 946; x_wconf 89' lang='lat' dir='ltr'>pro</span> <span class='ocrx_word' id='word_1_377' title='bbox 995 901 1048 937; x_wconf 90' lang='lat' dir='ltr'>eis</span> <span class='ocrx_word' id='word_1_378' title='bbox 1063 902 1207 938; x_wconf 88' lang='lat' dir='ltr'>orando</span> <span class='ocrx_word' id='word_1_379' title='bbox 1227 913 1234 946; x_wconf 89' lang='lat'>;</span> <span class='ocrx_word' id='word_1_380' title='bbox 1258 906 1294 938; x_wconf 87' lang='lat' dir='ltr'>et</span> <span class='ocrx_word' id='word_1_381' title='bbox 1313 903 1540 940; x_wconf 84' lang='lat' dir='ltr'>beneficium</span> <span class='ocrx_word' id='word_1_382' title='bbox 1555 903 1696 951; x_wconf 82' lang='lat' dir='ltr'>operis,</span> 
     </span>
     <span class='ocr_line' id='line_1_71' title="bbox 907 948 1346 994; baseline 0.009 -11"><span class='ocrx_word' id='word_1_383' title='bbox 907 948 998 994; x_wconf 89' lang='lat' dir='ltr'>ipsis</span> <span class='ocrx_word' id='word_1_384' title='bbox 1019 949 1302 986; x_wconf 84' lang='lat' dir='ltr'>benefaciendo.</span> <span class='ocrx_word' id='word_1_385' title='bbox 1329 964 1346 983; x_wconf 67' lang='grc' dir='ltr'>ι)</span> 
     </span>
    </p>

    <p class='ocr_par' dir='ltr' id='par_1_10' title="bbox 899 998 1698 2464">
     <span class='ocr_line' id='line_1_72' title="bbox 960 998 1698 1036; baseline 0.005 -5"><span class='ocrx_word' id='word_1_386' title='bbox 960 1011 999 1031; x_wconf 85' lang='lat'>10</span> <span class='ocrx_word' id='word_1_387' title='bbox 1037 998 1231 1033; x_wconf 70' lang='lat' dir='ltr'>Exeanun</span> <span class='ocrx_word' id='word_1_388' title='bbox 1268 1008 1459 1033; x_wconf 65' lang='lat' dir='ltr'>sunssxncn</span> <span class='ocrx_word' id='word_1_389' title='bbox 1513 1010 1535 1034; x_wconf 83' lang='lat' dir='ltr'><strong>A</strong></span> <span class='ocrx_word' id='word_1_390' title='bbox 1576 999 1698 1036; x_wconf 59' lang='lat' dir='ltr'>Puni:</span> 
     </span>
     <span class='ocr_line' id='line_1_73' title="bbox 906 1053 1697 1083; baseline 0.006 -6"><span class='ocrx_word' id='word_1_391' title='bbox 906 1053 1058 1078; x_wconf 60' lang='lat' dir='ltr'>cffiLsss-i]</span> <span class='ocrx_word' id='word_1_392' title='bbox 1093 1055 1253 1079; x_wconf 63' lang='lat' dir='ltr'>rLuim‘rE</span> <span class='ocrx_word' id='word_1_393' title='bbox 1276 1056 1387 1080; x_wconf 66' lang='lat' dir='ltr'>suren</span> <span class='ocrx_word' id='word_1_394' title='bbox 1409 1057 1536 1080; x_wconf 71' lang='lat' dir='ltr'>Jusros</span> <span class='ocrx_word' id='word_1_395' title='bbox 1566 1058 1607 1081; x_wconf 76' lang='grc' dir='ltr'>ΕΤ</span> <span class='ocrx_word' id='word_1_396' title='bbox 1639 1058 1697 1083; x_wconf 73' lang='lat' dir='ltr'>m-</span> 
     </span>
     <span class='ocr_line' id='line_1_74' title="bbox 905 1091 1697 1138; baseline 0.01 -16"><span class='ocrx_word' id='word_1_397' title='bbox 905 1101 1044 1125; x_wconf 58' lang='lat' dir='ltr'>JL’s‘Tos.</span> <span class='ocrx_word' id='word_1_398' title='bbox 1081 1111 1125 1115; x_wconf 91' lang='lat'>—</span> <span class='ocrx_word' id='word_1_399' title='bbox 1164 1093 1205 1126; x_wconf 86' lang='lat' dir='ltr'>Et</span> <span class='ocrx_word' id='word_1_400' title='bbox 1246 1091 1334 1136; x_wconf 85' lang='lat' dir='ltr'>quia</span> <span class='ocrx_word' id='word_1_401' title='bbox 1373 1102 1553 1138; x_wconf 80' lang='lat' dir='ltr'>magnum</span> <span class='ocrx_word' id='word_1_402' title='bbox 1593 1093 1697 1131; x_wconf 89' lang='lat' dir='ltr'>dedit</span> 
     </span>
     <span class='ocr_line' id='line_1_75' title="bbox 906 1139 1696 1186; baseline 0.008 -14"><span class='ocrx_word' id='word_1_403' title='bbox 906 1141 1150 1183; x_wconf 55' lang='lat' dir='ltr'>praeceptum,</span> <span class='ocrx_word' id='word_1_404' title='bbox 1186 1139 1410 1184; x_wconf 80' lang='lat' dir='ltr'>praeclarum</span> <span class='ocrx_word' id='word_1_405' title='bbox 1448 1140 1571 1176; x_wconf 86' lang='lat' dir='ltr'>subdit</span> <span class='ocrx_word' id='word_1_406' title='bbox 1599 1151 1696 1186; x_wconf 84' lang='lat' dir='ltr'>prae-</span> 
     </span>
     <span class='ocr_line' id='line_1_76' title="bbox 906 1184 1694 1234; baseline 0.006 -15"><span class='ocrx_word' id='word_1_407' title='bbox 906 1184 1036 1220; x_wconf 85' lang='lat' dir='ltr'>mium.</span> <span class='ocrx_word' id='word_1_408' title='bbox 1053 1186 1121 1228; x_wconf 92' lang='lat' dir='ltr'>Ita,</span> <span class='ocrx_word' id='word_1_409' title='bbox 1141 1184 1276 1231; x_wconf 84' lang='lat' dir='ltr'>iuquit,</span> <span class='ocrx_word' id='word_1_410' title='bbox 1293 1186 1451 1231; x_wconf 78' lang='lat' dir='ltr'>diligite,</span> <span class='ocrx_word' id='word_1_411' title='bbox 1468 1188 1694 1234; x_wconf 82' lang='lat' dir='ltr'>benefacite,</span> 
     </span>
     <span class='ocr_line' id='line_1_77' title="bbox 906 1232 1695 1279; baseline 0.006 -12"><span class='ocrx_word' id='word_1_412' title='bbox 906 1235 1012 1268; x_wconf 85' lang='lat' dir='ltr'>orate</span> <span class='ocrx_word' id='word_1_413' title='bbox 1051 1243 1119 1278; x_wconf 87' lang='lat' dir='ltr'>pro</span> <span class='ocrx_word' id='word_1_414' title='bbox 1155 1232 1318 1269; x_wconf 85' lang='lat' dir='ltr'>inimicis</span> <span class='ocrx_word' id='word_1_415' title='bbox 1355 1234 1503 1279; x_wconf 85' lang='lat' dir='ltr'>vestris,</span> <span class='ocrx_word' id='word_1_416' title='bbox 1532 1239 1571 1271; x_wconf 76' lang='lat' dir='ltr'>ut</span> <span class='ocrx_word' id='word_1_417' title='bbox 1610 1238 1695 1272; x_wconf 74' lang='lat' dir='ltr'>sitis</span> 
     </span>
     <span class='ocr_line' id='line_1_78' title="bbox 904 1280 1696 1327; baseline 0.008 -13"><span class='ocrx_word' id='word_1_418' title='bbox 904 1280 977 1325; x_wconf 72' lang='lat' dir='ltr'>filii</span> <span class='ocrx_word' id='word_1_419' title='bbox 997 1282 1242 1316; x_wconf 72' lang='lat' dir='ltr'>Patrisrestrc&#39;</span> <span class='ocrx_word' id='word_1_420' title='bbox 1258 1280 1447 1325; x_wconf 74' lang='lat' dir='ltr'>altissimi,</span> <span class='ocrx_word' id='word_1_421' title='bbox 1467 1285 1533 1327; x_wconf 69' lang='lat' dir='ltr'>qui</span> <span class='ocrx_word' id='word_1_422' title='bbox 1550 1284 1696 1320; x_wconf 80' lang='lat' dir='ltr'>incoelis</span> 
     </span>
     <span class='ocr_line' id='line_1_79' title="bbox 904 1327 1696 1374; baseline 0.006 -12"><span class='ocrx_word' id='word_1_423' title='bbox 904 1330 968 1362; x_wconf 79' lang='lat' dir='ltr'>est.</span> <span class='ocrx_word' id='word_1_424' title='bbox 994 1327 1088 1371; x_wconf 87' lang='lat' dir='ltr'>Filii,</span> <span class='ocrx_word' id='word_1_425' title='bbox 1121 1327 1290 1374; x_wconf 84' lang='lat' dir='ltr'>inquam,</span> <span class='ocrx_word' id='word_1_426' title='bbox 1325 1339 1392 1374; x_wconf 87' lang='lat' dir='ltr'>per</span> <span class='ocrx_word' id='word_1_427' title='bbox 1412 1329 1594 1366; x_wconf 87' lang='lat' dir='ltr'>bonitatis</span> <span class='ocrx_word' id='word_1_428' title='bbox 1613 1329 1696 1367; x_wconf 90' lang='lat' dir='ltr'>imi-</span> 
     </span>
     <span class='ocr_line' id='line_1_80' title="bbox 904 1374 1695 1424; baseline 0.008 -15"><span class='ocrx_word' id='word_1_429' title='bbox 904 1374 1100 1419; x_wconf 87' lang='lat' dir='ltr'>tationem,</span> <span class='ocrx_word' id='word_1_430' title='bbox 1120 1385 1187 1420; x_wconf 89' lang='lat' dir='ltr'>per</span> <span class='ocrx_word' id='word_1_431' title='bbox 1198 1375 1330 1421; x_wconf 73' lang='lat' dir='ltr'>gratia:</span> <span class='ocrx_word' id='word_1_432' title='bbox 1349 1376 1605 1423; x_wconf 85' lang='lat' dir='ltr'>adoptionem,</span> <span class='ocrx_word' id='word_1_433' title='bbox 1628 1388 1695 1424; x_wconf 88' lang='lat' dir='ltr'>per</span> 
     </span>
     <span class='ocr_line' id='line_1_81' title="bbox 904 1422 1696 1471; baseline 0.004 -13"><span class='ocrx_word' id='word_1_434' title='bbox 904 1422 1181 1466; x_wconf 82' lang='lat' dir='ltr'>educationem,</span> <span class='ocrx_word' id='word_1_435' title='bbox 1200 1434 1268 1469; x_wconf 88' lang='lat' dir='ltr'>per</span> <span class='ocrx_word' id='word_1_436' title='bbox 1286 1423 1508 1459; x_wconf 83' lang='lat' dir='ltr'>hereditatis</span> <span class='ocrx_word' id='word_1_437' title='bbox 1525 1425 1696 1471; x_wconf 86' lang='lat' dir='ltr'>adoptio·</span> 
     </span>
     <span class='ocr_line' id='line_1_82' title="bbox 904 1469 1697 1517; baseline 0.006 -13"><span class='ocrx_word' id='word_1_438' title='bbox 904 1480 1010 1513; x_wconf 79' lang='lat' dir='ltr'>11e1n3</span> <span class='ocrx_word' id='word_1_439' title='bbox 1036 1474 1088 1513; x_wconf 89' lang='lat' dir='ltr'>ut,</span> <span class='ocrx_word' id='word_1_440' title='bbox 1111 1469 1206 1506; x_wconf 82' lang='lat' dir='ltr'>sicut</span> <span class='ocrx_word' id='word_1_441' title='bbox 1226 1470 1316 1506; x_wconf 84' lang='lat' dir='ltr'>estis</span> <span class='ocrx_word' id='word_1_442' title='bbox 1328 1470 1393 1506; x_wconf 83' lang='lat' dir='ltr'>[ilii</span> <span class='ocrx_word' id='word_1_443' title='bbox 1415 1471 1478 1507; x_wconf 78' lang='lat' dir='ltr'>Dei</span> <span class='ocrx_word' id='word_1_444' title='bbox 1501 1483 1568 1517; x_wconf 86' lang='lat' dir='ltr'>per</span> <span class='ocrx_word' id='word_1_445' title='bbox 1589 1476 1697 1509; x_wconf 84' lang='lat' dir='ltr'>natu-</span> 
     </span>
     <span class='ocr_line' id='line_1_83' title="bbox 902 1518 1695 1562; baseline 0.006 -11"><span class='ocrx_word' id='word_1_446' title='bbox 902 1528 984 1552; x_wconf 86' lang='lat' dir='ltr'>ram</span> <span class='ocrx_word' id='word_1_447' title='bbox 1011 1521 1047 1552; x_wconf 84' lang='lat' dir='ltr'>et</span> <span class='ocrx_word' id='word_1_448' title='bbox 1086 1518 1332 1562; x_wconf 85' lang='lat' dir='ltr'>creationem,</span> <span class='ocrx_word' id='word_1_449' title='bbox 1371 1518 1423 1554; x_wconf 92' lang='lat' dir='ltr'>sic</span> <span class='ocrx_word' id='word_1_450' title='bbox 1459 1519 1574 1556; x_wconf 81' lang='lat' dir='ltr'>etiam</span> <span class='ocrx_word' id='word_1_451' title='bbox 1614 1519 1695 1556; x_wconf 83' lang='lat' dir='ltr'>sitiS</span> 
     </span>
     <span class='ocr_line' id='line_1_84' title="bbox 903 1564 1692 1612; baseline 0.005 -13"><span class='ocrx_word' id='word_1_452' title='bbox 903 1564 969 1599; x_wconf 87' lang='lat' dir='ltr'>tilii</span> <span class='ocrx_word' id='word_1_453' title='bbox 992 1565 1071 1611; x_wconf 75' lang='lat' dir='ltr'>eJ&#39;us</span> <span class='ocrx_word' id='word_1_454' title='bbox 1093 1576 1160 1611; x_wconf 87' lang='lat' dir='ltr'>per</span> <span class='ocrx_word' id='word_1_455' title='bbox 1185 1565 1347 1610; x_wconf 84' lang='lat' dir='ltr'>gratiam</span> <span class='ocrx_word' id='word_1_456' title='bbox 1369 1569 1406 1601; x_wconf 90' lang='lat' dir='ltr'>et</span> <span class='ocrx_word' id='word_1_457' title='bbox 1426 1565 1692 1612; x_wconf 88' lang='lat' dir='ltr'>imitationem,</span> 
     </span>
     <span class='ocr_line' id='line_1_85' title="bbox 901 1611 1693 1659; baseline 0.004 -12"><span class='ocrx_word' id='word_1_458' title='bbox 901 1611 939 1647; x_wconf 91' lang='lat' dir='ltr'>in</span> <span class='ocrx_word' id='word_1_459' title='bbox 976 1623 1020 1648; x_wconf 90' lang='lat' dir='ltr'>eo</span> <span class='ocrx_word' id='word_1_460' title='bbox 1063 1612 1162 1657; x_wconf 87' lang='lat' dir='ltr'>quod</span> <span class='ocrx_word' id='word_1_461' title='bbox 1201 1617 1257 1648; x_wconf 88' lang='lat' dir='ltr'>est</span> <span class='ocrx_word' id='word_1_462' title='bbox 1289 1613 1323 1649; x_wconf 89' lang='lat' dir='ltr'>ei</span> <span class='ocrx_word' id='word_1_463' title='bbox 1361 1613 1578 1659; x_wconf 87' lang='lat' dir='ltr'>proprium:</span> <span class='ocrx_word' id='word_1_464' title='bbox 1604 1624 1693 1650; x_wconf 89' lang='lat' dir='ltr'>nam</span> 
     </span>
     <span class='ocr_line' id='line_1_86' title="bbox 902 1659 1693 1705; baseline 0.005 -11"><span class='ocrx_word' id='word_1_465' title='bbox 902 1659 1100 1705; x_wconf 85' lang='lat' dir='ltr'>proprium</span> <span class='ocrx_word' id='word_1_466' title='bbox 1122 1662 1179 1695; x_wconf 87' lang='lat' dir='ltr'>est</span> <span class='ocrx_word' id='word_1_467' title='bbox 1203 1659 1235 1696; x_wconf 88' lang='lat' dir='ltr'>ei</span> <span class='ocrx_word' id='word_1_468' title='bbox 1258 1660 1443 1704; x_wconf 91' lang='lat' dir='ltr'>misereri,</span> <span class='ocrx_word' id='word_1_469' title='bbox 1467 1664 1503 1696; x_wconf 88' lang='lat' dir='ltr'>et</span> <span class='ocrx_word' id='word_1_470' title='bbox 1524 1672 1606 1698; x_wconf 87' lang='lat' dir='ltr'>csse</span> <span class='ocrx_word' id='word_1_471' title='bbox 1627 1662 1693 1698; x_wconf 90' lang='lat' dir='ltr'>be-</span> 
     </span>
     <span class='ocr_line' id='line_1_87' title="bbox 902 1707 1694 1755; baseline 0.005 -14"><span class='ocrx_word' id='word_1_472' title='bbox 902 1707 1078 1742; x_wconf 79' lang='lat' dir='ltr'>neficum.</span> <span class='ocrx_word' id='word_1_473' title='bbox 1107 1707 1212 1743; x_wconf 91' lang='lat' dir='ltr'>Unde</span> <span class='ocrx_word' id='word_1_474' title='bbox 1236 1708 1335 1743; x_wconf 73' lang='lat' dir='ltr'>Beda</span> <span class='ocrx_word' id='word_1_475' title='bbox 1354 1721 1364 1743; x_wconf 90' lang='lat'>.·</span> <span class='ocrx_word' id='word_1_476' title='bbox 1385 1722 1403 1741; x_wconf 90' lang='lat'>«</span> <span class='ocrx_word' id='word_1_477' title='bbox 1430 1708 1540 1744; x_wconf 89' lang='lat' dir='ltr'>Nulla</span> <span class='ocrx_word' id='word_1_478' title='bbox 1572 1709 1694 1755; x_wconf 86' lang='lat' dir='ltr'>major</span> 
     </span>
     <span class='ocr_line' id='line_1_88' title="bbox 901 1755 1692 1801; baseline 0.005 -12"><span class='ocrx_word' id='word_1_479' title='bbox 901 1757 1027 1800; x_wconf 86' lang='lat' dir='ltr'>potest</span> <span class='ocrx_word' id='word_1_480' title='bbox 1061 1765 1145 1791; x_wconf 88' lang='lat' dir='ltr'>esse</span> <span class='ocrx_word' id='word_1_481' title='bbox 1165 1766 1324 1799; x_wconf 79' lang='lat' dir='ltr'>merces,</span> <span class='ocrx_word' id='word_1_482' title='bbox 1359 1765 1473 1801; x_wconf 89' lang='lat' dir='ltr'>quam</span> <span class='ocrx_word' id='word_1_483' title='bbox 1500 1755 1600 1792; x_wconf 88' lang='lat' dir='ltr'>filios</span> <span class='ocrx_word' id='word_1_484' title='bbox 1621 1758 1692 1793; x_wconf 90' lang='lat' dir='ltr'>ho-</span> 
     </span>
     <span class='ocr_line' id='line_1_89' title="bbox 902 1801 1693 1850; baseline 0.004 -13"><span class='ocrx_word' id='word_1_485' title='bbox 902 1801 1049 1838; x_wconf 90' lang='lat' dir='ltr'>minum</span> <span class='ocrx_word' id='word_1_486' title='bbox 1072 1802 1299 1850; x_wconf 74' lang='lat' dir='ltr'>terrigenas,</span> <span class='ocrx_word' id='word_1_487' title='bbox 1329 1803 1427 1839; x_wconf 84' lang='lat' dir='ltr'>effici</span> <span class='ocrx_word' id='word_1_488' title='bbox 1458 1803 1556 1840; x_wconf 89' lang='lat' dir='ltr'>filios</span> <span class='ocrx_word' id='word_1_489' title='bbox 1577 1804 1693 1840; x_wconf 84' lang='lat' dir='ltr'>Altis-</span> 
     </span>
     <span class='ocr_line' id='line_1_90' title="bbox 901 1849 1695 1898; baseline 0.004 -14"><span class='ocrx_word' id='word_1_490' title='bbox 901 1849 1000 1894; x_wconf 86' lang='lat' dir='ltr'>simi,</span> <span class='ocrx_word' id='word_1_491' title='bbox 1023 1850 1087 1896; x_wconf 89' lang='lat' dir='ltr'>qui</span> <span class='ocrx_word' id='word_1_492' title='bbox 1122 1849 1159 1885; x_wconf 91' lang='lat' dir='ltr'>in</span> <span class='ocrx_word' id='word_1_493' title='bbox 1180 1850 1285 1886; x_wconf 85' lang='lat' dir='ltr'>coelis</span> <span class='ocrx_word' id='word_1_494' title='bbox 1321 1853 1389 1886; x_wconf 86' lang='lat' dir='ltr'>est.</span> <span class='ocrx_word' id='word_1_495' title='bbox 1414 1852 1487 1887; x_wconf 79' lang='lat' dir='ltr'>Nos</span> <span class='ocrx_word' id='word_1_496' title='bbox 1508 1851 1610 1887; x_wconf 92' lang='lat' dir='ltr'>enim</span> <span class='ocrx_word' id='word_1_497' title='bbox 1632 1862 1695 1898; x_wconf 88' lang='lat' dir='ltr'>po-</span> 
     </span>
     <span class='ocr_line' id='line_1_91' title="bbox 899 1897 1691 1943; baseline 0.005 -12"><span class='ocrx_word' id='word_1_498' title='bbox 899 1900 1033 1933; x_wconf 74' lang='lat' dir='ltr'>testate</span> <span class='ocrx_word' id='word_1_499' title='bbox 1061 1901 1214 1943; x_wconf 83' lang='lat' dir='ltr'>accepta</span> <span class='ocrx_word' id='word_1_500' title='bbox 1235 1897 1421 1934; x_wconf 81' lang='lat' dir='ltr'>efficimur</span> <span class='ocrx_word' id='word_1_501' title='bbox 1441 1897 1506 1933; x_wconf 90' lang='lat' dir='ltr'>tilii</span> <span class='ocrx_word' id='word_1_502' title='bbox 1542 1898 1621 1943; x_wconf 87' lang='lat' dir='ltr'>Dei,</span> <span class='ocrx_word' id='word_1_503' title='bbox 1651 1899 1691 1935; x_wconf 91' lang='lat' dir='ltr'>in</span> 
     </span>
     <span class='ocr_line' id='line_1_92' title="bbox 901 1945 1691 1991; baseline 0.004 -12"><span class='ocrx_word' id='word_1_504' title='bbox 901 1948 1084 1989; x_wconf 89' lang='lat' dir='ltr'>quantum</span> <span class='ocrx_word' id='word_1_505' title='bbox 1102 1956 1146 1980; x_wconf 89' lang='lat' dir='ltr'>ea</span> <span class='ocrx_word' id='word_1_506' title='bbox 1166 1956 1254 1991; x_wconf 68' lang='lat' dir='ltr'>qua,-</span> <span class='ocrx_word' id='word_1_507' title='bbox 1270 1946 1316 1981; x_wconf 88' lang='lat' dir='ltr'>ab</span> <span class='ocrx_word' id='word_1_508' title='bbox 1339 1956 1382 1980; x_wconf 90' lang='lat' dir='ltr'>eo</span> <span class='ocrx_word' id='word_1_509' title='bbox 1405 1945 1691 1991; x_wconf 62' lang='lat' dir='ltr'>praecipiuntur,</span> 
     </span>
     <span class='ocr_line' id='line_1_93' title="bbox 901 1991 1693 2038; baseline 0.004 -12"><span class='ocrx_word' id='word_1_510' title='bbox 901 1991 1117 2037; x_wconf 87' lang='lat' dir='ltr'>implemus.</span> <span class='ocrx_word' id='word_1_511' title='bbox 1150 2005 1167 2025; x_wconf 72' lang='lat' dir='ltr'>n</span> <span class='ocrx_word' id='word_1_512' title='bbox 1214 1994 1257 2028; x_wconf 85' lang='lat' dir='ltr'>Et</span> <span class='ocrx_word' id='word_1_513' title='bbox 1285 1992 1501 2038; x_wconf 79' lang='lat' dir='ltr'>subjungit:</span> <span class='ocrx_word' id='word_1_514' title='bbox 1543 1994 1693 2036; x_wconf 69' lang='lat' dir='ltr'>Quisv-</span> 
     </span>
     <span class='ocr_line' id='line_1_94' title="bbox 902 2040 1690 2086; baseline 0.004 -12"><span class='ocrx_word' id='word_1_515' title='bbox 902 2040 971 2074; x_wconf 80' lang='lat' dir='ltr'>lem</span> <span class='ocrx_word' id='word_1_516' title='bbox 994 2050 1099 2074; x_wconf 79' lang='lat' dir='ltr'>suum</span> <span class='ocrx_word' id='word_1_517' title='bbox 1135 2041 1229 2083; x_wconf 75' lang='lat' dir='ltr'>fucit</span> <span class='ocrx_word' id='word_1_518' title='bbox 1263 2041 1355 2075; x_wconf 71' lang='lat' dir='ltr'>oriri</span> <span class='ocrx_word' id='word_1_519' title='bbox 1391 2050 1501 2086; x_wconf 77' lang='lat' dir='ltr'>super</span> <span class='ocrx_word' id='word_1_520' title='bbox 1524 2041 1633 2076; x_wconf 77' lang='lat' dir='ltr'>bonos</span> <span class='ocrx_word' id='word_1_521' title='bbox 1657 2044 1690 2077; x_wconf 79' lang='lat' dir='ltr'>et</span> 
     </span>
     <span class='ocr_line' id='line_1_95' title="bbox 902 2087 1689 2133; baseline 0.004 -12"><span class='ocrx_word' id='word_1_522' title='bbox 902 2088 1031 2130; x_wconf 67' lang='lat' dir='ltr'>medos,</span> <span class='ocrx_word' id='word_1_523' title='bbox 1053 2088 1192 2132; x_wconf 75' lang='lat' dir='ltr'>etpluit</span> <span class='ocrx_word' id='word_1_524' title='bbox 1206 2087 1446 2132; x_wconf 78' lang='lat' dir='ltr'>superjustos</span> <span class='ocrx_word' id='word_1_525' title='bbox 1465 2091 1497 2123; x_wconf 75' lang='lat' dir='ltr'>ct</span> <span class='ocrx_word' id='word_1_526' title='bbox 1516 2088 1689 2133; x_wconf 78' lang='lat' dir='ltr'>injustos,</span> 
     </span>
     <span class='ocr_line' id='line_1_96' title="bbox 901 2134 1691 2180; baseline 0.003 -11"><span class='ocrx_word' id='word_1_527' title='bbox 901 2144 944 2169; x_wconf 79' lang='lat' dir='ltr'>ac</span> <span class='ocrx_word' id='word_1_528' title='bbox 965 2137 1094 2179; x_wconf 70' lang='lat' dir='ltr'>gratos</span> <span class='ocrx_word' id='word_1_529' title='bbox 1115 2138 1152 2170; x_wconf 88' lang='lat' dir='ltr'>et</span> <span class='ocrx_word' id='word_1_530' title='bbox 1189 2134 1378 2180; x_wconf 82' lang='lat' dir='ltr'>ingratos;</span> <span class='ocrx_word' id='word_1_531' title='bbox 1402 2137 1439 2170; x_wconf 90' lang='lat' dir='ltr'>et</span> <span class='ocrx_word' id='word_1_532' title='bbox 1464 2146 1541 2170; x_wconf 90' lang='lat' dir='ltr'>non</span> <span class='ocrx_word' id='word_1_533' title='bbox 1569 2135 1691 2172; x_wconf 89' lang='lat' dir='ltr'>solum</span> 
     </span>
     <span class='ocr_line' id='line_1_97' title="bbox 901 2181 1688 2226; baseline 0.005 -10"><span class='ocrx_word' id='word_1_534' title='bbox 901 2181 1046 2226; x_wconf 86' lang='lat' dir='ltr'>amicis,</span> <span class='ocrx_word' id='word_1_535' title='bbox 1070 2182 1135 2218; x_wconf 86' lang='lat' dir='ltr'>sed</span> <span class='ocrx_word' id='word_1_536' title='bbox 1157 2181 1271 2218; x_wconf 88' lang='lat' dir='ltr'>etiam</span> <span class='ocrx_word' id='word_1_537' title='bbox 1292 2181 1454 2218; x_wconf 90' lang='lat' dir='ltr'>inimicis</span> <span class='ocrx_word' id='word_1_538' title='bbox 1486 2182 1688 2220; x_wconf 87' lang='lat' dir='ltr'>benefacit.</span> 
     </span>
     <span class='ocr_line' id='line_1_98' title="bbox 902 2228 1690 2276; baseline 0.003 -11"><span class='ocrx_word' id='word_1_539' title='bbox 902 2228 961 2265; x_wconf 86' lang='lat' dir='ltr'>Sic</span> <span class='ocrx_word' id='word_1_540' title='bbox 997 2229 1098 2265; x_wconf 90' lang='lat' dir='ltr'>enim</span> <span class='ocrx_word' id='word_1_541' title='bbox 1120 2228 1293 2265; x_wconf 89' lang='lat' dir='ltr'>inimicos</span> <span class='ocrx_word' id='word_1_542' title='bbox 1314 2229 1433 2265; x_wconf 90' lang='lat' dir='ltr'>nutrit</span> <span class='ocrx_word' id='word_1_543' title='bbox 1462 2233 1501 2266; x_wconf 88' lang='lat' dir='ltr'>ut</span> <span class='ocrx_word' id='word_1_544' title='bbox 1533 2229 1690 2276; x_wconf 83' lang='lat' dir='ltr'>amieos,</span> 
     </span>
     <span class='ocr_line' id='line_1_99' title="bbox 901 2276 1691 2324; baseline 0.003 -12"><span class='ocrx_word' id='word_1_545' title='bbox 901 2287 944 2312; x_wconf 84' lang='lat' dir='ltr'>ac</span> <span class='ocrx_word' id='word_1_546' title='bbox 966 2277 1035 2312; x_wconf 87' lang='lat' dir='ltr'>hos</span> <span class='ocrx_word' id='word_1_547' title='bbox 1057 2280 1092 2313; x_wconf 85' lang='lat' dir='ltr'>et</span> <span class='ocrx_word' id='word_1_548' title='bbox 1113 2276 1199 2313; x_wconf 91' lang='lat' dir='ltr'>illos</span> <span class='ocrx_word' id='word_1_549' title='bbox 1221 2276 1277 2312; x_wconf 87' lang='lat' dir='ltr'>sui</span> <span class='ocrx_word' id='word_1_550' title='bbox 1300 2277 1391 2313; x_wconf 88' lang='lat' dir='ltr'>solis</span> <span class='ocrx_word' id='word_1_551' title='bbox 1421 2277 1623 2324; x_wconf 84' lang='lat' dir='ltr'>splendore</span> <span class='ocrx_word' id='word_1_552' title='bbox 1644 2278 1691 2314; x_wconf 93' lang='lat' dir='ltr'>il-</span> 
     </span>
     <span class='ocr_line' id='line_1_100' title="bbox 900 2323 1689 2371; baseline 0.001 -12"><span class='ocrx_word' id='word_1_553' title='bbox 900 2323 1076 2368; x_wconf 87' lang='lat' dir='ltr'>luminat,</span> <span class='ocrx_word' id='word_1_554' title='bbox 1100 2328 1137 2360; x_wconf 89' lang='lat' dir='ltr'>et</span> <span class='ocrx_word' id='word_1_555' title='bbox 1160 2335 1314 2361; x_wconf 87' lang='lat' dir='ltr'>suarum</span> <span class='ocrx_word' id='word_1_556' title='bbox 1341 2325 1553 2371; x_wconf 83' lang='lat' dir='ltr'>pluviarum</span> <span class='ocrx_word' id='word_1_557' title='bbox 1575 2325 1689 2361; x_wconf 87' lang='lat' dir='ltr'>iuun-</span> 
     </span>
     <span class='ocr_line' id='line_1_101' title="bbox 900 2372 1690 2417; baseline 0.003 -10"><span class='ocrx_word' id='word_1_558' title='bbox 900 2372 1055 2408; x_wconf 86' lang='lat' dir='ltr'>datione</span> <span class='ocrx_word' id='word_1_559' title='bbox 1082 2372 1285 2417; x_wconf 86' lang='lat' dir='ltr'>foecundat,</span> <span class='ocrx_word' id='word_1_560' title='bbox 1306 2376 1343 2409; x_wconf 90' lang='lat' dir='ltr'>et</span> <span class='ocrx_word' id='word_1_561' title='bbox 1363 2372 1552 2409; x_wconf 82' lang='lat' dir='ltr'>beneficia</span> <span class='ocrx_word' id='word_1_562' title='bbox 1585 2382 1690 2409; x_wconf 86' lang='lat' dir='ltr'>com-</span> 
     </span>
     <span class='ocr_line' id='line_1_102' title="bbox 902 2419 1690 2464; baseline 0.003 -10"><span class='ocrx_word' id='word_1_563' title='bbox 902 2419 1032 2455; x_wconf 87' lang='lat' dir='ltr'>munia</span> <span class='ocrx_word' id='word_1_564' title='bbox 1053 2430 1130 2456; x_wconf 91' lang='lat' dir='ltr'>non</span> <span class='ocrx_word' id='word_1_565' title='bbox 1149 2419 1351 2464; x_wconf 83' lang='lat' dir='ltr'>subtrahit,</span> <span class='ocrx_word' id='word_1_566' title='bbox 1367 2420 1482 2456; x_wconf 88' lang='lat' dir='ltr'>etiam</span> <span class='ocrx_word' id='word_1_567' title='bbox 1500 2419 1608 2455; x_wconf 87' lang='lat' dir='ltr'>malis</span> <span class='ocrx_word' id='word_1_568' title='bbox 1626 2423 1690 2456; x_wconf 84' lang='lat' dir='ltr'>ho-</span> 
     </span>
    </p>
   </div>
   <div class='ocr_carea' id='block_1_9' title="bbox 883 2466 1690 2513">
    <p class='ocr_par' dir='ltr' id='par_1_11' title="bbox 883 2466 1690 2513">
     <span class='ocr_line' id='line_1_103' title="bbox 883 2466 1690 2513; baseline 0.001 -11"><span class='ocrx_word' id='word_1_569' title='bbox 883 2466 1082 2512; x_wconf 84' lang='lat' dir='ltr'>&#39;minibus‚</span> <span class='ocrx_word' id='word_1_570' title='bbox 1111 2467 1173 2513; x_wconf 89' lang='lat' dir='ltr'>qui</span> <span class='ocrx_word' id='word_1_571' title='bbox 1195 2470 1324 2504; x_wconf 85' lang='lat' dir='ltr'>tamen</span> <span class='ocrx_word' id='word_1_572' title='bbox 1356 2467 1390 2503; x_wconf 87' lang='lat' dir='ltr'>ei</span> <span class='ocrx_word' id='word_1_573' title='bbox 1429 2467 1467 2502; x_wconf 90' lang='lat' dir='ltr'>in</span> <span class='ocrx_word' id='word_1_574' title='bbox 1509 2470 1690 2513; x_wconf 80' lang='lat' dir='ltr'>quantum</span> 
     </span>
    </p>
   </div>
   <div class='ocr_carea' id='block_1_10' title="bbox 900 2514 1693 2943">
    <p class='ocr_par' dir='ltr' id='par_1_12' title="bbox 900 2514 1693 2943">
     <span class='ocr_line' id='line_1_104' title="bbox 900 2514 1691 2560; baseline 0 -10"><span class='ocrx_word' id='word_1_575' title='bbox 900 2514 941 2550; x_wconf 92' lang='lat' dir='ltr'>in</span> <span class='ocrx_word' id='word_1_576' title='bbox 963 2515 1016 2551; x_wconf 90' lang='lat' dir='ltr'>eis</span> <span class='ocrx_word' id='word_1_577' title='bbox 1037 2518 1095 2551; x_wconf 86' lang='lat' dir='ltr'>est</span> <span class='ocrx_word' id='word_1_578' title='bbox 1115 2514 1360 2552; x_wconf 88' lang='lat' dir='ltr'>inimicantur</span> <span class='ocrx_word' id='word_1_579' title='bbox 1379 2526 1387 2559; x_wconf 85' lang='lat'>;</span> <span class='ocrx_word' id='word_1_580' title='bbox 1412 2514 1479 2550; x_wconf 85' lang='lat' dir='ltr'>scd</span> <span class='ocrx_word' id='word_1_581' title='bbox 1519 2525 1585 2560; x_wconf 89' lang='lat' dir='ltr'>pro</span> <span class='ocrx_word' id='word_1_582' title='bbox 1624 2525 1691 2550; x_wconf 87' lang='lat' dir='ltr'>sua</span> 
     </span>
     <span class='ocr_line' id='line_1_105' title="bbox 901 2561 1690 2599; baseline 0 -1"><span class='ocrx_word' id='word_1_583' title='bbox 901 2561 1163 2599; x_wconf 87' lang='lat' dir='ltr'>misericordia</span> <span class='ocrx_word' id='word_1_584' title='bbox 1183 2562 1389 2599; x_wconf 85' lang='lat' dir='ltr'>indiscrete</span> <span class='ocrx_word' id='word_1_585' title='bbox 1408 2561 1584 2598; x_wconf 88' lang='lat' dir='ltr'>omnibns</span> <span class='ocrx_word' id='word_1_586' title='bbox 1606 2561 1690 2598; x_wconf 75' lang='lat' dir='ltr'>vita:</span> 
     </span>
     <span class='ocr_line' id='line_1_106' title="bbox 900 2608 1691 2657; baseline -0.001 -12"><span class='ocrx_word' id='word_1_587' title='bbox 900 2609 1098 2657; x_wconf 66' lang='lat' dir='ltr'>praesentis</span> <span class='ocrx_word' id='word_1_588' title='bbox 1120 2611 1307 2647; x_wconf 84' lang='lat' dir='ltr'>beneficia</span> <span class='ocrx_word' id='word_1_589' title='bbox 1328 2609 1499 2656; x_wconf 83' lang='lat' dir='ltr'>largitur.</span> <span class='ocrx_word' id='word_1_590' title='bbox 1542 2608 1610 2645; x_wconf 89' lang='lat' dir='ltr'>Ubi</span> <span class='ocrx_word' id='word_1_591' title='bbox 1637 2608 1691 2645; x_wconf 89' lang='lat' dir='ltr'>ait</span> 
     </span>
     <span class='ocr_line' id='line_1_107' title="bbox 902 2656 1691 2703; baseline -0.001 -10"><span class='ocrx_word' id='word_1_592' title='bbox 902 2660 1179 2703; x_wconf 68' lang='lat' dir='ltr'>Hieronymus.-</span> <span class='ocrx_word' id='word_1_593' title='bbox 1222 2673 1241 2692; x_wconf 93' lang='lat'>«</span> <span class='ocrx_word' id='word_1_594' title='bbox 1280 2657 1359 2694; x_wconf 79' lang='lat' dir='ltr'>Noli</span> <span class='ocrx_word' id='word_1_595' title='bbox 1406 2666 1545 2702; x_wconf 78' lang='lat' dir='ltr'>negare</span> <span class='ocrx_word' id='word_1_596' title='bbox 1591 2656 1691 2702; x_wconf 88' lang='lat' dir='ltr'>quod</span> 
     </span>
     <span class='ocr_line' id='line_1_108' title="bbox 901 2703 1691 2752; baseline -0.001 -11"><span class='ocrx_word' id='word_1_597' title='bbox 901 2706 999 2742; x_wconf 87' lang='lat' dir='ltr'>Deus</span> <span class='ocrx_word' id='word_1_598' title='bbox 1031 2705 1122 2742; x_wconf 89' lang='lat' dir='ltr'>nulli</span> <span class='ocrx_word' id='word_1_599' title='bbox 1156 2709 1282 2752; x_wconf 71' lang='lat' dir='ltr'>negat,</span> <span class='ocrx_word' id='word_1_600' title='bbox 1326 2703 1497 2750; x_wconf 81' lang='lat' dir='ltr'>quamvis</span> <span class='ocrx_word' id='word_1_601' title='bbox 1527 2703 1574 2740; x_wconf 87' lang='lat' dir='ltr'>sit</span> <span class='ocrx_word' id='word_1_602' title='bbox 1607 2703 1691 2740; x_wconf 87' lang='lat' dir='ltr'>bla-</span> 
     </span>
     <span class='ocr_line' id='line_1_109' title="bbox 901 2750 1691 2800; baseline -0.003 -11"><span class='ocrx_word' id='word_1_603' title='bbox 901 2754 1080 2800; x_wconf 87' lang='lat' dir='ltr'>sphemus</span> <span class='ocrx_word' id='word_1_604' title='bbox 1103 2757 1140 2789; x_wconf 90' lang='lat' dir='ltr'>ct</span> <span class='ocrx_word' id='word_1_605' title='bbox 1162 2753 1311 2799; x_wconf 82' lang='lat' dir='ltr'>impius.</span> <span class='ocrx_word' id='word_1_606' title='bbox 1336 2752 1423 2789; x_wconf 87' lang='lat' dir='ltr'>Sine</span> <span class='ocrx_word' id='word_1_607' title='bbox 1449 2750 1691 2788; x_wconf 83' lang='lat' dir='ltr'>distinctione</span> 
     </span>
     <span class='ocr_line' id='line_1_110' title="bbox 900 2801 1693 2845; baseline -0.001 -8"><span class='ocrx_word' id='word_1_608' title='bbox 900 2801 1075 2838; x_wconf 83' lang='lat' dir='ltr'>omnibus</span> <span class='ocrx_word' id='word_1_609' title='bbox 1114 2801 1323 2837; x_wconf 84' lang='lat' dir='ltr'>tribuamus</span> <span class='ocrx_word' id='word_1_610' title='bbox 1359 2810 1435 2835; x_wconf 88' lang='lat' dir='ltr'>non</span> <span class='ocrx_word' id='word_1_611' title='bbox 1480 2802 1693 2845; x_wconf 56' lang='lat' dir='ltr'>quaerentes</span> 
     </span>
     <span class='ocr_line' id='line_1_111' title="bbox 900 2848 1690 2895; baseline -0.001 -11"><span class='ocrx_word' id='word_1_612' title='bbox 900 2848 973 2893; x_wconf 88' lang='lat' dir='ltr'>cui,</span> <span class='ocrx_word' id='word_1_613' title='bbox 1002 2849 1069 2886; x_wconf 83' lang='lat' dir='ltr'>sed</span> <span class='ocrx_word' id='word_1_614' title='bbox 1110 2859 1227 2895; x_wconf 86' lang='lat' dir='ltr'>quare</span> <span class='ocrx_word' id='word_1_615' title='bbox 1265 2849 1451 2884; x_wconf 88' lang='lat' dir='ltr'>demus.»</span> <span class='ocrx_word' id='word_1_616' title='bbox 1487 2848 1532 2883; x_wconf 88' lang='lat' dir='ltr'>Ut</span> <span class='ocrx_word' id='word_1_617' title='bbox 1563 2849 1690 2884; x_wconf 89' lang='lat' dir='ltr'>autem</span> 
     </span>
     <span class='ocr_line' id='line_1_112' title="bbox 901 2894 1690 2943; baseline -0.003 -9"><span class='ocrx_word' id='word_1_618' title='bbox 901 2895 1043 2934; x_wconf 86' lang='lat' dir='ltr'>dictum</span> <span class='ocrx_word' id='word_1_619' title='bbox 1068 2898 1124 2934; x_wconf 87' lang='lat' dir='ltr'>est</span> <span class='ocrx_word' id='word_1_620' title='bbox 1148 2906 1276 2943; x_wconf 81' lang='lat' dir='ltr'>supra,</span> <span class='ocrx_word' id='word_1_621' title='bbox 1311 2905 1422 2932; x_wconf 87' lang='lat' dir='ltr'>orare</span> <span class='ocrx_word' id='word_1_622' title='bbox 1452 2894 1690 2941; x_wconf 86' lang='lat' dir='ltr'>generaliter</span> 
     </span>
    </p>
   </div>
  </div>
 </body>
</html>
