1902 3126
423 161 473 194 DE
511 161 885 196 PRAESENTATIONE
924 161 1079 194 DOMINI
1121 161 1161 193 IN
1201 161 1427 197 TEMPLGM.
1690 162 1746 196 103

102 229 206 266 enim
227 232 263 264 et
286 227 408 274 ipsum
432 229 596 264 Verbum
617 228 681 264 Dei
706 228 744 264 in
765 227 885 264 mani-

106 277 175 313 bus
212 275 395 322 accipere,
439 279 473 311 et
516 274 601 311 fidei
645 285 687 311 ac.
729 276 823 322 spei,
851 278 888 311 et

107 322 301 359 charitatis
350 321 512 358 brachiis
557 322 762 359 merebitur
805 333 887 358 am-

106 370 238 417 plecti;
275 373 312 405 et
345 372 433 404 tunc
469 368 691 414 dimittetur,
730 373 771 405 ut
812 380 887 405 non

105 417 230 453 videat
258 419 417 452 mortem
452 419 648 460 aeternam,
685 416 773 463 quia
798 417 890 452 vidit

106 464 234 500 vitam.
279 463 434 498 Multum
471 463 569 499 enim
610 463 695 500 felix
729 467 891 500 mortem

108 509 247 547 videbit
272 509 409 554 carnis,
441 511 667 557 quicumque
699 511 752 547 sic
785 511 890 549 Chri-

105 560 204 594 stum
224 556 424 593 Dominum
445 560 622 604 satagerit
645 558 747 605 prius
765 558 892 595 videre

104 603 222 641 oculis
241 603 379 640 cordis.
407 605 509 641 Unde
527 607 737 642 Bet-nardus
756 619 766 642 .-
791 621 808 639 «
830 607 892 642 Di-

104 651 274 704 mittetur
293 651 332 687 in
354 662 460 698 pace,
484 653 545 699 qui
569 653 758 690 Christum
780 654 895 690 habet

103 709 142 734 m
162 702 333 745 pectore;
356 701 433 745 ipse
460 703 554 736 enim
575 705 627 736 est
651 713 727 747 pasc
753 705 892 738 nostra.

103 747 172 790 Tu,
208 756 281 792 quo
317 746 448 791 exibis,
474 748 602 784 anima
631 749 784 793 misera,
811 759 893 795 quae

102 793 238 829 ducem
264 793 410 830 itineris
442 796 570 831 Jesum
598 795 774 841 ignoras?
802 810 820 828 1>
850 817 895 822 —

104 839 271 887 Mystice,
301 841 468 887 Simeon,
498 842 559 889 qui
587 844 755 879 obediens
777 843 893 879 inter-

106 890 289 934 pretatur,
330 889 471 926 bonum
505 890 724 936 religiosum
751 890 893 937 signiti-

106 938 183 978 cat;
208 938 245 971 et
264 935 325 971 hie
346 940 475 973 manet
502 937 540 973 in
559 939 785 983 Jerusalem,
812 949 895 984 quae

107 982 377 1029 interpretatur
393 986 563 1030 pacifica,
593 985 680 1031 quia
708 991 835 1021 manet
858 985 895 1021 in

106 1039 196 1075 pace
226 1029 375 1066 interna
400 1035 435 1067 et
459 1032 639 1077 fraterna,
671 1033 733 1079 qui
757 1037 813 1068 est
835 1033 895 1079 ju-

101 1080 182 1112 stus
193 1077 241 1113 ad
253 1077 477 1124 proximum,
490 1079 691 1116 timorosus
704 1080 751 1116 ad
764 1082 895 1122 Deum,

103 1128 324 1171 exspectans
359 1127 657 1163 consolationem
701 1128 830 1171 Israel,
860 1127 897 1163 id

102 1174 174 1215 est,
190 1171 328 1208 divinae
344 1173 518 1220 visionis3
533 1174 621 1220 quia
638 1175 753 1211 lsrael
772 1175 898 1210 videns

105 1220 217 1254 Deum
238 1219 524 1267 interpretatur,
550 1226 587 1258 et
615 1222 774 1268 Spiritus
803 1223 896 1258 San-

106 1269 190 1302 ctus
214 1270 271 1302 est
292 1267 330 1303 in
354 1278 412 1311 eo,
435 1279 503 1315 per
528 1269 659 1314 gratim
681 1280 757 1305 suae
782 1270 896 1305 bene-

110 1312 250 1349 ficium.
284 1315 326 1349 Et
360 1315 425 1350 tali
460 1316 572 1351 datur
603 1318 712 1352 Jesus
742 1317 789 1352 ad
817 1327 897 1352 am-

109 1360 351 1407 plexandum,
389 1365 425 1397 et
461 1362 513 1398 sic
540 1373 624 1399 cum
652 1364 826 1400 Simeone
853 1363 898 1399 de

112 1411 215 1444 tanto
255 1409 438 1445 beneficio
468 1410 654 1446 benedicit
682 1410 897 1454 Dominum,

112 1459 150 1491 et
183 1454 373 1492 desiderat
405 1455 505 1493 exire
535 1458 581 1493 de
617 1458 769 1502 mundo,
798 1461 837 1494 ut
865 1458 898 1494 ei

111 1502 222 1538 detur
250 1503 298 1538 ad
327 1504 493 1550 perfecte
520 1505 733 1549 fruendum,
764 1516 898 1541 secun-

111 1550 200 1586 dum
235 1551 469 1596 Apostolum,
505 1552 728 1588 desiderium
764 1553 899 1589 habens

113 1597 280 1638 dissolvi,
303 1602 336 1633 et
353 1609 428 1634 esse
446 1611 525 1635 cum
544 1601 699 1637 Christo.
716 1620 761 1626 —
782 1602 901 1637 Mora-

112 1643 199 1680 liter
218 1644 331 1681 etiam
351 1646 409 1682 hic
430 1646 654 1684 instruimur
674 1647 719 1684 de
742 1647 869 1684 multis
890 1660 897 1683 :

113 1691 250 1738 primo,
267 1693 367 1738 quod
389 1704 456 1740 per
473 1694 641 1731 virtuosa
662 1706 790 1741 opera,
817 1706 900 1741 quie

114 1749 181 1785 per
190 1739 345 1776 brachia
356 1740 633 1789 intelliguntur,
646 1744 756 1779 Jesus
769 1753 902 1789 appre-

112 1785 311 1832 henditur;
330 1789 509 1834 secundo,
528 1790 567 1825 in
583 1791 653 1826 hoc
668 1791 769 1836 quod
787 1801 901 1826 senex

115 1834 298 1887 Infantem
332 1837 509 1883 suscepit,
546 1837 770 1883 instruimur
800 1838 901 1884 quod

115 1880 287 1934 deposlta
324 1884 442 1930 eulpae
479 1888 678 1930 vetustate,
717 1885 901 1922 debemus

115 1929 272 1965 induere
306 1930 396 1967 vitae
432 1932 657 1977 novitatem;
695 1933 822 1978 tertio,
860 1933 899 1968 in

117 1976 189 2012 hoe
208 1977 311 2029 quod
333 1978 502 2016 Christus
523 1979 586 2025 qui
611 1980 737 2016 onmia
761 1983 900 2027 portat,

115 2023 248 2077 voluit·
272 2026 430 2071 portari,
471 2027 654 2064 habemus
690 2028 902 2073 exemplum

118 2071 360 2117 humil1tatis;
387 2078 535 2120 quarto,
557 2074 596 2110 in
623 2076 692 2111 hoc
721 2076 820 2121 quod
846 2075 902 2112 Si-

118 2127 232 2155 meon
252 2120 441 2157 benedixit
463 2123 596 2167 Deum,
614 2121 835 2159 instruimur
856 2123 904 2159 ad

118 2166 307 2219 agendum
345 2169 486 2215 gratias
529 2171 604 2206 Deo
644 2170 690 2206 de
729 2170 905 2207 omnibus

123 2213 233 2250 bonis
251 2216 406 2252 nostris.

172 2263 212 2296 13
258 2262 433 2300 Cnmsws
474 2276 508 2300 IN
551 2276 697 2301 cxxrico
738 2266 907 2302 Snffioms

122 2318 288 2347 Qum-oon
326 2322 518 2348 nouixissus
551 2324 824 2349 maximenon.
863 2333 908 2338 —

126 2355 328 2408 Possumus
359 2358 471 2395 etiam
498 2360 623 2396 dicere
649 2360 749 2406 quod
776 2360 814 2396 in
838 2360 909 2396 hoc

124 2405 271 2438 cantico
295 2406 559 2451 magnificatur
579 2407 762 2452 Christus,
785 2407 909 2454 quoad

125 2453 300 2502 quatuor,
328 2454 532 2490 secundum
554 2458 716 2500 quatuor
742 2455 908 2500 nomina,

124 2497 263 2542 quibus
302 2498 453 2537 Simeon
499 2502 687 2538 Christum
731 2503 907 2549 appellat.

125 2544 421 2584 Commendatur
443 2549 543 2585 enim
565 2549 734 2587 Christus
763 2554 801 2586 ut
825 2561 908 2596 pax,

126 2593 166 2627 ut
200 2593 316 2639 salus,
357 2598 397 2631 ut
430 2596 572 2641 lumen,
609 2601 647 2633 ut
671 2597 804 2644 gloria.
835 2599 910 2634 Pax

127 2641 196 2684 est,
219 2641 307 2687 quia
333 2643 535 2688 mediator;
565 2644 680 2690 saluS,
709 2645 798 2692 quia
823 2645 908 2682 red-

128 2690 294 2740 emptor;
320 2690 462 2737 lumen,
490 2691 579 2738 quia
601 2692 751 2738 doctor3
774 2692 908 2739 gloria,

129 2738 467 2790 quiatpraemiator.
485 2741 527 2776 Et
543 2739 594 2776 sic
616 2739 654 2776 in
671 2739 729 2776 his
750 2744 912 2787 quatuor

129 2786 302 2820 consistit
324 2786 489 2833 perfecta
513 2787 649 2825 Christi
667 2788 910 2825 commenda-

962 229 1029 271 tio,
1064 227 1138 263 imo
1167 228 1281 264 totius
1316 230 1548 277 Evangelicae
1580 229 1748 267 historiae

964 275 1136 320 quardam
1180 276 1400 313 brevissima
1447 277 1747 325 comprehensio.

966 324 1016 357 Ea
1033 332 1195 374 namque
1214 332 1295 367 quae
1313 325 1515 370 respit-iant
1534 327 1614 372 ejus
1632 325 1753 362 incar-

968 373 1160 405 nationem
1179 372 1550 416 comprehenduntur
1571 373 1608 408 in
1632 383 1723 419 pace
1742 383 1750 408 ι

967 418 1046 463 Ipse
1077 418 1172 451 enim
1206 420 1258 451 est
1284 428 1363 462 pam
1393 424 1530 460 nostra,
1569 422 1633 465 qui
1665 421 1753 464 fecit

967 468 1122 509 utraque
1149 474 1285 507 unum;
1311 464 1397 510 quia
1425 469 1622 512 utramque
1650 471 1757 503 natu-

969 522 1050 547 ram
1085 510 1124 546 in
1156 521 1230 546 uno
1264 511 1457 557 supposito
1498 514 1629 557 univit,
1662 515 1756 550 duos

968 558 1127 605 populos
1148 557 1187 593 in
1209 568 1325 594 unum
1351 559 1551 605 copulavit,
1578 561 1671 597 dans
1693 571 1758 607 pa-

969 617 1048 642 ceni
1077 605 1134 641 his
1167 605 1227 651 qui
1259 606 1368 652 longe
1399 610 1436 642 et
1461 607 1519 642 his
1543 607 1605 652 qui
1627 618 1759 654 prope,

972 655 1086 689 Deum
1109 652 1222 688 etiam
1245 653 1387 689 homini
1411 654 1682 689 reconciliavit.
1711 656 1762 690 Ea

970 712 1058 737 vero
1080 711 1163 747 quoe
1188 700 1395 747 respiciunt
1415 702 1496 747 ejus
1521 700 1762 747 praedicatio-

971 759 1071 792 nem,
1095 752 1129 783 et
1148 758 1225 784 suae
1246 748 1332 784 vitae
1351 749 1697 791 conversationem,
1720 758 1765 784 ac

970 795 1238 832 miraculorum
1275 795 1552 842 operationem,
1591 805 1763 841 compre-

971 843 1192 879 henduntur
1212 842 1250 878 in
1272 843 1378 887 luce;
1408 843 1510 880 unde
1538 843 1618 889 ipse
1640 842 1730 878 dicit
1754 854 1762 878 :

970 893 1046 935 Eoo
1067 901 1146 926 sum
1171 891 1236 926 luoe
1263 892 1404 926 mundi.
1433 891 1522 934 Quae
1547 894 1672 926 autem
1700 900 1765 926 re-

971 937 1132 984 spiciunt
1154 938 1455 984 redemptionem
1475 942 1511 974 et
1528 937 1744 984 passionem
1759 965 1768 981 ,

971 985 1343 1031 comprehenduntur
1372 985 1406 1021 in
1429 985 1582 1021 nomine
1607 984 1766 1028 salutis;

972 1033 1037 1069 sed
1077 1043 1159 1078 quae
1202 1032 1407 1079 respiciunt
1444 1031 1762 1069 resurrectionem

970 1083 1007 1115 et
1028 1079 1304 1123 ascensionem,
1327 1080 1700 1126 comprehenduntur
1722 1079 1762 1114 in

971 1126 1105 1173 gloria.
1145 1128 1188 1162 Et
1226 1127 1313 1172 quia
1349 1127 1537 1163 canticum
1573 1126 1672 1162 istud
1709 1125 1763 1162 sic

972 1174 1140 1210 continet
1162 1173 1283 1209 laudis
1305 1174 1440 1210 Christi
1468 1173 1760 1220 plenitudinem,

973 1225 1008 1257 et
1020 1221 1122 1257 senis
1135 1220 1330 1257 morientis
1343 1221 1637 1257 consolationem
1650 1233 1658 1264 3
1675 1220 1761 1256 ideo

973 1269 1011 1304 in
1035 1279 1119 1304 sero
1147 1271 1185 1304 et
1211 1267 1250 1304 in
1278 1267 1354 1304 fine
1381 1268 1501 1304 divini
1527 1267 1649 1305 Officii
1673 1278 1761 1304 can-

974 1319 1076 1352 tatur
1105 1315 1144 1350 in
1171 1315 1432 1361 completorio.

1027 1366 1065 1406 1²4
1089 1364 1258 1399 Smnoxis
1289 1374 1513 1398 BENEDmTlo.
1543 1384 1585 1389 -—
1612 1366 1660 1400 Et
1686 1366 1765 1399 erat

970 1414 1077 1456 pater
1104 1411 1199 1456 eJus,
1236 1409 1376 1446 scilicet
1410 1410 1614 1456 putativus,
1642 1410 1681 1446 id
1709 1414 1766 1447 est

971 1458 1126 1503 Joseph‚
1175 1457 1236 1503 qui
1290 1457 1428 1494 meruit
1483 1458 1608 1494 vocari
1657 1461 1766 1504 pater

974 1504 1127 1548 Christi,
1163 1515 1207 1540 eo
1235 1505 1335 1550 quod
1362 1504 1430 1541 suit
1458 1505 1636 1541 nutritius
1668 1506 1763 1551 ejus,

973 1555 1006 1587 et
1041 1553 1161 1588 Mater
1196 1552 1277 1597 ejus
1313 1562 1415 1595 vera,
1454 1552 1595 1588 scilicet
1633 1551 1763 1596 Maria,

973 1601 1162 1640 mirantes,
1190 1610 1266 1635 non
1289 1599 1512 1644 dubitando,
1541 1599 1607 1635 sed
1634 1610 1765 1635 assen-

974 1646 1101 1683 tiendo
1122 1650 1157 1682 et
1178 1647 1467 1692 congaudendo,
1486 1657 1596 1693 super
1613 1648 1670 1683 his
1686 1657 1766 1692 quae

974 1695 1191 1730 dicebantur
1207 1695 1250 1729 de
1270 1695 1349 1735 illo,
1370 1694 1513 1730 scilicet
1532 1696 1636 1731 Jesu.
1654 1695 1766 1730 Mira-

974 1743 1085 1778 batur
1107 1741 1235 1788 Virgo,
1258 1742 1304 1778 de
1333 1741 1390 1777 his
1419 1752 1503 1787 quae
1524 1742 1695 1778 audierat
1718 1742 1765 1778 ab

973 1789 1118 1835 Angelo
1155 1789 1193 1825 in
1227 1789 1534 1834 annuntiatione,
1569 1790 1615 1826 ab
1644 1789 1765 1825 Elisa-

975 1838 1064 1873 beth
1090 1836 1129 1872 in
1150 1836 1378 1873 salutatione
1401 1840 1437 1873 et
1460 1837 1618 1873 Joannis
1643 1836 1765 1873 exsul-

974 1884 1131 1929 tatione,
1156 1887 1193 1920 et
1213 1895 1235 1920 a
1256 1883 1437 1920 Zacharia
1459 1884 1498 1920 in
1518 1884 1675 1921 Joannis
1699 1894 1766 1920 na-

974 1931 1132 1968 tivitate.
1150 1934 1242 1968 Item
1254 1932 1464 1968 mirabatur
1480 1931 1561 1978 ipsa
1575 1935 1613 1968 et
1625 1932 1766 1978 Joseph

975 1989 1060 2015 cum
1087 1990 1145 2023 ea,
1173 1979 1220 2015 de
1251 1979 1499 2015 exsultatione
1520 1979 1765 2025 Angelorum,

978 2031 1064 2062 nato
1079 2026 1242 2071 Christo,
1256 2030 1293 2062 et
1313 2027 1360 2062 de
1380 2026 1525 2062 cantico
1542 2037 1640 2062 novo
1653 2037 1661 2069 ;
1676 2025 1766 2061 item

978 2074 1024 2110 de
1041 2074 1206 2110 adventu
1222 2077 1430 2120 pastorum,
1444 2077 1481 2109 et
1495 2073 1541 2109 de
1553 2072 1767 2110 reverentia

979 2123 1193 2167 Magorum3
1228 2121 1318 2157 item
1351 2121 1398 2157 de
1428 2121 1593 2157 adventu
1622 2120 1767 2157 Simeo-

979 2169 1050 2213 nis,
1074 2173 1110 2205 et
1131 2169 1178 2205 de
1197 2169 1309 2205 laude
1330 2169 1521 2215 ejusdem:
1537 2179 1620 2214 quae
1639 2167 1770 2204 omnia

980 2221 1089 2252 erant
1127 2215 1223 2252 mira
1261 2219 1297 2252 et
1348 2215 1600 2253 admiratione
1639 2215 1767 2262 digna.

982 2264 1086 2300 Unde
1113 2264 1330 2300 Ambrosius
1357 2277 1368 2299 .·
1407 2278 1426 2297 «
1463 2265 1543 2300 Non
1571 2262 1694 2299 solum
1721 2263 1768 2299 ab

981 2311 1133 2358 Angelis
1153 2314 1190 2348 et
1212 2311 1424 2358 Prophetis,
1447 2321 1469 2347 a
1493 2310 1706 2358 pastoribus
1733 2312 1771 2346 et

982 2359 1216 2405 parentibus,
1238 2359 1304 2395 sed
1325 2358 1439 2395 etiam
1460 2369 1482 2395 a
1503 2358 1714 2395 senioribus
1733 2360 1770 2393 et

978 2407 1104 2453 justis,
1133 2406 1330 2453 generatio
1367 2405 1516 2443 Domini
1547 2404 1691 2451 accepit
1715 2409 1768 2440 te-

983 2454 1214 2491 stimonium.
1248 2453 1379 2491 Omnis
1414 2457 1521 2497 aetas,
1546 2456 1583 2489 et
1613 2457 1768 2498 uterque

983 2512 1106 2547 sexus,
1124 2505 1420 2548 eventorumque
1439 2500 1634 2552 miracula,
1654 2499 1769 2552 tidem

984 2549 1334 2596 adstruunt:Virgo
1358 2552 1529 2596 generat,
1544 2547 1682 2583 sterilis
1704 2556 1770 2592 pa-

986 2597 1046 2641 rit,
1081 2601 1206 2634 mutus
1240 2597 1419 2643 loquitur,
1456 2595 1646 2632 Elisabeth
1682 2603 1768 2639 pro-

985 2645 1128 2691 phetat,
1153 2648 1258 2681 utero
1277 2645 1425 2680 clausus
1446 2642 1618 2695 exsultat,
1639 2642 1770 2686 Magus

985 2692 1133 2737 adorat,
1170 2691 1283 2728 vidua
1311 2692 1526 2733 confitetur,
1556 2691 1679 2735 justus
1706 2698 1769 2724 ex-

986 2744 1142 2786 spectat.
1165 2753 1182 2773 »
1211 2742 1258 2776 Et
1284 2750 1327 2776 ex
1354 2738 1490 2775 virtute
1519 2735 1630 2772 Pueri
1658 2745 1769 2787 quem

986 2788 1159 2835 gestabat
1179 2786 1217 2823 in
1239 2786 1350 2831 ulnis,
1370 2785 1557 2822 benedixit
1578 2784 1655 2819 illis
1676 2782 1773 2819 seili-
