<?xml version="1.0" encoding="UTF-8"?>
<!DOCTYPE html PUBLIC "-//W3C//DTD XHTML 1.0 Transitional//EN"
    "http://www.w3.org/TR/xhtml1/DTD/xhtml1-transitional.dtd">
<html xmlns="http://www.w3.org/1999/xhtml" xml:lang="en" lang="en">
 <head>
  <title>
</title>
<meta http-equiv="Content-Type" content="text/html;charset=utf-8" />
  <meta name='ocr-system' content='tesseract 3.04.00' />
  <meta name='ocr-capabilities' content='ocr_page ocr_carea ocr_par ocr_line ocrx_word'/>
</head>
<body>
  <div class='ocr_page' id='page_1' title='image "./vitajesuchristie01ludouoft_0151.png"; bbox 0 0 1902 3126; ppageno 0'>
   <div class='ocr_carea' id='block_1_1' title="bbox 262 132 1743 172">
    <p class='ocr_par' dir='ltr' id='par_1_1' title="bbox 262 132 1743 172">
     <span class='ocr_line' id='line_1_1' title="bbox 262 132 1743 172; baseline 0.002 -3"><span class='ocrx_word' id='word_1_1' title='bbox 262 135 399 169; x_wconf 64' lang='lat' dir='ltr'>FACTA</span> <span class='ocrx_word' id='word_1_2' title='bbox 436 133 615 168; x_wconf 83' lang='lat' dir='ltr'>CHRISTI</span> <span class='ocrx_word' id='word_1_3' title='bbox 653 132 706 165; x_wconf 75' lang='lat' dir='ltr'>AB</span> <span class='ocrx_word' id='word_1_4' title='bbox 741 132 853 165; x_wconf 71' lang='lat' dir='ltr'>ANxo</span> <span class='ocrx_word' id='word_1_5' title='bbox 893 133 959 166; x_wconf 82' lang='lat' dir='ltr'>XII</span> <span class='ocrx_word' id='word_1_6' title='bbox 999 134 1135 172; x_wconf 83' lang='lat' dir='ltr'>USQUE</span> <span class='ocrx_word' id='word_1_7' title='bbox 1174 137 1226 168; x_wconf 76' lang='lat' dir='ltr'>M)</span> <span class='ocrx_word' id='word_1_8' title='bbox 1263 137 1415 170; x_wconf 58' lang='lat' dir='ltr'>lxxxvii</span> <span class='ocrx_word' id='word_1_9' title='bbox 1454 138 1572 171; x_wconf 75' lang='lat' dir='ltr'>XXX.</span> <span class='ocrx_word' id='word_1_10' title='bbox 1687 139 1743 172; x_wconf 80' lang='lat'>137</span> 
     </span>
    </p>
   </div>
   <div class='ocr_carea' id='block_1_2' title="bbox 101 202 890 2809">
    <p class='ocr_par' dir='ltr' id='par_1_2' title="bbox 101 202 890 2423">
     <span class='ocr_line' id='line_1_2' title="bbox 105 202 882 251; baseline -0.009 -7"><span class='ocrx_word' id='word_1_11' title='bbox 105 211 161 245; x_wconf 90' lang='lat' dir='ltr'>est</span> <span class='ocrx_word' id='word_1_12' title='bbox 179 207 292 251; x_wconf 82' lang='lat' dir='ltr'>enim,</span> <span class='ocrx_word' id='word_1_13' title='bbox 308 206 403 242; x_wconf 87' lang='lat' dir='ltr'>sicut</span> <span class='ocrx_word' id='word_1_14' title='bbox 419 203 509 241; x_wconf 88' lang='lat' dir='ltr'>dicit</span> <span class='ocrx_word' id='word_1_15' title='bbox 525 202 656 239; x_wconf 90' lang='lat' dir='ltr'>doctor</span> <span class='ocrx_word' id='word_1_16' title='bbox 674 203 882 246; x_wconf 71' lang='lat' dir='ltr'>Greqorz&#39;us,</span> 
     </span>
     <span class='ocr_line' id='line_1_3' title="bbox 105 250 885 301; baseline -0.009 -10"><span class='ocrx_word' id='word_1_17' title='bbox 105 256 202 301; x_wconf 84' lang='lat' dir='ltr'>quod</span> <span class='ocrx_word' id='word_1_18' title='bbox 222 257 309 290; x_wconf 85' lang='lat' dir='ltr'>ante</span> <span class='ocrx_word' id='word_1_19' title='bbox 331 257 367 289; x_wconf 91' lang='lat' dir='ltr'>et</span> <span class='ocrx_word' id='word_1_20' title='bbox 386 251 577 295; x_wconf 82' lang='lat' dir='ltr'>deinceps,</span> <span class='ocrx_word' id='word_1_21' title='bbox 599 250 742 295; x_wconf 83' lang='lat' dir='ltr'>absque</span> <span class='ocrx_word' id='word_1_22' title='bbox 763 252 885 285; x_wconf 89' lang='lat' dir='ltr'>osten-</span> 
     </span>
     <span class='ocr_line' id='line_1_4' title="bbox 104 295 885 349; baseline -0.008 -11"><span class='ocrx_word' id='word_1_23' title='bbox 104 302 208 338; x_wconf 81' lang='lat' dir='ltr'>sione</span> <span class='ocrx_word' id='word_1_24' title='bbox 230 301 386 346; x_wconf 86' lang='lat' dir='ltr'>alicujus</span> <span class='ocrx_word' id='word_1_25' title='bbox 405 297 594 349; x_wconf 37' lang='lat' dir='ltr'>famosi-et</span> <span class='ocrx_word' id='word_1_26' title='bbox 614 295 752 343; x_wconf 88' lang='lat' dir='ltr'>publici</span> <span class='ocrx_word' id='word_1_27' title='bbox 775 296 885 332; x_wconf 90' lang='lat' dir='ltr'>mira-</span> 
     </span>
     <span class='ocr_line' id='line_1_5' title="bbox 104 345 885 386; baseline -0.009 -1"><span class='ocrx_word' id='word_1_28' title='bbox 104 349 174 386; x_wconf 90' lang='lat' dir='ltr'>culi</span> <span class='ocrx_word' id='word_1_29' title='bbox 193 348 317 384; x_wconf 90' lang='lat' dir='ltr'>taliter</span> <span class='ocrx_word' id='word_1_30' title='bbox 334 346 433 383; x_wconf 88' lang='lat' dir='ltr'>inter</span> <span class='ocrx_word' id='word_1_31' title='bbox 449 345 623 380; x_wconf 81' lang='lat' dir='ltr'>homines</span> <span class='ocrx_word' id='word_1_32' title='bbox 642 346 885 380; x_wconf 88' lang='lat' dir='ltr'>conversatus</span> 
     </span>
     <span class='ocr_line' id='line_1_6' title="bbox 103 390 885 440; baseline -0.009 -7"><span class='ocrx_word' id='word_1_33' title='bbox 103 396 227 439; x_wconf 87' lang='lat' dir='ltr'>suerit,</span> <span class='ocrx_word' id='word_1_34' title='bbox 249 392 354 440; x_wconf 86' lang='lat' dir='ltr'>quasi</span> <span class='ocrx_word' id='word_1_35' title='bbox 379 402 476 428; x_wconf 91' lang='lat' dir='ltr'>unus</span> <span class='ocrx_word' id='word_1_36' title='bbox 506 402 548 427; x_wconf 83' lang='lat' dir='ltr'>ex</span> <span class='ocrx_word' id='word_1_37' title='bbox 579 390 666 435; x_wconf 89' lang='lat' dir='ltr'>illis,</span> <span class='ocrx_word' id='word_1_38' title='bbox 689 391 808 427; x_wconf 90' lang='lat' dir='ltr'>donec</span> <span class='ocrx_word' id='word_1_39' title='bbox 837 391 885 426; x_wconf 92' lang='lat' dir='ltr'>ad</span> 
     </span>
     <span class='ocr_line' id='line_1_7' title="bbox 103 437 884 487; baseline -0.008 -8"><span class='ocrx_word' id='word_1_40' title='bbox 103 443 247 479; x_wconf 89' lang='lat' dir='ltr'>virilem</span> <span class='ocrx_word' id='word_1_41' title='bbox 263 438 607 487; x_wconf 82' lang='lat' dir='ltr'>pervenitaetatem.</span> <span class='ocrx_word' id='word_1_42' title='bbox 624 438 728 474; x_wconf 83' lang='lat' dir='ltr'>Unde</span> <span class='ocrx_word' id='word_1_43' title='bbox 741 438 786 474; x_wconf 85' lang='lat' dir='ltr'>de</span> <span class='ocrx_word' id='word_1_44' title='bbox 804 437 884 484; x_wconf 87' lang='lat' dir='ltr'>ipso</span> 
     </span>
     <span class='ocr_line' id='line_1_8' title="bbox 102 485 885 532; baseline -0.006 -7"><span class='ocrx_word' id='word_1_45' title='bbox 102 488 191 526; x_wconf 91' lang='lat' dir='ltr'>dicit</span> <span class='ocrx_word' id='word_1_46' title='bbox 205 490 369 525; x_wconf 81' lang='lat' dir='ltr'>Joanues</span> <span class='ocrx_word' id='word_1_47' title='bbox 386 485 556 532; x_wconf 89' lang='lat' dir='ltr'>Baptista</span> <span class='ocrx_word' id='word_1_48' title='bbox 575 497 582 521; x_wconf 90' lang='lat'>:</span> <span class='ocrx_word' id='word_1_49' title='bbox 602 486 746 521; x_wconf 74' lang='lat' dir='ltr'>Medius</span> <span class='ocrx_word' id='word_1_50' title='bbox 765 489 885 520; x_wconf 80' lang='lat' dir='ltr'>autem</span> 
     </span>
     <span class='ocr_line' id='line_1_9' title="bbox 103 534 886 579; baseline -0.005 -7"><span class='ocrx_word' id='word_1_51' title='bbox 103 539 257 572; x_wconf 77' lang='lat' dir='ltr'>vestrum</span> <span class='ocrx_word' id='word_1_52' title='bbox 287 536 401 575; x_wconf 77' lang='lat' dir='ltr'>stetit,</span> <span class='ocrx_word' id='word_1_53' title='bbox 432 544 536 579; x_wconf 81' lang='lat' dir='ltr'>quem</span> <span class='ocrx_word' id='word_1_54' title='bbox 563 543 625 568; x_wconf 82' lang='lat' dir='ltr'>vos</span> <span class='ocrx_word' id='word_1_55' title='bbox 657 535 817 569; x_wconf 75' lang='lat' dir='ltr'>nescitis.</span> <span class='ocrx_word' id='word_1_56' title='bbox 842 534 886 568; x_wconf 90' lang='lat' dir='ltr'>Et</span> 
     </span>
     <span class='ocr_line' id='line_1_10' title="bbox 101 580 885 634; baseline -0.005 -14"><span class='ocrx_word' id='word_1_57' title='bbox 101 580 885 634; x_wconf 81' lang='lat' dir='ltr'>totumistudtempusbrevitercomplexus</span> 
     </span>
     <span class='ocr_line' id='line_1_11' title="bbox 103 627 886 667; baseline -0.004 -1"><span class='ocrx_word' id='word_1_58' title='bbox 103 632 159 667; x_wconf 89' lang='lat' dir='ltr'>est</span> <span class='ocrx_word' id='word_1_59' title='bbox 175 631 292 666; x_wconf 90' lang='lat' dir='ltr'>Lucas</span> <span class='ocrx_word' id='word_1_60' title='bbox 309 629 377 665; x_wconf 89' lang='lat' dir='ltr'>sub</span> <span class='ocrx_word' id='word_1_61' title='bbox 395 629 453 664; x_wconf 97' lang='grc'>1115</span> <span class='ocrx_word' id='word_1_62' title='bbox 466 627 591 665; x_wconf 88' lang='lat' dir='ltr'>verbis</span> <span class='ocrx_word' id='word_1_63' title='bbox 611 639 618 663; x_wconf 90' lang='lat'>:</span> <span class='ocrx_word' id='word_1_64' title='bbox 637 630 683 664; x_wconf 78' lang='lat' dir='ltr'>Et</span> <span class='ocrx_word' id='word_1_65' title='bbox 701 628 886 664; x_wconf 77' lang='lat' dir='ltr'>descendit</span> 
     </span>
     <span class='ocr_line' id='line_1_12' title="bbox 101 676 886 718; baseline -0.003 -5"><span class='ocrx_word' id='word_1_66' title='bbox 101 688 179 714; x_wconf 82' lang='lat' dir='ltr'>cum</span> <span class='ocrx_word' id='word_1_67' title='bbox 199 679 262 718; x_wconf 81' lang='lat' dir='ltr'>eis,</span> <span class='ocrx_word' id='word_1_68' title='bbox 277 680 309 712; x_wconf 84' lang='lat' dir='ltr'>et</span> <span class='ocrx_word' id='word_1_69' title='bbox 329 679 407 712; x_wconf 78' lang='lat' dir='ltr'>erat</span> <span class='ocrx_word' id='word_1_70' title='bbox 426 677 595 711; x_wconf 68' lang='lat' dir='ltr'>subditus</span> <span class='ocrx_word' id='word_1_71' title='bbox 617 677 705 711; x_wconf 75' lang='lat' dir='ltr'>illis.</span> <span class='ocrx_word' id='word_1_72' title='bbox 724 676 828 712; x_wconf 90' lang='lat' dir='ltr'>Unde</span> <span class='ocrx_word' id='word_1_73' title='bbox 850 678 886 711; x_wconf 90' lang='lat' dir='ltr'>et</span> 
     </span>
     <span class='ocr_line' id='line_1_13' title="bbox 105 722 886 769; baseline -0.003 -9"><span class='ocrx_word' id='word_1_74' title='bbox 105 726 257 760; x_wconf 82' lang='lat' dir='ltr'><em>Thomas</em></span> <span class='ocrx_word' id='word_1_75' title='bbox 277 737 287 759; x_wconf 87' lang='grc'>.-</span> <span class='ocrx_word' id='word_1_76' title='bbox 311 739 329 756; x_wconf 85' lang='lat'>«</span> <span class='ocrx_word' id='word_1_77' title='bbox 352 722 473 759; x_wconf 88' lang='lat' dir='ltr'>Medio</span> <span class='ocrx_word' id='word_1_78' title='bbox 497 726 683 769; x_wconf 86' lang='lat' dir='ltr'>tempore,</span> <span class='ocrx_word' id='word_1_79' title='bbox 703 723 844 759; x_wconf 88' lang='lat' dir='ltr'>scilicet</span> <span class='ocrx_word' id='word_1_80' title='bbox 863 733 886 759; x_wconf 89' lang='lat' dir='ltr'>a</span> 
     </span>
     <span class='ocr_line' id='line_1_14' title="bbox 102 770 885 816; baseline -0.001 -9"><span class='ocrx_word' id='word_1_81' title='bbox 102 771 296 808; x_wconf 78' lang='lat' dir='ltr'>nativitate</span> <span class='ocrx_word' id='word_1_82' title='bbox 306 781 423 816; x_wconf 90' lang='lat' dir='ltr'>usque</span> <span class='ocrx_word' id='word_1_83' title='bbox 437 770 483 807; x_wconf 92' lang='lat' dir='ltr'>ad</span> <span class='ocrx_word' id='word_1_84' title='bbox 496 770 728 816; x_wconf 85' lang='lat' dir='ltr'>Baptismum</span> <span class='ocrx_word' id='word_1_85' title='bbox 742 770 885 806; x_wconf 87' lang='lat' dir='ltr'>nullum</span> 
     </span>
     <span class='ocr_line' id='line_1_15' title="bbox 101 817 885 863; baseline -0.003 -8"><span class='ocrx_word' id='word_1_86' title='bbox 101 818 323 856; x_wconf 83' lang='lat' dir='ltr'>miraculum</span> <span class='ocrx_word' id='word_1_87' title='bbox 342 817 510 855; x_wconf 84' lang='lat' dir='ltr'>Christus</span> <span class='ocrx_word' id='word_1_88' title='bbox 528 821 706 863; x_wconf 90' lang='lat' dir='ltr'>operatus</span> <span class='ocrx_word' id='word_1_89' title='bbox 728 821 796 861; x_wconf 88' lang='lat' dir='ltr'>est,</span> <span class='ocrx_word' id='word_1_90' title='bbox 820 818 885 854; x_wconf 91' lang='lat' dir='ltr'>sed</span> 
     </span>
     <span class='ocr_line' id='line_1_16' title="bbox 102 865 886 909; baseline -0.001 -7"><span class='ocrx_word' id='word_1_91' title='bbox 102 865 308 902; x_wconf 89' lang='lat' dir='ltr'>conformis</span> <span class='ocrx_word' id='word_1_92' title='bbox 325 865 623 902; x_wconf 87' lang='lat' dir='ltr'>conversationis</span> <span class='ocrx_word' id='word_1_93' title='bbox 644 865 726 901; x_wconf 86' lang='lat' dir='ltr'>aliis</span> <span class='ocrx_word' id='word_1_94' title='bbox 742 868 836 909; x_wconf 84' lang='lat' dir='ltr'>erat,</span> <span class='ocrx_word' id='word_1_95' title='bbox 850 868 886 901; x_wconf 88' lang='lat' dir='ltr'>et</span> 
     </span>
     <span class='ocr_line' id='line_1_17' title="bbox 104 912 882 959; baseline -0.003 -9"><span class='ocrx_word' id='word_1_96' title='bbox 104 924 170 950; x_wconf 86' lang='lat' dir='ltr'>sua</span> <span class='ocrx_word' id='word_1_97' title='bbox 196 913 312 950; x_wconf 89' lang='lat' dir='ltr'>virtus</span> <span class='ocrx_word' id='word_1_98' title='bbox 339 912 467 959; x_wconf 82' lang='lat' dir='ltr'>ignota</span> <span class='ocrx_word' id='word_1_99' title='bbox 493 912 666 949; x_wconf 92' lang='lat' dir='ltr'>omnibus</span> <span class='ocrx_word' id='word_1_100' title='bbox 688 912 882 948; x_wconf 72' lang='lat' dir='ltr'>existebat.</span> 
     </span>
     <span class='ocr_line' id='line_1_18' title="bbox 103 959 885 1003; baseline -0.003 -6"><span class='ocrx_word' id='word_1_101' title='bbox 103 961 190 997; x_wconf 88' lang='lat' dir='ltr'>Ideo</span> <span class='ocrx_word' id='word_1_102' title='bbox 211 965 335 997; x_wconf 88' lang='lat' dir='ltr'>autem</span> <span class='ocrx_word' id='word_1_103' title='bbox 357 971 433 996; x_wconf 91' lang='lat' dir='ltr'>non</span> <span class='ocrx_word' id='word_1_104' title='bbox 451 960 537 996; x_wconf 89' lang='lat' dir='ltr'>fecit</span> <span class='ocrx_word' id='word_1_105' title='bbox 553 959 747 1003; x_wconf 89' lang='lat' dir='ltr'>miracula,</span> <span class='ocrx_word' id='word_1_106' title='bbox 762 959 885 996; x_wconf 89' lang='lat' dir='ltr'>medio</span> 
     </span>
     <span class='ocr_line' id='line_1_19' title="bbox 103 1007 886 1055; baseline -0.003 -11"><span class='ocrx_word' id='word_1_107' title='bbox 103 1011 338 1055; x_wconf 86' lang='lat' dir='ltr'>tempore‚ut</span> <span class='ocrx_word' id='word_1_108' title='bbox 355 1018 429 1044; x_wconf 89' lang='lat' dir='ltr'>non</span> <span class='ocrx_word' id='word_1_109' title='bbox 451 1011 646 1054; x_wconf 89' lang='lat' dir='ltr'>putaretur</span> <span class='ocrx_word' id='word_1_110' title='bbox 667 1007 886 1053; x_wconf 73' lang='lat' dir='ltr'>mysterium</span> 
     </span>
     <span class='ocr_line' id='line_1_20' title="bbox 104 1055 888 1101; baseline -0.001 -10"><span class='ocrx_word' id='word_1_111' title='bbox 104 1055 379 1092; x_wconf 85' lang='lat' dir='ltr'>incarnationis</span> <span class='ocrx_word' id='word_1_112' title='bbox 399 1055 623 1101; x_wconf 81' lang='lat' dir='ltr'>phantasma</span> <span class='ocrx_word' id='word_1_113' title='bbox 645 1066 741 1099; x_wconf 87' lang='lat' dir='ltr'>esse,</span> <span class='ocrx_word' id='word_1_114' title='bbox 762 1055 792 1090; x_wconf 89' lang='lat' dir='ltr'>si</span> <span class='ocrx_word' id='word_1_115' title='bbox 812 1065 888 1090; x_wconf 90' lang='grc'>11011</span> 
     </span>
     <span class='ocr_line' id='line_1_21' title="bbox 104 1102 887 1146; baseline -0.003 -7"><span class='ocrx_word' id='word_1_116' title='bbox 104 1113 144 1139; x_wconf 87' lang='grc'>56</span> <span class='ocrx_word' id='word_1_117' title='bbox 162 1103 358 1139; x_wconf 82' lang='lat' dir='ltr'>habuisset</span> <span class='ocrx_word' id='word_1_118' title='bbox 378 1103 472 1138; x_wconf 88' lang='lat' dir='ltr'>sicut</span> <span class='ocrx_word' id='word_1_119' title='bbox 493 1102 554 1138; x_wconf 85' lang='lat' dir='ltr'>alii</span> <span class='ocrx_word' id='word_1_120' title='bbox 579 1105 689 1138; x_wconf 79' lang='lat' dir='ltr'>aetate</span> <span class='ocrx_word' id='word_1_121' title='bbox 710 1102 887 1146; x_wconf 84' lang='lat' dir='ltr'>infantes,</span> 
     </span>
     <span class='ocr_line' id='line_1_22' title="bbox 105 1149 889 1187; baseline -0.001 -1"><span class='ocrx_word' id='word_1_122' title='bbox 105 1153 141 1187; x_wconf 90' lang='lat' dir='ltr'>et</span> <span class='ocrx_word' id='word_1_123' title='bbox 163 1149 248 1186; x_wconf 90' lang='lat' dir='ltr'>ideo</span> <span class='ocrx_word' id='word_1_124' title='bbox 276 1150 641 1186; x_wconf 71' lang='lat' dir='ltr'>demonstrationem</span> <span class='ocrx_word' id='word_1_125' title='bbox 666 1149 832 1186; x_wconf 87' lang='lat' dir='ltr'>scientiae</span> <span class='ocrx_word' id='word_1_126' title='bbox 853 1152 889 1185; x_wconf 90' lang='lat' dir='ltr'>et</span> 
     </span>
     <span class='ocr_line' id='line_1_23' title="bbox 105 1196 890 1243; baseline 0 -11"><span class='ocrx_word' id='word_1_127' title='bbox 105 1196 252 1234; x_wconf 86' lang='lat' dir='ltr'>virtutis</span> <span class='ocrx_word' id='word_1_128' title='bbox 273 1208 348 1233; x_wconf 80' lang='lat' dir='ltr'>suae</span> <span class='ocrx_word' id='word_1_129' title='bbox 370 1198 417 1233; x_wconf 86' lang='lat' dir='ltr'>ad</span> <span class='ocrx_word' id='word_1_130' title='bbox 444 1196 481 1233; x_wconf 92' lang='lat' dir='ltr'>id</span> <span class='ocrx_word' id='word_1_131' title='bbox 502 1197 645 1234; x_wconf 86' lang='lat' dir='ltr'>distulit</span> <span class='ocrx_word' id='word_1_132' title='bbox 666 1200 828 1243; x_wconf 89' lang='lat' dir='ltr'>tempus,</span> <span class='ocrx_word' id='word_1_133' title='bbox 850 1196 890 1232; x_wconf 92' lang='lat' dir='ltr'>in</span> 
     </span>
     <span class='ocr_line' id='line_1_24' title="bbox 105 1244 889 1291; baseline -0.001 -10"><span class='ocrx_word' id='word_1_134' title='bbox 105 1255 177 1291; x_wconf 90' lang='lat' dir='ltr'>quo</span> <span class='ocrx_word' id='word_1_135' title='bbox 204 1244 267 1281; x_wconf 87' lang='lat' dir='ltr'>alii</span> <span class='ocrx_word' id='word_1_136' title='bbox 298 1244 470 1281; x_wconf 91' lang='lat' dir='ltr'>homines</span> <span class='ocrx_word' id='word_1_137' title='bbox 504 1244 660 1280; x_wconf 90' lang='lat' dir='ltr'>scientia</span> <span class='ocrx_word' id='word_1_138' title='bbox 690 1248 726 1280; x_wconf 90' lang='lat' dir='ltr'>et</span> <span class='ocrx_word' id='word_1_139' title='bbox 752 1244 889 1280; x_wconf 86' lang='lat' dir='ltr'>virtute</span> 
     </span>
     <span class='ocr_line' id='line_1_25' title="bbox 103 1291 886 1339; baseline 0.001 -13"><span class='ocrx_word' id='word_1_140' title='bbox 103 1291 230 1339; x_wconf 85' lang='lat' dir='ltr'>vigere</span> <span class='ocrx_word' id='word_1_141' title='bbox 250 1296 525 1328; x_wconf 86' lang='lat' dir='ltr'>consueverunt</span> <span class='ocrx_word' id='word_1_142' title='bbox 546 1304 553 1327; x_wconf 92' lang='lat'>:</span> <span class='ocrx_word' id='word_1_143' title='bbox 578 1306 596 1323; x_wconf 91' lang='lat'>»</span> <span class='ocrx_word' id='word_1_144' title='bbox 620 1292 699 1327; x_wconf 71' lang='lat' dir='ltr'>licec</span> <span class='ocrx_word' id='word_1_145' title='bbox 720 1293 886 1327; x_wconf 80' lang='lat' dir='ltr'>Thomas.</span> 
     </span>
     <span class='ocr_line' id='line_1_26' title="bbox 104 1339 888 1386; baseline 0 -11"><span class='ocrx_word' id='word_1_146' title='bbox 104 1339 282 1386; x_wconf 83' lang='lat' dir='ltr'>Magister</span> <span class='ocrx_word' id='word_1_147' title='bbox 308 1339 367 1374; x_wconf 89' lang='lat' dir='ltr'>hic</span> <span class='ocrx_word' id='word_1_148' title='bbox 392 1350 574 1383; x_wconf 89' lang='lat' dir='ltr'>summus,</span> <span class='ocrx_word' id='word_1_149' title='bbox 598 1339 799 1385; x_wconf 88' lang='lat' dir='ltr'>aliquando</span> <span class='ocrx_word' id='word_1_150' title='bbox 822 1339 888 1375; x_wconf 91' lang='lat' dir='ltr'>do-</span> 
     </span>
     <span class='ocr_line' id='line_1_27' title="bbox 103 1385 889 1432; baseline 0 -10"><span class='ocrx_word' id='word_1_151' title='bbox 103 1390 230 1423; x_wconf 90' lang='lat' dir='ltr'>cturus</span> <span class='ocrx_word' id='word_1_152' title='bbox 255 1385 412 1423; x_wconf 87' lang='lat' dir='ltr'>virtutes</span> <span class='ocrx_word' id='word_1_153' title='bbox 438 1390 476 1422; x_wconf 90' lang='lat' dir='ltr'>et</span> <span class='ocrx_word' id='word_1_154' title='bbox 496 1386 593 1422; x_wconf 83' lang='lat' dir='ltr'>viam</span> <span class='ocrx_word' id='word_1_155' title='bbox 616 1386 714 1431; x_wconf 58' lang='lat' dir='ltr'>vitre,</span> <span class='ocrx_word' id='word_1_156' title='bbox 737 1386 848 1432; x_wconf 73' lang='lat' dir='ltr'>coepit</span> <span class='ocrx_word' id='word_1_157' title='bbox 867 1397 889 1422; x_wconf 90' lang='lat' dir='ltr'>a</span> 
     </span>
     <span class='ocr_line' id='line_1_28' title="bbox 104 1434 886 1480; baseline 0.001 -11"><span class='ocrx_word' id='word_1_158' title='bbox 104 1444 174 1470; x_wconf 90' lang='lat' dir='ltr'>sua</span> <span class='ocrx_word' id='word_1_159' title='bbox 192 1434 388 1480; x_wconf 86' lang='lat' dir='ltr'>juventute</span> <span class='ocrx_word' id='word_1_160' title='bbox 412 1444 527 1480; x_wconf 86' lang='lat' dir='ltr'>opera</span> <span class='ocrx_word' id='word_1_161' title='bbox 556 1434 723 1470; x_wconf 86' lang='lat' dir='ltr'>virtuosa</span> <span class='ocrx_word' id='word_1_162' title='bbox 750 1434 886 1478; x_wconf 87' lang='lat' dir='ltr'>facere,</span> 
     </span>
     <span class='ocr_line' id='line_1_29' title="bbox 103 1480 887 1527; baseline 0 -10"><span class='ocrx_word' id='word_1_163' title='bbox 103 1481 167 1517; x_wconf 91' lang='lat' dir='ltr'>sed</span> <span class='ocrx_word' id='word_1_164' title='bbox 203 1481 326 1518; x_wconf 88' lang='lat' dir='ltr'>modo</span> <span class='ocrx_word' id='word_1_165' title='bbox 352 1480 515 1517; x_wconf 89' lang='lat' dir='ltr'>mirabili</span> <span class='ocrx_word' id='word_1_166' title='bbox 552 1485 587 1517; x_wconf 90' lang='lat' dir='ltr'>et</span> <span class='ocrx_word' id='word_1_167' title='bbox 621 1481 812 1527; x_wconf 81' lang='lat' dir='ltr'>incognito</span> <span class='ocrx_word' id='word_1_168' title='bbox 845 1492 887 1517; x_wconf 90' lang='lat' dir='ltr'>ac</span> 
     </span>
     <span class='ocr_line' id='line_1_30' title="bbox 103 1528 886 1574; baseline 0.003 -11"><span class='ocrx_word' id='word_1_169' title='bbox 103 1528 301 1565; x_wconf 87' lang='lat' dir='ltr'>retroactis</span> <span class='ocrx_word' id='word_1_170' title='bbox 323 1528 557 1574; x_wconf 85' lang='lat' dir='ltr'>temporibus</span> <span class='ocrx_word' id='word_1_171' title='bbox 578 1528 760 1572; x_wconf 89' lang='lat' dir='ltr'>inaudito,</span> <span class='ocrx_word' id='word_1_172' title='bbox 783 1528 886 1565; x_wconf 91' lang='lat' dir='ltr'>vidc-</span> 
     </span>
     <span class='ocr_line' id='line_1_31' title="bbox 102 1575 888 1622; baseline 0 -11"><span class='ocrx_word' id='word_1_173' title='bbox 102 1575 187 1611; x_wconf 88' lang='lat' dir='ltr'>licct</span> <span class='ocrx_word' id='word_1_174' title='bbox 230 1586 270 1612; x_wconf 91' lang='lat' dir='ltr'>se</span> <span class='ocrx_word' id='word_1_175' title='bbox 311 1575 349 1611; x_wconf 90' lang='lat' dir='ltr'>in</span> <span class='ocrx_word' id='word_1_176' title='bbox 392 1580 594 1622; x_wconf 89' lang='lat' dir='ltr'>conspectu</span> <span class='ocrx_word' id='word_1_177' title='bbox 638 1575 808 1611; x_wconf 89' lang='lat' dir='ltr'>inutilem</span> <span class='ocrx_word' id='word_1_178' title='bbox 851 1579 888 1612; x_wconf 90' lang='lat' dir='ltr'>et</span> 
     </span>
     <span class='ocr_line' id='line_1_32' title="bbox 102 1623 888 1669; baseline 0 -10"><span class='ocrx_word' id='word_1_179' title='bbox 102 1623 290 1669; x_wconf 83' lang='lat' dir='ltr'>abjectum</span> <span class='ocrx_word' id='word_1_180' title='bbox 311 1626 346 1659; x_wconf 89' lang='lat' dir='ltr'>et</span> <span class='ocrx_word' id='word_1_181' title='bbox 362 1623 602 1669; x_wconf 84' lang='lat' dir='ltr'>insipientem</span> <span class='ocrx_word' id='word_1_182' title='bbox 621 1623 829 1667; x_wconf 88' lang='lat' dir='ltr'>reddendo,</span> <span class='ocrx_word' id='word_1_183' title='bbox 847 1626 888 1659; x_wconf 92' lang='lat' dir='ltr'>ut</span> 
     </span>
     <span class='ocr_line' id='line_1_33' title="bbox 103 1670 884 1706; baseline 0 0"><span class='ocrx_word' id='word_1_184' title='bbox 103 1670 237 1706; x_wconf 85' lang='lat' dir='ltr'>devote</span> <span class='ocrx_word' id='word_1_185' title='bbox 257 1674 294 1706; x_wconf 88' lang='lat' dir='ltr'>et</span> <span class='ocrx_word' id='word_1_186' title='bbox 315 1670 397 1706; x_wconf 88' lang='lat' dir='ltr'>sine</span> <span class='ocrx_word' id='word_1_187' title='bbox 417 1670 518 1706; x_wconf 92' lang='lat' dir='ltr'>omni</span> <span class='ocrx_word' id='word_1_188' title='bbox 539 1670 742 1706; x_wconf 88' lang='lat' dir='ltr'>temeraria</span> <span class='ocrx_word' id='word_1_189' title='bbox 763 1681 884 1706; x_wconf 87' lang='lat' dir='ltr'>asser-</span> 
     </span>
     <span class='ocr_line' id='line_1_34' title="bbox 103 1716 887 1765; baseline 0.001 -13"><span class='ocrx_word' id='word_1_190' title='bbox 103 1716 205 1754; x_wconf 88' lang='lat' dir='ltr'>tione</span> <span class='ocrx_word' id='word_1_191' title='bbox 237 1717 392 1764; x_wconf 87' lang='lat' dir='ltr'>cogitari</span> <span class='ocrx_word' id='word_1_192' title='bbox 418 1721 454 1754; x_wconf 91' lang='lat' dir='ltr'>et</span> <span class='ocrx_word' id='word_1_193' title='bbox 481 1717 656 1753; x_wconf 89' lang='lat' dir='ltr'>meditari</span> <span class='ocrx_word' id='word_1_194' title='bbox 683 1721 818 1765; x_wconf 89' lang='lat' dir='ltr'>potest.</span> <span class='ocrx_word' id='word_1_195' title='bbox 843 1719 887 1753; x_wconf 88' lang='lat' dir='ltr'>Et</span> 
     </span>
     <span class='ocr_line' id='line_1_35' title="bbox 103 1764 885 1802; baseline 0 -2"><span class='ocrx_word' id='word_1_196' title='bbox 103 1774 187 1801; x_wconf 91' lang='lat' dir='ltr'>cum</span> <span class='ocrx_word' id='word_1_197' title='bbox 223 1765 294 1800; x_wconf 89' lang='lat' dir='ltr'>hac</span> <span class='ocrx_word' id='word_1_198' title='bbox 333 1765 614 1802; x_wconf 87' lang='lat' dir='ltr'>modificatione</span> <span class='ocrx_word' id='word_1_199' title='bbox 652 1765 781 1801; x_wconf 90' lang='lat' dir='ltr'>omnia</span> <span class='ocrx_word' id='word_1_200' title='bbox 819 1764 885 1802; x_wconf 92' lang='lat' dir='ltr'>tibi</span> 
     </span>
     <span class='ocr_line' id='line_1_36' title="bbox 103 1811 885 1859; baseline -0.001 -10"><span class='ocrx_word' id='word_1_201' title='bbox 103 1811 266 1855; x_wconf 88' lang='lat' dir='ltr'>affirmo,</span> <span class='ocrx_word' id='word_1_202' title='bbox 287 1823 369 1858; x_wconf 79' lang='lat' dir='ltr'>quae</span> <span class='ocrx_word' id='word_1_203' title='bbox 389 1823 456 1859; x_wconf 91' lang='lat' dir='ltr'>per</span> <span class='ocrx_word' id='word_1_204' title='bbox 482 1812 743 1849; x_wconf 88' lang='lat' dir='ltr'>auctoritatem</span> <span class='ocrx_word' id='word_1_205' title='bbox 769 1823 885 1848; x_wconf 73' lang='lat' dir='ltr'>sacrae</span> 
     </span>
     <span class='ocr_line' id='line_1_37' title="bbox 104 1859 885 1907; baseline 0.001 -12"><span class='ocrx_word' id='word_1_206' title='bbox 104 1859 304 1906; x_wconf 60' lang='lat' dir='ltr'>Scriptura*</span> <span class='ocrx_word' id='word_1_207' title='bbox 320 1871 394 1895; x_wconf 89' lang='lat' dir='ltr'>non</span> <span class='ocrx_word' id='word_1_208' title='bbox 406 1861 628 1906; x_wconf 81' lang='lat' dir='ltr'>probantur,</span> <span class='ocrx_word' id='word_1_209' title='bbox 644 1864 757 1907; x_wconf 92' lang='lat' dir='ltr'>prout</span> <span class='ocrx_word' id='word_1_210' title='bbox 772 1859 885 1896; x_wconf 89' lang='lat' dir='ltr'>etiam</span> 
     </span>
     <span class='ocr_line' id='line_1_38' title="bbox 104 1907 886 1954; baseline 0.001 -11"><span class='ocrx_word' id='word_1_211' title='bbox 104 1917 216 1953; x_wconf 88' lang='lat' dir='ltr'>supra</span> <span class='ocrx_word' id='word_1_212' title='bbox 234 1907 272 1942; x_wconf 92' lang='lat' dir='ltr'>in</span> <span class='ocrx_word' id='word_1_213' title='bbox 294 1907 450 1954; x_wconf 79' lang='lat' dir='ltr'>prologo</span> <span class='ocrx_word' id='word_1_214' title='bbox 472 1907 663 1943; x_wconf 88' lang='lat' dir='ltr'>recitatur.</span> <span class='ocrx_word' id='word_1_215' title='bbox 685 1909 886 1944; x_wconf 88' lang='lat' dir='ltr'>Subtrahe-</span> 
     </span>
     <span class='ocr_line' id='line_1_39' title="bbox 102 1954 886 2000; baseline 0.001 -10"><span class='ocrx_word' id='word_1_216' title='bbox 102 1955 167 1991; x_wconf 87' lang='lat' dir='ltr'>bat</span> <span class='ocrx_word' id='word_1_217' title='bbox 191 1965 279 2000; x_wconf 83' lang='lat' dir='ltr'>ergo</span> <span class='ocrx_word' id='word_1_218' title='bbox 301 1965 339 1990; x_wconf 91' lang='lat' dir='ltr'>sc</span> <span class='ocrx_word' id='word_1_219' title='bbox 363 1965 384 1990; x_wconf 90' lang='lat' dir='ltr'>a</span> <span class='ocrx_word' id='word_1_220' title='bbox 405 1954 593 1990; x_wconf 91' lang='lat' dir='ltr'>consortio</span> <span class='ocrx_word' id='word_1_221' title='bbox 616 1955 826 1999; x_wconf 90' lang='lat' dir='ltr'>hominum,</span> <span class='ocrx_word' id='word_1_222' title='bbox 849 1958 886 1991; x_wconf 90' lang='lat' dir='ltr'>et</span> 
     </span>
     <span class='ocr_line' id='line_1_40' title="bbox 102 2001 884 2048; baseline 0.001 -10"><span class='ocrx_word' id='word_1_223' title='bbox 102 2002 285 2038; x_wconf 89' lang='lat' dir='ltr'>tumultus</span> <span class='ocrx_word' id='word_1_224' title='bbox 301 2012 431 2038; x_wconf 89' lang='lat' dir='ltr'>eorum</span> <span class='ocrx_word' id='word_1_225' title='bbox 449 2001 652 2046; x_wconf 76' lang='lat' dir='ltr'>devitabat,</span> <span class='ocrx_word' id='word_1_226' title='bbox 668 2002 884 2048; x_wconf 81' lang='lat' dir='ltr'>crebrisque</span> 
     </span>
     <span class='ocr_line' id='line_1_41' title="bbox 103 2048 888 2096; baseline 0.001 -12"><span class='ocrx_word' id='word_1_227' title='bbox 103 2048 338 2085; x_wconf 89' lang='lat' dir='ltr'>orationibus</span> <span class='ocrx_word' id='word_1_228' title='bbox 359 2049 525 2085; x_wconf 82' lang='lat' dir='ltr'>intentus</span> <span class='ocrx_word' id='word_1_229' title='bbox 538 2053 631 2085; x_wconf 88' lang='lat' dir='ltr'>erat.</span> <span class='ocrx_word' id='word_1_230' title='bbox 648 2050 726 2085; x_wconf 87' lang='lat' dir='ltr'>Ibat</span> <span class='ocrx_word' id='word_1_231' title='bbox 746 2050 793 2085; x_wconf 90' lang='lat' dir='ltr'>ad</span> <span class='ocrx_word' id='word_1_232' title='bbox 806 2061 888 2096; x_wconf 81' lang='lat' dir='ltr'>syn-</span> 
     </span>
     <span class='ocr_line' id='line_1_42' title="bbox 101 2096 887 2142; baseline 0 -9"><span class='ocrx_word' id='word_1_233' title='bbox 101 2107 275 2142; x_wconf 62' lang='lat' dir='ltr'>agogam,</span> <span class='ocrx_word' id='word_1_234' title='bbox 289 2096 326 2132; x_wconf 88' lang='lat' dir='ltr'>id</span> <span class='ocrx_word' id='word_1_235' title='bbox 348 2097 464 2133; x_wconf 88' lang='lat' dir='ltr'>estad</span> <span class='ocrx_word' id='word_1_236' title='bbox 485 2096 696 2141; x_wconf 87' lang='lat' dir='ltr'>ecclesiam,</span> <span class='ocrx_word' id='word_1_237' title='bbox 711 2100 746 2133; x_wconf 93' lang='lat' dir='ltr'>et</span> <span class='ocrx_word' id='word_1_238' title='bbox 764 2099 887 2133; x_wconf 88' lang='lat' dir='ltr'>stabat</span> 
     </span>
     <span class='ocr_line' id='line_1_43' title="bbox 101 2143 886 2190; baseline 0.001 -11"><span class='ocrx_word' id='word_1_239' title='bbox 101 2143 153 2180; x_wconf 89' lang='lat' dir='ltr'>ibi</span> <span class='ocrx_word' id='word_1_240' title='bbox 176 2144 333 2180; x_wconf 89' lang='lat' dir='ltr'>multum</span> <span class='ocrx_word' id='word_1_241' title='bbox 358 2144 395 2179; x_wconf 89' lang='lat' dir='ltr'>in</span> <span class='ocrx_word' id='word_1_242' title='bbox 417 2144 603 2188; x_wconf 89' lang='lat' dir='ltr'>oratione,</span> <span class='ocrx_word' id='word_1_243' title='bbox 627 2155 768 2190; x_wconf 86' lang='lat' dir='ltr'>ponens</span> <span class='ocrx_word' id='word_1_244' title='bbox 789 2156 828 2180; x_wconf 90' lang='lat' dir='ltr'>se</span> <span class='ocrx_word' id='word_1_245' title='bbox 849 2144 886 2180; x_wconf 91' lang='lat' dir='ltr'>in</span> 
     </span>
     <span class='ocr_line' id='line_1_44' title="bbox 103 2190 886 2238; baseline 0.003 -12"><span class='ocrx_word' id='word_1_246' title='bbox 103 2190 184 2227; x_wconf 92' lang='lat' dir='ltr'>loco</span> <span class='ocrx_word' id='word_1_247' title='bbox 212 2191 334 2227; x_wconf 78' lang='lat' dir='ltr'>viliori</span> <span class='ocrx_word' id='word_1_248' title='bbox 360 2195 395 2227; x_wconf 89' lang='lat' dir='ltr'>et</span> <span class='ocrx_word' id='word_1_249' title='bbox 416 2192 535 2238; x_wconf 81' lang='lat' dir='ltr'>magis</span> <span class='ocrx_word' id='word_1_250' title='bbox 559 2191 702 2227; x_wconf 86' lang='lat' dir='ltr'>humili.</span> <span class='ocrx_word' id='word_1_251' title='bbox 728 2192 886 2228; x_wconf 82' lang='lat' dir='ltr'>Redibat</span> 
     </span>
     <span class='ocr_line' id='line_1_45' title="bbox 102 2238 883 2281; baseline 0.003 -7"><span class='ocrx_word' id='word_1_252' title='bbox 102 2238 271 2281; x_wconf 87' lang='lat' dir='ltr'>domum,</span> <span class='ocrx_word' id='word_1_253' title='bbox 287 2243 323 2274; x_wconf 91' lang='lat' dir='ltr'>et</span> <span class='ocrx_word' id='word_1_254' title='bbox 341 2249 423 2275; x_wconf 88' lang='lat' dir='ltr'>cum</span> <span class='ocrx_word' id='word_1_255' title='bbox 443 2241 560 2275; x_wconf 86' lang='lat' dir='ltr'>Matre</span> <span class='ocrx_word' id='word_1_256' title='bbox 579 2250 620 2275; x_wconf 88' lang='lat' dir='ltr'>ac</span> <span class='ocrx_word' id='word_1_257' title='bbox 641 2239 794 2275; x_wconf 84' lang='lat' dir='ltr'>nutritio</span> <span class='ocrx_word' id='word_1_258' title='bbox 817 2250 883 2276; x_wconf 91' lang='lat' dir='ltr'>suo</span> 
     </span>
     <span class='ocr_line' id='line_1_46' title="bbox 102 2286 881 2332; baseline 0.003 -11"><span class='ocrx_word' id='word_1_259' title='bbox 102 2286 238 2328; x_wconf 84' lang='lat' dir='ltr'>stabat,</span> <span class='ocrx_word' id='word_1_260' title='bbox 267 2289 303 2321; x_wconf 88' lang='lat' dir='ltr'>et</span> <span class='ocrx_word' id='word_1_261' title='bbox 334 2286 535 2332; x_wconf 86' lang='lat' dir='ltr'>aliquando</span> <span class='ocrx_word' id='word_1_262' title='bbox 564 2288 633 2322; x_wconf 82' lang='lat' dir='ltr'>lios</span> <span class='ocrx_word' id='word_1_263' title='bbox 665 2287 881 2332; x_wconf 87' lang='lat' dir='ltr'>adjuvabat.</span> 
     </span>
     <span class='ocr_line' id='line_1_47' title="bbox 103 2333 885 2370; baseline 0.003 -2"><span class='ocrx_word' id='word_1_264' title='bbox 103 2333 361 2369; x_wconf 87' lang='lat' dir='ltr'>Pertransibat</span> <span class='ocrx_word' id='word_1_265' title='bbox 378 2334 501 2369; x_wconf 91' lang='lat' dir='ltr'>cundo</span> <span class='ocrx_word' id='word_1_266' title='bbox 520 2337 555 2370; x_wconf 90' lang='lat' dir='ltr'>ct</span> <span class='ocrx_word' id='word_1_267' title='bbox 578 2334 768 2370; x_wconf 89' lang='lat' dir='ltr'>redeundo</span> <span class='ocrx_word' id='word_1_268' title='bbox 788 2334 885 2370; x_wconf 89' lang='lat' dir='ltr'>inter</span> 
     </span>
     <span class='ocr_line' id='line_1_48' title="bbox 103 2380 882 2423; baseline 0.004 -8"><span class='ocrx_word' id='word_1_269' title='bbox 103 2380 290 2423; x_wconf 87' lang='lat' dir='ltr'>homines,</span> <span class='ocrx_word' id='word_1_270' title='bbox 303 2391 344 2416; x_wconf 90' lang='lat' dir='ltr'>ac</span> <span class='ocrx_word' id='word_1_271' title='bbox 358 2380 385 2416; x_wconf 91' lang='lat' dir='ltr'>si</span> <span class='ocrx_word' id='word_1_272' title='bbox 405 2392 479 2416; x_wconf 90' lang='lat' dir='ltr'>non</span> <span class='ocrx_word' id='word_1_273' title='bbox 496 2381 679 2417; x_wconf 89' lang='lat' dir='ltr'>inveniret</span> <span class='ocrx_word' id='word_1_274' title='bbox 697 2381 882 2418; x_wconf 86' lang='lat' dir='ltr'>homiues.</span> 
     </span>
    </p>

    <p class='ocr_par' dir='ltr' id='par_1_3' title="bbox 102 2429 886 2809">
     <span class='ocr_line' id='line_1_49' title="bbox 153 2429 883 2465; baseline 0.004 -3"><span class='ocrx_word' id='word_1_275' title='bbox 153 2442 169 2463; x_wconf 63' lang='grc' dir='ltr'><strong><em>η</em></strong></span> <span class='ocrx_word' id='word_1_276' title='bbox 200 2429 391 2463; x_wconf 61' lang='lat' dir='ltr'>Mones-Tri:</span> <span class='ocrx_word' id='word_1_277' title='bbox 415 2441 455 2463; x_wconf 78' lang='lat' dir='ltr'>ET</span> <span class='ocrx_word' id='word_1_278' title='bbox 480 2441 704 2465; x_wconf 67' lang='lat' dir='ltr'>ncmmmns</span> <span class='ocrx_word' id='word_1_279' title='bbox 724 2441 883 2465; x_wconf 70' lang='lat' dir='ltr'>conuex-</span> 
     </span>
     <span class='ocr_line' id='line_1_50' title="bbox 105 2475 884 2519; baseline 0.003 -8"><span class='ocrx_word' id='word_1_280' title='bbox 105 2487 280 2511; x_wconf 72' lang='grc'>1).1110.-</span> <span class='ocrx_word' id='word_1_281' title='bbox 291 2475 522 2512; x_wconf 80' lang='lat' dir='ltr'>Mirabantur</span> <span class='ocrx_word' id='word_1_282' title='bbox 537 2476 672 2519; x_wconf 85' lang='lat' dir='ltr'>cuncti,</span> <span class='ocrx_word' id='word_1_283' title='bbox 687 2481 884 2514; x_wconf 77' lang='lat' dir='ltr'>cernentes</span> 
     </span>
     <span class='ocr_line' id='line_1_51' title="bbox 102 2523 883 2570; baseline 0.001 -10"><span class='ocrx_word' id='word_1_284' title='bbox 102 2524 284 2560; x_wconf 82' lang='lat' dir='ltr'>Juvenem</span> <span class='ocrx_word' id='word_1_285' title='bbox 306 2527 380 2559; x_wconf 81' lang='lat' dir='ltr'>tam</span> <span class='ocrx_word' id='word_1_286' title='bbox 402 2523 611 2570; x_wconf 84' lang='lat' dir='ltr'>speciosum</span> <span class='ocrx_word' id='word_1_287' title='bbox 633 2524 722 2560; x_wconf 86' lang='lat' dir='ltr'>nihil</span> <span class='ocrx_word' id='word_1_288' title='bbox 746 2525 883 2570; x_wconf 88' lang='lat' dir='ltr'>facere,</span> 
     </span>
     <span class='ocr_line' id='line_1_52' title="bbox 104 2571 881 2618; baseline 0.003 -12"><span class='ocrx_word' id='word_1_289' title='bbox 104 2575 284 2615; x_wconf 88' lang='lat' dir='ltr'>quantum</span> <span class='ocrx_word' id='word_1_290' title='bbox 320 2572 538 2618; x_wconf 78' lang='lat' dir='ltr'>apparebat,</span> <span class='ocrx_word' id='word_1_291' title='bbox 573 2572 682 2608; x_wconf 88' lang='lat' dir='ltr'>laude</span> <span class='ocrx_word' id='word_1_292' title='bbox 715 2571 881 2618; x_wconf 86' lang='lat' dir='ltr'>dignum.</span> 
     </span>
     <span class='ocr_line' id='line_1_53' title="bbox 105 2618 883 2666; baseline 0.004 -13"><span class='ocrx_word' id='word_1_293' title='bbox 105 2618 378 2665; x_wconf 76' lang='lat' dir='ltr'>Exspectabam</span> <span class='ocrx_word' id='word_1_294' title='bbox 396 2619 494 2665; x_wconf 89' lang='lat' dir='ltr'>quod</span> <span class='ocrx_word' id='word_1_295' title='bbox 515 2620 651 2655; x_wconf 86' lang='lat' dir='ltr'>faceret</span> <span class='ocrx_word' id='word_1_296' title='bbox 668 2619 883 2666; x_wconf 85' lang='lat' dir='ltr'>magnifica,</span> 
     </span>
     <span class='ocr_line' id='line_1_54' title="bbox 106 2666 886 2714; baseline 0.004 -13"><span class='ocrx_word' id='word_1_297' title='bbox 106 2669 141 2702; x_wconf 91' lang='lat' dir='ltr'>et</span> <span class='ocrx_word' id='word_1_298' title='bbox 165 2666 271 2712; x_wconf 87' lang='lat' dir='ltr'>probi</span> <span class='ocrx_word' id='word_1_299' title='bbox 300 2666 367 2702; x_wconf 81' lang='lat' dir='ltr'>viri</span> <span class='ocrx_word' id='word_1_300' title='bbox 398 2677 524 2713; x_wconf 88' lang='lat' dir='ltr'>opera.</span> <span class='ocrx_word' id='word_1_301' title='bbox 547 2667 639 2703; x_wconf 90' lang='lat' dir='ltr'>Cum</span> <span class='ocrx_word' id='word_1_302' title='bbox 667 2667 766 2703; x_wconf 88' lang='lat' dir='ltr'>enim</span> <span class='ocrx_word' id='word_1_303' title='bbox 793 2678 886 2714; x_wconf 89' lang='lat' dir='ltr'>puer</span> 
     </span>
     <span class='ocr_line' id='line_1_55' title="bbox 106 2714 886 2761; baseline 0.005 -13"><span class='ocrx_word' id='word_1_304' title='bbox 106 2717 199 2756; x_wconf 87' lang='lat' dir='ltr'>erat,</span> <span class='ocrx_word' id='word_1_305' title='bbox 221 2714 442 2761; x_wconf 76' lang='lat' dir='ltr'>proficiebat</span> <span class='ocrx_word' id='word_1_306' title='bbox 461 2718 569 2751; x_wconf 59' lang='lat' dir='ltr'>artato</span> <span class='ocrx_word' id='word_1_307' title='bbox 588 2719 622 2751; x_wconf 92' lang='lat' dir='ltr'>ct</span> <span class='ocrx_word' id='word_1_308' title='bbox 645 2715 829 2761; x_wconf 77' lang='lat' dir='ltr'>sapientia</span> <span class='ocrx_word' id='word_1_309' title='bbox 850 2719 886 2752; x_wconf 91' lang='lat' dir='ltr'>et</span> 
     </span>
     <span class='ocr_line' id='line_1_56' title="bbox 105 2761 886 2809; baseline 0.005 -13"><span class='ocrx_word' id='word_1_310' title='bbox 105 2761 226 2806; x_wconf 88' lang='lat' dir='ltr'>gratia</span> <span class='ocrx_word' id='word_1_311' title='bbox 255 2762 354 2809; x_wconf 88' lang='lat' dir='ltr'>apud</span> <span class='ocrx_word' id='word_1_312' title='bbox 388 2764 505 2799; x_wconf 87' lang='lat' dir='ltr'>Deum</span> <span class='ocrx_word' id='word_1_313' title='bbox 538 2766 574 2799; x_wconf 90' lang='lat' dir='ltr'>ct</span> <span class='ocrx_word' id='word_1_314' title='bbox 602 2763 793 2809; x_wconf 83' lang='lat' dir='ltr'>homincs3</span> <span class='ocrx_word' id='word_1_315' title='bbox 820 2764 886 2800; x_wconf 88' lang='lat' dir='ltr'>sed</span> 
     </span>
    </p>
   </div>
   <div class='ocr_carea' id='block_1_3' title="bbox 955 208 1749 2755">
    <p class='ocr_par' dir='ltr' id='par_1_4' title="bbox 955 208 1749 2706">
     <span class='ocr_line' id='line_1_57' title="bbox 963 208 1742 256; baseline 0.009 -17"><span class='ocrx_word' id='word_1_316' title='bbox 963 214 1048 256; x_wconf 71' lang='lat' dir='ltr'>cccc</span> <span class='ocrx_word' id='word_1_317' title='bbox 1069 215 1241 256; x_wconf 68' lang='lat' dir='ltr'>crescens</span> <span class='ocrx_word' id='word_1_318' title='bbox 1262 211 1296 242; x_wconf 90' lang='lat' dir='ltr'>et</span> <span class='ocrx_word' id='word_1_319' title='bbox 1317 208 1539 253; x_wconf 80' lang='lat' dir='ltr'>perveniens</span> <span class='ocrx_word' id='word_1_320' title='bbox 1558 219 1677 255; x_wconf 88' lang='lat' dir='ltr'>usque</span> <span class='ocrx_word' id='word_1_321' title='bbox 1696 210 1742 246; x_wconf 88' lang='lat' dir='ltr'>ad</span> 
     </span>
     <span class='ocr_line' id='line_1_58' title="bbox 960 255 1742 302; baseline 0.013 -18"><span class='ocrx_word' id='word_1_322' title='bbox 960 261 1182 302; x_wconf 74' lang='lat' dir='ltr'>vigesimum</span> <span class='ocrx_word' id='word_1_323' title='bbox 1198 264 1354 298; x_wconf 89' lang='lat' dir='ltr'>annum,</span> <span class='ocrx_word' id='word_1_324' title='bbox 1370 259 1402 290; x_wconf 83' lang='lat' dir='ltr'>et</span> <span class='ocrx_word' id='word_1_325' title='bbox 1423 255 1535 291; x_wconf 91' lang='lat' dir='ltr'>ctiam</span> <span class='ocrx_word' id='word_1_326' title='bbox 1557 266 1674 302; x_wconf 88' lang='lat' dir='ltr'>usque</span> <span class='ocrx_word' id='word_1_327' title='bbox 1695 258 1742 294; x_wconf 87' lang='lat' dir='ltr'>ad</span> 
     </span>
     <span class='ocr_line' id='line_1_59' title="bbox 961 301 1743 345; baseline 0.013 -14"><span class='ocrx_word' id='word_1_328' title='bbox 961 308 1182 342; x_wconf 81' lang='lat' dir='ltr'>vigesimum</span> <span class='ocrx_word' id='word_1_329' title='bbox 1223 301 1391 345; x_wconf 85' lang='lat' dir='ltr'>quintum</span> <span class='ocrx_word' id='word_1_330' title='bbox 1426 306 1461 338; x_wconf 86' lang='lat' dir='ltr'>et</span> <span class='ocrx_word' id='word_1_331' title='bbox 1497 303 1607 345; x_wconf 87' lang='lat' dir='ltr'>ultra,</span> <span class='ocrx_word' id='word_1_332' title='bbox 1642 305 1743 341; x_wconf 89' lang='lat' dir='ltr'>nulla</span> 
     </span>
     <span class='ocr_line' id='line_1_60' title="bbox 961 344 1743 398; baseline 0.012 -19"><span class='ocrx_word' id='word_1_333' title='bbox 961 344 1119 397; x_wconf 79' lang='lat' dir='ltr'>faciebat</span> <span class='ocrx_word' id='word_1_334' title='bbox 1143 356 1270 391; x_wconf 80' lang='lat' dir='ltr'>opera,</span> <span class='ocrx_word' id='word_1_335' title='bbox 1291 348 1454 393; x_wconf 76' lang='lat' dir='ltr'>aliquam</span> <span class='ocrx_word' id='word_1_336' title='bbox 1475 351 1637 396; x_wconf 77' lang='lat' dir='ltr'>speciem</span> <span class='ocrx_word' id='word_1_337' title='bbox 1661 362 1743 398; x_wconf 93' lang='lat' dir='ltr'>pro-</span> 
     </span>
     <span class='ocr_line' id='line_1_61' title="bbox 960 392 1740 442; baseline 0.009 -14"><span class='ocrx_word' id='word_1_338' title='bbox 960 392 1088 428; x_wconf 84' lang='lat' dir='ltr'>bitatis</span> <span class='ocrx_word' id='word_1_339' title='bbox 1137 396 1173 428; x_wconf 88' lang='lat' dir='ltr'>et</span> <span class='ocrx_word' id='word_1_340' title='bbox 1224 394 1411 430; x_wconf 77' lang='lat' dir='ltr'>virilitatis</span> <span class='ocrx_word' id='word_1_341' title='bbox 1457 399 1740 442; x_wconf 73' lang='lat' dir='ltr'>prwtendcntin.</span> 
     </span>
     <span class='ocr_line' id='line_1_62' title="bbox 961 439 1741 488; baseline 0.009 -13"><span class='ocrx_word' id='word_1_342' title='bbox 961 439 1172 485; x_wconf 88' lang='lat' dir='ltr'>Stupebant</span> <span class='ocrx_word' id='word_1_343' title='bbox 1199 441 1443 477; x_wconf 86' lang='lat' dir='ltr'>vehementer</span> <span class='ocrx_word' id='word_1_344' title='bbox 1464 455 1562 488; x_wconf 89' lang='lat' dir='ltr'>cum,</span> <span class='ocrx_word' id='word_1_345' title='bbox 1581 450 1612 480; x_wconf 89' lang='lat' dir='ltr'>et</span> <span class='ocrx_word' id='word_1_346' title='bbox 1643 446 1741 482; x_wconf 91' lang='lat' dir='ltr'>deri-</span> 
     </span>
     <span class='ocr_line' id='line_1_63' title="bbox 961 486 1745 533; baseline 0.011 -12"><span class='ocrx_word' id='word_1_347' title='bbox 961 486 1116 530; x_wconf 87' lang='lat' dir='ltr'>debant,</span> <span class='ocrx_word' id='word_1_348' title='bbox 1143 490 1179 523; x_wconf 85' lang='lat' dir='ltr'>et</span> <span class='ocrx_word' id='word_1_349' title='bbox 1209 488 1307 533; x_wconf 85' lang='lat' dir='ltr'>apud</span> <span class='ocrx_word' id='word_1_350' title='bbox 1335 499 1466 525; x_wconf 87' lang='lat' dir='ltr'>omnes</span> <span class='ocrx_word' id='word_1_351' title='bbox 1497 493 1745 530; x_wconf 85' lang='lat' dir='ltr'>communiter</span> 
     </span>
     <span class='ocr_line' id='line_1_64' title="bbox 961 533 1743 583; baseline 0.01 -15"><span class='ocrx_word' id='word_1_352' title='bbox 961 533 1044 569; x_wconf 89' lang='lat' dir='ltr'>vilis</span> <span class='ocrx_word' id='word_1_353' title='bbox 1078 537 1115 569; x_wconf 90' lang='lat' dir='ltr'>et</span> <span class='ocrx_word' id='word_1_354' title='bbox 1149 535 1317 581; x_wconf 82' lang='lat' dir='ltr'>abjectus</span> <span class='ocrx_word' id='word_1_355' title='bbox 1353 538 1609 582; x_wconf 86' lang='lat' dir='ltr'>reputabatur.</span> <span class='ocrx_word' id='word_1_356' title='bbox 1640 541 1743 583; x_wconf 82' lang='lat' dir='ltr'>Quod</span> 
     </span>
     <span class='ocr_line' id='line_1_65' title="bbox 960 581 1744 632; baseline 0.01 -16"><span class='ocrx_word' id='word_1_357' title='bbox 960 581 1058 617; x_wconf 87' lang='lat' dir='ltr'>bene</span> <span class='ocrx_word' id='word_1_358' title='bbox 1073 591 1140 627; x_wconf 91' lang='lat' dir='ltr'>per</span> <span class='ocrx_word' id='word_1_359' title='bbox 1154 583 1381 628; x_wconf 86' lang='lat' dir='ltr'>Prophetam</span> <span class='ocrx_word' id='word_1_360' title='bbox 1398 583 1435 618; x_wconf 93' lang='lat' dir='ltr'>in</span> <span class='ocrx_word' id='word_1_361' title='bbox 1453 594 1613 629; x_wconf 85' lang='lat' dir='ltr'>persona</span> <span class='ocrx_word' id='word_1_362' title='bbox 1629 586 1744 632; x_wconf 84' lang='lat' dir='ltr'>ipsius</span> 
     </span>
     <span class='ocr_line' id='line_1_66' title="bbox 961 627 1745 674; baseline 0.008 -10"><span class='ocrx_word' id='word_1_363' title='bbox 961 627 1102 664; x_wconf 91' lang='lat' dir='ltr'>dictum</span> <span class='ocrx_word' id='word_1_364' title='bbox 1120 629 1243 665; x_wconf 90' lang='lat' dir='ltr'>fuerat</span> <span class='ocrx_word' id='word_1_365' title='bbox 1260 641 1267 665; x_wconf 82' lang='lat' dir='ltr'>z</span> <span class='ocrx_word' id='word_1_366' title='bbox 1287 632 1363 674; x_wconf 70' lang='lat' dir='ltr'>Egyo</span> <span class='ocrx_word' id='word_1_367' title='bbox 1381 641 1460 666; x_wconf 75' lang='lat' dir='ltr'>sum</span> <span class='ocrx_word' id='word_1_368' title='bbox 1477 635 1607 667; x_wconf 72' lang='lat' dir='ltr'>vermis</span> <span class='ocrx_word' id='word_1_369' title='bbox 1625 638 1658 668; x_wconf 76' lang='lat' dir='ltr'>ct</span> <span class='ocrx_word' id='word_1_370' title='bbox 1675 646 1745 670; x_wconf 76' lang='lat' dir='ltr'>non</span> 
     </span>
     <span class='ocr_line' id='line_1_67' title="bbox 961 677 1744 724; baseline 0.006 -13"><span class='ocrx_word' id='word_1_371' title='bbox 961 677 1076 717; x_wconf 83' lang='lat' dir='ltr'>homo,</span> <span class='ocrx_word' id='word_1_372' title='bbox 1091 677 1326 722; x_wconf 77' lang='lat' dir='ltr'>opprobrimn</span> <span class='ocrx_word' id='word_1_373' title='bbox 1344 678 1529 713; x_wconf 76' lang='lat' dir='ltr'>hominum</span> <span class='ocrx_word' id='word_1_374' title='bbox 1545 683 1577 714; x_wconf 79' lang='lat' dir='ltr'>ct</span> <span class='ocrx_word' id='word_1_375' title='bbox 1592 681 1744 724; x_wconf 70' lang='lat' dir='ltr'>abjectio</span> 
     </span>
     <span class='ocr_line' id='line_1_68' title="bbox 956 724 1746 769; baseline 0.006 -11"><span class='ocrx_word' id='word_1_376' title='bbox 956 724 1089 769; x_wconf 76' lang='lat' dir='ltr'>plebis.</span> <span class='ocrx_word' id='word_1_377' title='bbox 1113 724 1240 760; x_wconf 80' lang='lat' dir='ltr'>Omnes</span> <span class='ocrx_word' id='word_1_378' title='bbox 1264 726 1427 761; x_wconf 77' lang='lat' dir='ltr'>videntes</span> <span class='ocrx_word' id='word_1_379' title='bbox 1459 737 1513 761; x_wconf 79' lang='lat' dir='ltr'>me</span> <span class='ocrx_word' id='word_1_380' title='bbox 1542 727 1746 764; x_wconf 68' lang='lat' dir='ltr'>deriserunt</span> 
     </span>
     <span class='ocr_line' id='line_1_69' title="bbox 959 772 1744 813; baseline 0.005 -7"><span class='ocrx_word' id='word_1_381' title='bbox 959 782 1027 812; x_wconf 85' lang='lat' dir='ltr'>me,</span> <span class='ocrx_word' id='word_1_382' title='bbox 1051 772 1161 807; x_wconf 74' lang='lat' dir='ltr'>locuti</span> <span class='ocrx_word' id='word_1_383' title='bbox 1177 775 1261 807; x_wconf 76' lang='lat' dir='ltr'>sunt</span> <span class='ocrx_word' id='word_1_384' title='bbox 1283 773 1406 813; x_wconf 68' lang='lat' dir='ltr'>labiis,</span> <span class='ocrx_word' id='word_1_385' title='bbox 1427 777 1461 809; x_wconf 80' lang='lat' dir='ltr'>et</span> <span class='ocrx_word' id='word_1_386' title='bbox 1482 778 1668 810; x_wconf 76' lang='lat' dir='ltr'>moverunt</span> <span class='ocrx_word' id='word_1_387' title='bbox 1686 786 1744 810; x_wconf 78' lang='lat' dir='ltr'>cci-</span> 
     </span>
     <span class='ocr_line' id='line_1_70' title="bbox 958 819 1748 866; baseline 0.004 -12"><span class='ocrx_word' id='word_1_388' title='bbox 958 822 1040 865; x_wconf 79' lang='lat' dir='ltr'>put.</span> <span class='ocrx_word' id='word_1_389' title='bbox 1063 819 1257 856; x_wconf 85' lang='lat' dir='ltr'>Reddebat</span> <span class='ocrx_word' id='word_1_390' title='bbox 1276 831 1366 866; x_wconf 79' lang='lat' dir='ltr'>ergo</span> <span class='ocrx_word' id='word_1_391' title='bbox 1386 831 1424 856; x_wconf 89' lang='lat' dir='ltr'>sc</span> <span class='ocrx_word' id='word_1_392' title='bbox 1443 820 1555 856; x_wconf 91' lang='lat' dir='ltr'>vilem</span> <span class='ocrx_word' id='word_1_393' title='bbox 1573 822 1748 858; x_wconf 88' lang='lat' dir='ltr'>omnibus</span> 
     </span>
     <span class='ocr_line' id='line_1_71' title="bbox 962 866 1748 914; baseline 0.003 -12"><span class='ocrx_word' id='word_1_394' title='bbox 962 870 998 902; x_wconf 89' lang='lat' dir='ltr'>et</span> <span class='ocrx_word' id='word_1_395' title='bbox 1017 866 1218 912; x_wconf 67' lang='lat' dir='ltr'>abjectum.</span> <span class='ocrx_word' id='word_1_396' title='bbox 1242 867 1314 903; x_wconf 80' lang='lat' dir='ltr'>Sed</span> <span class='ocrx_word' id='word_1_397' title='bbox 1353 878 1401 904; x_wconf 88' lang='lat' dir='ltr'>an</span> <span class='ocrx_word' id='word_1_398' title='bbox 1434 867 1499 904; x_wconf 90' lang='lat' dir='ltr'>tibi</span> <span class='ocrx_word' id='word_1_399' title='bbox 1523 879 1655 914; x_wconf 89' lang='lat' dir='ltr'>parum</span> <span class='ocrx_word' id='word_1_400' title='bbox 1678 870 1748 905; x_wconf 89' lang='grc'>1106</span> 
     </span>
     <span class='ocr_line' id='line_1_72' title="bbox 961 913 1745 962; baseline 0.005 -14"><span class='ocrx_word' id='word_1_401' title='bbox 961 913 1136 949; x_wconf 81' lang='lat' dir='ltr'>videtur?</span> <span class='ocrx_word' id='word_1_402' title='bbox 1156 916 1237 960; x_wconf 89' lang='lat' dir='ltr'>Ipse</span> <span class='ocrx_word' id='word_1_403' title='bbox 1262 914 1414 960; x_wconf 90' lang='lat' dir='ltr'>quidem</span> <span class='ocrx_word' id='word_1_404' title='bbox 1439 926 1514 951; x_wconf 90' lang='lat' dir='ltr'>non</span> <span class='ocrx_word' id='word_1_405' title='bbox 1537 915 1745 962; x_wconf 77' lang='lat' dir='ltr'>indigebat,</span> 
     </span>
     <span class='ocr_line' id='line_1_73' title="bbox 962 961 1747 1007; baseline 0.005 -11"><span class='ocrx_word' id='word_1_406' title='bbox 962 961 1028 996; x_wconf 90' lang='lat' dir='ltr'>sed</span> <span class='ocrx_word' id='word_1_407' title='bbox 1055 964 1155 997; x_wconf 89' lang='lat' dir='ltr'>certe</span> <span class='ocrx_word' id='word_1_408' title='bbox 1177 961 1214 997; x_wconf 93' lang='lat' dir='ltr'>in</span> <span class='ocrx_word' id='word_1_409' title='bbox 1241 962 1418 1007; x_wconf 89' lang='lat' dir='ltr'>operibus</span> <span class='ocrx_word' id='word_1_410' title='bbox 1438 962 1579 998; x_wconf 87' lang='lat' dir='ltr'>nostris</span> <span class='ocrx_word' id='word_1_411' title='bbox 1602 963 1747 1000; x_wconf 92' lang='lat' dir='ltr'>nullum</span> 
     </span>
     <span class='ocr_line' id='line_1_74' title="bbox 962 1008 1748 1056; baseline 0.005 -13"><span class='ocrx_word' id='word_1_412' title='bbox 962 1008 1084 1053; x_wconf 90' lang='lat' dir='ltr'>majus</span> <span class='ocrx_word' id='word_1_413' title='bbox 1121 1012 1183 1044; x_wconf 90' lang='lat' dir='ltr'>aut</span> <span class='ocrx_word' id='word_1_414' title='bbox 1221 1008 1411 1046; x_wconf 71' lang='lat' dir='ltr'>difficilius</span> <span class='ocrx_word' id='word_1_415' title='bbox 1447 1013 1662 1056; x_wconf 59' lang='lat' dir='ltr'>reputatum</span> <span class='ocrx_word' id='word_1_416' title='bbox 1701 1011 1748 1047; x_wconf 89' lang='lat' dir='ltr'>ad</span> 
     </span>
     <span class='ocr_line' id='line_1_75' title="bbox 962 1055 1749 1103; baseline 0.005 -13"><span class='ocrx_word' id='word_1_417' title='bbox 962 1055 1186 1092; x_wconf 89' lang='lat' dir='ltr'>altissimum</span> <span class='ocrx_word' id='word_1_418' title='bbox 1200 1057 1358 1102; x_wconf 82' lang='lat' dir='ltr'>gradum</span> <span class='ocrx_word' id='word_1_419' title='bbox 1372 1057 1587 1103; x_wconf 85' lang='lat' dir='ltr'>pervenisse</span> <span class='ocrx_word' id='word_1_420' title='bbox 1603 1057 1749 1094; x_wconf 90' lang='lat' dir='ltr'>videtur</span> 
     </span>
     <span class='ocr_line' id='line_1_76' title="bbox 963 1103 1746 1151; baseline 0.003 -12"><span class='ocrx_word' id='word_1_421' title='bbox 963 1114 1006 1139; x_wconf 87' lang='lat' dir='ltr'>ac</span> <span class='ocrx_word' id='word_1_422' title='bbox 1025 1103 1304 1147; x_wconf 80' lang='lat' dir='ltr'>difficillimum,</span> <span class='ocrx_word' id='word_1_423' title='bbox 1325 1105 1386 1150; x_wconf 91' lang='lat' dir='ltr'>qui</span> <span class='ocrx_word' id='word_1_424' title='bbox 1406 1105 1453 1140; x_wconf 92' lang='lat' dir='ltr'>ad</span> <span class='ocrx_word' id='word_1_425' title='bbox 1472 1106 1541 1140; x_wconf 90' lang='lat' dir='ltr'>hoc</span> <span class='ocrx_word' id='word_1_426' title='bbox 1562 1105 1746 1151; x_wconf 86' lang='lat' dir='ltr'>pervenit,</span> 
     </span>
     <span class='ocr_line' id='line_1_77' title="bbox 962 1151 1748 1189; baseline 0.004 -3"><span class='ocrx_word' id='word_1_427' title='bbox 962 1153 1004 1186; x_wconf 91' lang='lat' dir='ltr'>ut</span> <span class='ocrx_word' id='word_1_428' title='bbox 1025 1151 1138 1187; x_wconf 88' lang='lat' dir='ltr'>corde</span> <span class='ocrx_word' id='word_1_429' title='bbox 1169 1155 1205 1187; x_wconf 88' lang='lat' dir='ltr'>ct</span> <span class='ocrx_word' id='word_1_430' title='bbox 1234 1152 1359 1188; x_wconf 89' lang='lat' dir='ltr'>animo</span> <span class='ocrx_word' id='word_1_431' title='bbox 1390 1163 1477 1188; x_wconf 86' lang='lat' dir='ltr'>vere</span> <span class='ocrx_word' id='word_1_432' title='bbox 1507 1155 1543 1188; x_wconf 90' lang='lat' dir='ltr'>ct</span> <span class='ocrx_word' id='word_1_433' title='bbox 1563 1163 1639 1188; x_wconf 92' lang='lat' dir='ltr'>non</span> <span class='ocrx_word' id='word_1_434' title='bbox 1662 1153 1748 1189; x_wconf 85' lang='lat' dir='ltr'>ficte</span> 
     </span>
     <span class='ocr_line' id='line_1_78' title="bbox 963 1197 1747 1244; baseline 0.004 -11"><span class='ocrx_word' id='word_1_435' title='bbox 963 1197 1015 1233; x_wconf 92' lang='lat' dir='ltr'>ita</span> <span class='ocrx_word' id='word_1_436' title='bbox 1033 1209 1072 1234; x_wconf 90' lang='grc'>56</span> <span class='ocrx_word' id='word_1_437' title='bbox 1092 1198 1205 1234; x_wconf 87' lang='lat' dir='ltr'>vincit</span> <span class='ocrx_word' id='word_1_438' title='bbox 1221 1209 1263 1234; x_wconf 90' lang='lat' dir='ltr'>ac</span> <span class='ocrx_word' id='word_1_439' title='bbox 1284 1199 1500 1235; x_wconf 87' lang='lat' dir='ltr'>dominatur</span> <span class='ocrx_word' id='word_1_440' title='bbox 1519 1199 1644 1235; x_wconf 88' lang='lat' dir='ltr'>animo</span> <span class='ocrx_word' id='word_1_441' title='bbox 1665 1210 1747 1244; x_wconf 90' lang='lat' dir='ltr'>suo,</span> 
     </span>
     <span class='ocr_line' id='line_1_79' title="bbox 964 1245 1748 1293; baseline 0.003 -12"><span class='ocrx_word' id='word_1_442' title='bbox 964 1250 1000 1281; x_wconf 90' lang='lat' dir='ltr'>et</span> <span class='ocrx_word' id='word_1_443' title='bbox 1012 1246 1173 1292; x_wconf 88' lang='lat' dir='ltr'>superbo</span> <span class='ocrx_word' id='word_1_444' title='bbox 1189 1245 1313 1282; x_wconf 88' lang='lat' dir='ltr'>carnis</span> <span class='ocrx_word' id='word_1_445' title='bbox 1328 1258 1403 1282; x_wconf 77' lang='lat' dir='ltr'>suae</span> <span class='ocrx_word' id='word_1_446' title='bbox 1419 1246 1633 1293; x_wconf 86' lang='lat' dir='ltr'>supercilio,</span> <span class='ocrx_word' id='word_1_447' title='bbox 1648 1248 1748 1293; x_wconf 93' lang='lat' dir='ltr'>quod</span> 
     </span>
     <span class='ocr_line' id='line_1_80' title="bbox 964 1293 1748 1340; baseline 0.003 -12"><span class='ocrx_word' id='word_1_448' title='bbox 964 1293 1057 1328; x_wconf 88' lang='lat' dir='ltr'>nolit</span> <span class='ocrx_word' id='word_1_449' title='bbox 1086 1293 1244 1339; x_wconf 85' lang='lat' dir='ltr'>alicujus</span> <span class='ocrx_word' id='word_1_450' title='bbox 1268 1294 1449 1330; x_wconf 86' lang='lat' dir='ltr'>momenti</span> <span class='ocrx_word' id='word_1_451' title='bbox 1477 1294 1658 1340; x_wconf 87' lang='lat' dir='ltr'>reputari,</span> <span class='ocrx_word' id='word_1_452' title='bbox 1683 1295 1748 1330; x_wconf 89' lang='lat' dir='ltr'>sed</span> 
     </span>
     <span class='ocr_line' id='line_1_81' title="bbox 964 1341 1747 1388; baseline 0.004 -13"><span class='ocrx_word' id='word_1_453' title='bbox 964 1344 1005 1375; x_wconf 92' lang='lat' dir='ltr'>ut</span> <span class='ocrx_word' id='word_1_454' title='bbox 1025 1341 1192 1386; x_wconf 82' lang='lat' dir='ltr'>abJ&#39;cctus</span> <span class='ocrx_word' id='word_1_455' title='bbox 1216 1344 1253 1376; x_wconf 89' lang='lat' dir='ltr'>et</span> <span class='ocrx_word' id='word_1_456' title='bbox 1274 1341 1356 1377; x_wconf 88' lang='lat' dir='ltr'>vilis</span> <span class='ocrx_word' id='word_1_457' title='bbox 1380 1341 1520 1387; x_wconf 89' lang='lat' dir='ltr'>sperni.</span> <span class='ocrx_word' id='word_1_458' title='bbox 1545 1343 1747 1388; x_wconf 84' lang='lat' dir='ltr'>Usquequo</span> 
     </span>
     <span class='ocr_line' id='line_1_82' title="bbox 963 1387 1746 1435; baseline 0.004 -13"><span class='ocrx_word' id='word_1_459' title='bbox 963 1387 1077 1433; x_wconf 77' lang='lat' dir='ltr'>igitur</span> <span class='ocrx_word' id='word_1_460' title='bbox 1111 1388 1157 1424; x_wconf 88' lang='lat' dir='ltr'>ad</span> <span class='ocrx_word' id='word_1_461' title='bbox 1192 1389 1289 1424; x_wconf 90' lang='lat' dir='ltr'>hunc</span> <span class='ocrx_word' id='word_1_462' title='bbox 1325 1390 1483 1434; x_wconf 84' lang='lat' dir='ltr'>gradum</span> <span class='ocrx_word' id='word_1_463' title='bbox 1515 1389 1746 1435; x_wconf 75' lang='lat' dir='ltr'>perveneris,</span> 
     </span>
     <span class='ocr_line' id='line_1_83' title="bbox 964 1434 1747 1472; baseline 0.003 -2"><span class='ocrx_word' id='word_1_464' title='bbox 964 1435 1057 1470; x_wconf 86' lang='lat' dir='ltr'>nihil</span> <span class='ocrx_word' id='word_1_465' title='bbox 1088 1434 1154 1471; x_wconf 89' lang='lat' dir='ltr'>tibi</span> <span class='ocrx_word' id='word_1_466' title='bbox 1183 1435 1316 1471; x_wconf 88' lang='lat' dir='ltr'>fecisse</span> <span class='ocrx_word' id='word_1_467' title='bbox 1345 1436 1519 1472; x_wconf 86' lang='lat' dir='ltr'>videaris.</span> <span class='ocrx_word' id='word_1_468' title='bbox 1543 1438 1636 1472; x_wconf 85' lang='lat' dir='ltr'>Nam</span> <span class='ocrx_word' id='word_1_469' title='bbox 1663 1447 1747 1472; x_wconf 88' lang='lat' dir='ltr'>cum</span> 
     </span>
     <span class='ocr_line' id='line_1_84' title="bbox 962 1481 1745 1528; baseline 0.003 -11"><span class='ocrx_word' id='word_1_470' title='bbox 962 1481 999 1517; x_wconf 92' lang='lat' dir='ltr'>in</span> <span class='ocrx_word' id='word_1_471' title='bbox 1038 1482 1209 1527; x_wconf 83' lang='lat' dir='ltr'>veritate,</span> <span class='ocrx_word' id='word_1_472' title='bbox 1245 1484 1351 1528; x_wconf 83' lang='lat' dir='ltr'>juxta</span> <span class='ocrx_word' id='word_1_473' title='bbox 1389 1484 1545 1519; x_wconf 87' lang='lat' dir='ltr'>verbum</span> <span class='ocrx_word' id='word_1_474' title='bbox 1581 1483 1745 1528; x_wconf 90' lang='lat' dir='ltr'>Domini,</span> 
     </span>
     <span class='ocr_line' id='line_1_85' title="bbox 962 1529 1746 1574; baseline 0.003 -10"><span class='ocrx_word' id='word_1_475' title='bbox 962 1539 1093 1565; x_wconf 89' lang='lat' dir='ltr'>omnes</span> <span class='ocrx_word' id='word_1_476' title='bbox 1108 1540 1237 1566; x_wconf 90' lang='lat' dir='ltr'>sumus</span> <span class='ocrx_word' id='word_1_477' title='bbox 1248 1529 1537 1574; x_wconf 87' lang='lat' dir='ltr'>inutiles,etiam</span> <span class='ocrx_word' id='word_1_478' title='bbox 1552 1541 1635 1566; x_wconf 90' lang='lat' dir='ltr'>cum</span> <span class='ocrx_word' id='word_1_479' title='bbox 1651 1532 1746 1567; x_wconf 89' lang='lat' dir='ltr'>bene</span> 
     </span>
     <span class='ocr_line' id='line_1_86' title="bbox 962 1576 1745 1624; baseline 0.004 -13"><span class='ocrx_word' id='word_1_480' title='bbox 962 1576 1174 1621; x_wconf 87' lang='lat' dir='ltr'>fecerimus,</span> <span class='ocrx_word' id='word_1_481' title='bbox 1198 1588 1394 1623; x_wconf 86' lang='lat' dir='ltr'>quousque</span> <span class='ocrx_word' id='word_1_482' title='bbox 1415 1577 1453 1613; x_wconf 91' lang='lat' dir='ltr'>in</span> <span class='ocrx_word' id='word_1_483' title='bbox 1476 1579 1546 1613; x_wconf 88' lang='lat' dir='ltr'>hoc</span> <span class='ocrx_word' id='word_1_484' title='bbox 1565 1578 1745 1624; x_wconf 55' lang='grc'>311166110-</span> 
     </span>
     <span class='ocr_line' id='line_1_87' title="bbox 961 1623 1746 1669; baseline 0.003 -10"><span class='ocrx_word' id='word_1_485' title='bbox 961 1623 1019 1659; x_wconf 89' lang='lat' dir='ltr'>nis</span> <span class='ocrx_word' id='word_1_486' title='bbox 1055 1624 1174 1669; x_wconf 81' lang='lat' dir='ltr'>gradu</span> <span class='ocrx_word' id='word_1_487' title='bbox 1212 1635 1288 1661; x_wconf 94' lang='lat' dir='ltr'>non</span> <span class='ocrx_word' id='word_1_488' title='bbox 1325 1635 1468 1669; x_wconf 88' lang='lat' dir='ltr'>sumus,</span> <span class='ocrx_word' id='word_1_489' title='bbox 1502 1626 1672 1661; x_wconf 89' lang='lat' dir='ltr'>nondum</span> <span class='ocrx_word' id='word_1_490' title='bbox 1707 1625 1746 1661; x_wconf 92' lang='lat' dir='ltr'>in</span> 
     </span>
     <span class='ocr_line' id='line_1_88' title="bbox 960 1671 1745 1716; baseline 0.004 -10"><span class='ocrx_word' id='word_1_491' title='bbox 960 1671 1118 1707; x_wconf 82' lang='lat' dir='ltr'>veritate</span> <span class='ocrx_word' id='word_1_492' title='bbox 1140 1675 1296 1716; x_wconf 91' lang='lat' dir='ltr'>stamus,</span> <span class='ocrx_word' id='word_1_493' title='bbox 1320 1673 1385 1708; x_wconf 92' lang='lat' dir='ltr'>sed</span> <span class='ocrx_word' id='word_1_494' title='bbox 1410 1672 1448 1708; x_wconf 90' lang='lat' dir='ltr'>in</span> <span class='ocrx_word' id='word_1_495' title='bbox 1471 1672 1636 1708; x_wconf 86' lang='lat' dir='ltr'>vanitate</span> <span class='ocrx_word' id='word_1_496' title='bbox 1657 1683 1745 1709; x_wconf 89' lang='lat' dir='ltr'>con-</span> 
     </span>
     <span class='ocr_line' id='line_1_89' title="bbox 961 1718 1745 1756; baseline 0.003 -2"><span class='ocrx_word' id='word_1_497' title='bbox 961 1718 1128 1755; x_wconf 87' lang='lat' dir='ltr'>sistimus</span> <span class='ocrx_word' id='word_1_498' title='bbox 1165 1723 1202 1755; x_wconf 89' lang='lat' dir='ltr'>et</span> <span class='ocrx_word' id='word_1_499' title='bbox 1238 1720 1490 1756; x_wconf 82' lang='lat' dir='ltr'>ambulamus,</span> <span class='ocrx_word' id='word_1_500' title='bbox 1530 1720 1634 1756; x_wconf 91' lang='lat' dir='ltr'>Unde</span> <span class='ocrx_word' id='word_1_501' title='bbox 1669 1731 1745 1756; x_wconf 91' lang='lat' dir='ltr'>non</span> 
     </span>
     <span class='ocr_line' id='line_1_90' title="bbox 960 1766 1744 1813; baseline 0.001 -11"><span class='ocrx_word' id='word_1_502' title='bbox 960 1766 1185 1803; x_wconf 87' lang='lat' dir='ltr'>seducamus</span> <span class='ocrx_word' id='word_1_503' title='bbox 1206 1768 1473 1813; x_wconf 86' lang='lat' dir='ltr'>nosmetipsos,</span> <span class='ocrx_word' id='word_1_504' title='bbox 1491 1767 1593 1813; x_wconf 87' lang='lat' dir='ltr'>quia,</span> <span class='ocrx_word' id='word_1_505' title='bbox 1611 1778 1744 1804; x_wconf 85' lang='lat' dir='ltr'>secun-</span> 
     </span>
     <span class='ocr_line' id='line_1_91' title="bbox 959 1813 1747 1860; baseline 0.001 -11"><span class='ocrx_word' id='word_1_506' title='bbox 959 1813 1048 1849; x_wconf 91' lang='lat' dir='ltr'>dum</span> <span class='ocrx_word' id='word_1_507' title='bbox 1089 1815 1309 1860; x_wconf 87' lang='lat' dir='ltr'>Apostolum</span> <span class='ocrx_word' id='word_1_508' title='bbox 1337 1826 1344 1850; x_wconf 77' lang='grc' dir='ltr'>ε</span> <span class='ocrx_word' id='word_1_509' title='bbox 1372 1816 1443 1858; x_wconf 73' lang='lat' dir='ltr'>Qm·</span> <span class='ocrx_word' id='word_1_510' title='bbox 1479 1826 1515 1850; x_wconf 84' lang='lat' dir='ltr'>se</span> <span class='ocrx_word' id='word_1_511' title='bbox 1557 1818 1747 1852; x_wconf 58' lang='lat' dir='ltr'>existimat</span> 
     </span>
     <span class='ocr_line' id='line_1_92' title="bbox 960 1862 1746 1909; baseline 0.003 -13"><span class='ocrx_word' id='word_1_512' title='bbox 960 1862 1108 1906; x_wconf 70' lang='lat' dir='ltr'>aliquid</span> <span class='ocrx_word' id='word_1_513' title='bbox 1141 1873 1215 1897; x_wconf 81' lang='lat' dir='ltr'>esse</span> <span class='ocrx_word' id='word_1_514' title='bbox 1248 1873 1327 1898; x_wconf 81' lang='lat' dir='ltr'>cum</span> <span class='ocrx_word' id='word_1_515' title='bbox 1363 1864 1459 1898; x_wconf 64' lang='lat' dir='ltr'>nihil</span> <span class='ocrx_word' id='word_1_516' title='bbox 1495 1865 1568 1905; x_wconf 74' lang='lat' dir='ltr'>sit,</span> <span class='ocrx_word' id='word_1_517' title='bbox 1607 1865 1684 1909; x_wconf 82' lang='lat' dir='ltr'>ipse</span> <span class='ocrx_word' id='word_1_518' title='bbox 1709 1874 1746 1899; x_wconf 84' lang='lat' dir='ltr'>se</span> 
     </span>
     <span class='ocr_line' id='line_1_93' title="bbox 958 1909 1745 1956; baseline 0.004 -13"><span class='ocrx_word' id='word_1_519' title='bbox 958 1909 1110 1945; x_wconf 69' lang='lat' dir='ltr'>seducit.</span> <span class='ocrx_word' id='word_1_520' title='bbox 1136 1911 1177 1945; x_wconf 93' lang='lat' dir='ltr'>In</span> <span class='ocrx_word' id='word_1_521' title='bbox 1199 1909 1313 1945; x_wconf 91' lang='lat' dir='ltr'>ommi</span> <span class='ocrx_word' id='word_1_522' title='bbox 1337 1910 1489 1955; x_wconf 88' lang='lat' dir='ltr'>quidem</span> <span class='ocrx_word' id='word_1_523' title='bbox 1516 1921 1605 1946; x_wconf 88' lang='lat' dir='ltr'>cura</span> <span class='ocrx_word' id='word_1_524' title='bbox 1632 1920 1745 1956; x_wconf 90' lang='lat' dir='ltr'>quam</span> 
     </span>
     <span class='ocr_line' id='line_1_94' title="bbox 958 1956 1743 2002; baseline 0.003 -11"><span class='ocrx_word' id='word_1_525' title='bbox 958 1966 1026 2002; x_wconf 87' lang='lat' dir='ltr'>pro</span> <span class='ocrx_word' id='word_1_526' title='bbox 1057 1956 1178 1992; x_wconf 88' lang='lat' dir='ltr'>salute</span> <span class='ocrx_word' id='word_1_527' title='bbox 1205 1960 1269 1992; x_wconf 90' lang='lat' dir='ltr'>tua</span> <span class='ocrx_word' id='word_1_528' title='bbox 1298 1957 1411 2002; x_wconf 77' lang='lat' dir='ltr'>geris,</span> <span class='ocrx_word' id='word_1_529' title='bbox 1435 1968 1510 1993; x_wconf 90' lang='lat' dir='ltr'>non</span> <span class='ocrx_word' id='word_1_530' title='bbox 1541 1961 1595 1993; x_wconf 91' lang='lat' dir='ltr'>est</span> <span class='ocrx_word' id='word_1_531' title='bbox 1626 1957 1743 1993; x_wconf 88' lang='lat' dir='ltr'>ullum</span> 
     </span>
     <span class='ocr_line' id='line_1_95' title="bbox 959 2003 1744 2040; baseline 0.001 -2"><span class='ocrx_word' id='word_1_532' title='bbox 959 2003 1125 2039; x_wconf 85' lang='lat' dir='ltr'>officinm</span> <span class='ocrx_word' id='word_1_533' title='bbox 1165 2004 1222 2039; x_wconf 88' lang='lat' dir='ltr'>vel</span> <span class='ocrx_word' id='word_1_534' title='bbox 1257 2004 1573 2040; x_wconf 84' lang='lat' dir='ltr'>medicamentum</span> <span class='ocrx_word' id='word_1_535' title='bbox 1613 2004 1744 2040; x_wconf 88' lang='lat' dir='ltr'>utilius</span> 
     </span>
     <span class='ocr_line' id='line_1_96' title="bbox 959 2050 1742 2097; baseline 0.003 -11"><span class='ocrx_word' id='word_1_536' title='bbox 959 2050 1025 2086; x_wconf 90' lang='lat' dir='ltr'>tibi</span> <span class='ocrx_word' id='word_1_537' title='bbox 1053 2061 1165 2096; x_wconf 91' lang='lat' dir='ltr'>quam</span> <span class='ocrx_word' id='word_1_538' title='bbox 1193 2051 1354 2097; x_wconf 87' lang='lat' dir='ltr'>teipsum</span> <span class='ocrx_word' id='word_1_539' title='bbox 1383 2051 1596 2097; x_wconf 86' lang='lat' dir='ltr'>vituperare</span> <span class='ocrx_word' id='word_1_540' title='bbox 1629 2056 1742 2097; x_wconf 88' lang='lat' dir='ltr'>atque</span> 
     </span>
     <span class='ocr_line' id='line_1_97' title="bbox 958 2098 1741 2145; baseline 0.003 -12"><span class='ocrx_word' id='word_1_541' title='bbox 958 2101 1212 2134; x_wconf 88' lang='lat' dir='ltr'>contemnere.</span> <span class='ocrx_word' id='word_1_542' title='bbox 1255 2098 1487 2144; x_wconf 82' lang='lat' dir='ltr'>Quicumque</span> <span class='ocrx_word' id='word_1_543' title='bbox 1533 2110 1623 2145; x_wconf 80' lang='lat' dir='ltr'>ergo</span> <span class='ocrx_word' id='word_1_544' title='bbox 1671 2100 1741 2135; x_wconf 90' lang='grc'>1106</span> 
     </span>
     <span class='ocr_line' id='line_1_98' title="bbox 959 2145 1742 2192; baseline 0 -11"><span class='ocrx_word' id='word_1_545' title='bbox 959 2145 1059 2189; x_wconf 80' lang='lat' dir='ltr'>facit,</span> <span class='ocrx_word' id='word_1_546' title='bbox 1082 2145 1231 2191; x_wconf 86' lang='lat' dir='ltr'>adjutor</span> <span class='ocrx_word' id='word_1_547' title='bbox 1253 2149 1336 2182; x_wconf 90' lang='lat' dir='ltr'>tuus</span> <span class='ocrx_word' id='word_1_548' title='bbox 1357 2150 1431 2191; x_wconf 77' lang='lat' dir='ltr'>est3</span> <span class='ocrx_word' id='word_1_549' title='bbox 1453 2147 1522 2181; x_wconf 90' lang='lat' dir='ltr'>hoc</span> <span class='ocrx_word' id='word_1_550' title='bbox 1544 2146 1642 2182; x_wconf 90' lang='lat' dir='ltr'>enim</span> <span class='ocrx_word' id='word_1_551' title='bbox 1665 2146 1742 2192; x_wconf 82' lang='lat' dir='ltr'>agit</span> 
     </span>
     <span class='ocr_line' id='line_1_99' title="bbox 958 2194 1741 2240; baseline 0.001 -12"><span class='ocrx_word' id='word_1_552' title='bbox 958 2194 1056 2238; x_wconf 77' lang='lat' dir='ltr'>quod</span> <span class='ocrx_word' id='word_1_553' title='bbox 1074 2196 1111 2228; x_wconf 90' lang='lat' dir='ltr'>tu</span> <span class='ocrx_word' id='word_1_554' title='bbox 1129 2194 1357 2239; x_wconf 85' lang='lat' dir='ltr'>agcbas,aut</span> <span class='ocrx_word' id='word_1_555' title='bbox 1376 2205 1488 2240; x_wconf 84' lang='lat' dir='ltr'>agere</span> <span class='ocrx_word' id='word_1_556' title='bbox 1503 2194 1682 2240; x_wconf 87' lang='lat' dir='ltr'>debebas,</span> <span class='ocrx_word' id='word_1_557' title='bbox 1702 2197 1741 2230; x_wconf 89' lang='grc'>111</span> 
     </span>
     <span class='ocr_line' id='line_1_100' title="bbox 958 2240 1740 2287; baseline 0.001 -11"><span class='ocrx_word' id='word_1_558' title='bbox 958 2241 1083 2276; x_wconf 88' lang='lat' dir='ltr'>salvus</span> <span class='ocrx_word' id='word_1_559' title='bbox 1107 2240 1230 2277; x_wconf 86' lang='lat' dir='ltr'>fieres.</span> <span class='ocrx_word' id='word_1_560' title='bbox 1254 2241 1309 2276; x_wconf 84' lang='lat' dir='ltr'>Ad</span> <span class='ocrx_word' id='word_1_561' title='bbox 1334 2252 1419 2278; x_wconf 91' lang='lat' dir='ltr'>eum</span> <span class='ocrx_word' id='word_1_562' title='bbox 1441 2242 1566 2287; x_wconf 85' lang='lat' dir='ltr'>itaque</span> <span class='ocrx_word' id='word_1_563' title='bbox 1595 2241 1656 2287; x_wconf 91' lang='lat' dir='ltr'>qui</span> <span class='ocrx_word' id='word_1_564' title='bbox 1685 2242 1740 2277; x_wconf 89' lang='lat' dir='ltr'>in-</span> 
     </span>
     <span class='ocr_line' id='line_1_101' title="bbox 955 2287 1742 2335; baseline 0.001 -12"><span class='ocrx_word' id='word_1_565' title='bbox 955 2287 1094 2334; x_wconf 87' lang='lat' dir='ltr'>juriam</span> <span class='ocrx_word' id='word_1_566' title='bbox 1121 2288 1187 2324; x_wconf 91' lang='lat' dir='ltr'>tibi</span> <span class='ocrx_word' id='word_1_567' title='bbox 1218 2288 1317 2332; x_wconf 87' lang='lat' dir='ltr'>fecit,</span> <span class='ocrx_word' id='word_1_568' title='bbox 1340 2289 1529 2335; x_wconf 86' lang='lat' dir='ltr'>privatum</span> <span class='ocrx_word' id='word_1_569' title='bbox 1561 2289 1682 2335; x_wconf 75' lang='lat' dir='ltr'>magis</span> <span class='ocrx_word' id='word_1_570' title='bbox 1706 2292 1742 2325; x_wconf 87' lang='lat' dir='ltr'>te</span> 
     </span>
     <span class='ocr_line' id='line_1_102' title="bbox 958 2335 1739 2381; baseline 0.001 -10"><span class='ocrx_word' id='word_1_571' title='bbox 958 2335 1090 2371; x_wconf 78' lang='lat' dir='ltr'>exhibe</span> <span class='ocrx_word' id='word_1_572' title='bbox 1113 2339 1148 2371; x_wconf 91' lang='lat' dir='ltr'>et</span> <span class='ocrx_word' id='word_1_573' title='bbox 1167 2336 1377 2381; x_wconf 76' lang='lat' dir='ltr'>affabilem:</span> <span class='ocrx_word' id='word_1_574' title='bbox 1402 2338 1447 2373; x_wconf 92' lang='lat' dir='ltr'>ad</span> <span class='ocrx_word' id='word_1_575' title='bbox 1467 2347 1552 2373; x_wconf 90' lang='lat' dir='ltr'>cum</span> <span class='ocrx_word' id='word_1_576' title='bbox 1573 2347 1661 2372; x_wconf 87' lang='lat' dir='ltr'>vero</span> <span class='ocrx_word' id='word_1_577' title='bbox 1683 2336 1739 2372; x_wconf 88' lang='lat' dir='ltr'>cui</span> 
     </span>
     <span class='ocr_line' id='line_1_103' title="bbox 958 2383 1739 2430; baseline 0 -12"><span class='ocrx_word' id='word_1_578' title='bbox 958 2386 997 2419; x_wconf 91' lang='lat' dir='ltr'>tu</span> <span class='ocrx_word' id='word_1_579' title='bbox 1012 2383 1143 2427; x_wconf 88' lang='lat' dir='ltr'>fecisti,</span> <span class='ocrx_word' id='word_1_580' title='bbox 1159 2383 1365 2430; x_wconf 89' lang='lat' dir='ltr'>supplicem</span> <span class='ocrx_word' id='word_1_581' title='bbox 1385 2388 1421 2420; x_wconf 87' lang='lat' dir='ltr'>et</span> <span class='ocrx_word' id='word_1_582' title='bbox 1438 2385 1739 2421; x_wconf 86' lang='lat' dir='ltr'>erubescentem.</span> 
     </span>
     <span class='ocr_line' id='line_1_104' title="bbox 957 2430 1741 2476; baseline -0.001 -10"><span class='ocrx_word' id='word_1_583' title='bbox 957 2431 1224 2467; x_wconf 86' lang='lat' dir='ltr'>Adversarium</span> <span class='ocrx_word' id='word_1_584' title='bbox 1252 2435 1356 2468; x_wconf 87' lang='lat' dir='ltr'>tuum</span> <span class='ocrx_word' id='word_1_585' title='bbox 1385 2435 1421 2468; x_wconf 90' lang='lat' dir='ltr'>ct</span> <span class='ocrx_word' id='word_1_586' title='bbox 1458 2442 1541 2468; x_wconf 87' lang='lat' dir='ltr'>eum</span> <span class='ocrx_word' id='word_1_587' title='bbox 1576 2431 1637 2476; x_wconf 90' lang='lat' dir='ltr'>qui</span> <span class='ocrx_word' id='word_1_588' title='bbox 1675 2430 1741 2467; x_wconf 89' lang='lat' dir='ltr'>tibi</span> 
     </span>
     <span class='ocr_line' id='line_1_105' title="bbox 959 2478 1741 2525; baseline -0.001 -11"><span class='ocrx_word' id='word_1_589' title='bbox 959 2478 1141 2515; x_wconf 57' lang='lat' dir='ltr'>molestiae</span> <span class='ocrx_word' id='word_1_590' title='bbox 1168 2479 1312 2525; x_wconf 90' lang='lat' dir='ltr'>aliquid</span> <span class='ocrx_word' id='word_1_591' title='bbox 1339 2479 1495 2525; x_wconf 81' lang='lat' dir='ltr'>irrogat,</span> <span class='ocrx_word' id='word_1_592' title='bbox 1521 2479 1682 2515; x_wconf 86' lang='lat' dir='ltr'>amicum</span> <span class='ocrx_word' id='word_1_593' title='bbox 1705 2481 1741 2513; x_wconf 93' lang='lat' dir='ltr'>et</span> 
     </span>
     <span class='ocr_line' id='line_1_106' title="bbox 959 2525 1740 2572; baseline -0.004 -10"><span class='ocrx_word' id='word_1_594' title='bbox 959 2526 1171 2572; x_wconf 79' lang='lat' dir='ltr'>adJ&#39;utorem</span> <span class='ocrx_word' id='word_1_595' title='bbox 1190 2527 1354 2571; x_wconf 75' lang='lat' dir='ltr'>aestima3</span> <span class='ocrx_word' id='word_1_596' title='bbox 1375 2528 1553 2563; x_wconf 90' lang='lat' dir='ltr'>damnum</span> <span class='ocrx_word' id='word_1_597' title='bbox 1574 2525 1638 2560; x_wconf 84' lang='lat' dir='ltr'>tibi</span> <span class='ocrx_word' id='word_1_598' title='bbox 1659 2525 1740 2560; x_wconf 89' lang='lat' dir='ltr'>illa-</span> 
     </span>
     <span class='ocr_line' id='line_1_107' title="bbox 959 2573 1740 2619; baseline -0.001 -10"><span class='ocrx_word' id='word_1_599' title='bbox 959 2579 1037 2610; x_wconf 88' lang='lat' dir='ltr'>tum</span> <span class='ocrx_word' id='word_1_600' title='bbox 1062 2578 1098 2610; x_wconf 90' lang='lat' dir='ltr'>ct</span> <span class='ocrx_word' id='word_1_601' title='bbox 1118 2575 1378 2619; x_wconf 81' lang='lat' dir='ltr'>contumelias,</span> <span class='ocrx_word' id='word_1_602' title='bbox 1400 2575 1542 2610; x_wconf 88' lang='lat' dir='ltr'>lucrum</span> <span class='ocrx_word' id='word_1_603' title='bbox 1564 2577 1596 2608; x_wconf 85' lang='lat' dir='ltr'>et</span> <span class='ocrx_word' id='word_1_604' title='bbox 1621 2573 1740 2618; x_wconf 79' lang='lat' dir='ltr'>prote-</span> 
     </span>
     <span class='ocr_line' id='line_1_108' title="bbox 959 2620 1738 2668; baseline -0.003 -12"><span class='ocrx_word' id='word_1_605' title='bbox 959 2625 1058 2657; x_wconf 87' lang='lat' dir='ltr'>ctum</span> <span class='ocrx_word' id='word_1_606' title='bbox 1081 2625 1185 2658; x_wconf 94' lang='lat' dir='ltr'>tuum</span> <span class='ocrx_word' id='word_1_607' title='bbox 1209 2623 1360 2668; x_wconf 85' lang='lat' dir='ltr'>deputa,</span> <span class='ocrx_word' id='word_1_608' title='bbox 1377 2626 1411 2658; x_wconf 92' lang='lat' dir='ltr'>et</span> <span class='ocrx_word' id='word_1_609' title='bbox 1434 2632 1500 2667; x_wconf 76' lang='lat' dir='ltr'>pro</span> <span class='ocrx_word' id='word_1_610' title='bbox 1522 2620 1578 2655; x_wconf 79' lang='lat' dir='ltr'>iiis</span> <span class='ocrx_word' id='word_1_611' title='bbox 1598 2620 1738 2665; x_wconf 73' lang='lat' dir='ltr'>gratias</span> 
     </span>
     <span class='ocr_line' id='line_1_109' title="bbox 959 2669 1735 2706; baseline -0.003 -1"><span class='ocrx_word' id='word_1_612' title='bbox 959 2671 1035 2705; x_wconf 87' lang='lat' dir='ltr'>Deo</span> <span class='ocrx_word' id='word_1_613' title='bbox 1054 2673 1086 2705; x_wconf 89' lang='lat' dir='ltr'>ct</span> <span class='ocrx_word' id='word_1_614' title='bbox 1108 2669 1354 2706; x_wconf 87' lang='lat' dir='ltr'>inferentibus</span> <span class='ocrx_word' id='word_1_615' title='bbox 1370 2670 1510 2705; x_wconf 87' lang='lat' dir='ltr'>referre</span> <span class='ocrx_word' id='word_1_616' title='bbox 1528 2678 1601 2703; x_wconf 86' lang='lat' dir='ltr'>non</span> <span class='ocrx_word' id='word_1_617' title='bbox 1619 2677 1735 2703; x_wconf 71' lang='lat' dir='ltr'>cessa.</span> 
     </span>
    </p>

    <p class='ocr_par' dir='ltr' id='par_1_5' title="bbox 1006 2714 1737 2755">
     <span class='ocr_line' id='line_1_110' title="bbox 1006 2714 1737 2755; baseline -0.005 -2"><span class='ocrx_word' id='word_1_618' title='bbox 1006 2721 1026 2752; x_wconf 85' lang='lat'>5</span> <span class='ocrx_word' id='word_1_619' title='bbox 1063 2719 1212 2753; x_wconf 66' lang='lat' dir='ltr'>lirinus</span> <span class='ocrx_word' id='word_1_620' title='bbox 1246 2730 1342 2753; x_wconf 64' lang='lat' dir='ltr'>,xxiiii</span> <span class='ocrx_word' id='word_1_621' title='bbox 1378 2714 1521 2751; x_wconf 58' lang='lat' dir='ltr'>muntii.</span> <span class='ocrx_word' id='word_1_622' title='bbox 1556 2735 1601 2740; x_wconf 91' lang='lat'>—-</span> <span class='ocrx_word' id='word_1_623' title='bbox 1633 2716 1737 2755; x_wconf 73' lang='lat' dir='ltr'>Nam,</span> 
     </span>
    </p>
   </div>
   <div class='ocr_carea' id='block_1_4' title="bbox 946 2762 1740 2812">
    <p class='ocr_par' dir='ltr' id='par_1_6' title="bbox 946 2762 1740 2812">
     <span class='ocr_line' id='line_1_111' title="bbox 946 2762 1740 2812; baseline -0.004 -11"><span class='ocrx_word' id='word_1_624' title='bbox 946 2765 1164 2801; x_wconf 76' lang='lat' dir='ltr'>‘secundum</span> <span class='ocrx_word' id='word_1_625' title='bbox 1193 2765 1407 2812; x_wconf 85' lang='lat' dir='ltr'>quemdam,</span> <span class='ocrx_word' id='word_1_626' title='bbox 1431 2762 1582 2799; x_wconf 81' lang='lat' dir='ltr'>humilis</span> <span class='ocrx_word' id='word_1_627' title='bbox 1602 2762 1740 2809; x_wconf 79' lang='lat' dir='ltr'>gaudet</span> 
     </span>
    </p>
   </div>
  </div>
 </body>
</html>
