1897 3167
492 176 540 208 bt:
579 176 876 209 CthCEl’TlONE
915 177 1180 210 SXLl'ATtlltlS
1221 180 1397 213 NOSTRI.
1727 186 1766 216 -'1.'›

123 251 258 297 gligas,
295 248 423 283 «licens
458 256 466 280 :
503 245 595 283 Are,
624 245 761 279 Maria.
802 244 907 280 Unde

124 295 332 335 Ber-nardus
355 306 364 328 :
400 307 416 325 «
452 293 516 327 Est
535 289 616 334 tibi,
643 290 756 337 Virgo
778 291 909 335 Maria,

150 343 230 381 uasi
258 340 440 383 osculum,
466 337 598 374 audire
631 338 731 374 hunc
760 349 910 375 versum

157 389 346 437 ngelicum
369 388 459 422 Ave.
480 385 608 421 Toties
635 384 737 421 enim
767 385 908 422 beatis-

121 438 219 474 sima
243 434 439 477 oscularis,
463 432 610 479 quoties
638 442 705 478 per
731 433 809 486 Aige
831 433 910 486 ‘de--

123 487 210 521 vote
224 481 414 519 salutaris.
430 482 540 525 Ergo,
556 481 693 516 fratres
708 490 908 524 carissimi,

121 531 172 568 ad
206 529 413 576 imaginem
449 528 530 574 ejus
566 526 749 579 accedite,
788 538 911 573 genua

123 577 278 621 flectite,
319 576 446 612 oscula
479 574 512 610 ei
549 574 754 621 imprimite
772 602 780 618 ,
817 575 908 616 Ave,

122 627 247 662 Maria
270 623 394 660 dicite.
416 637 433 654 »
455 623 498 658 Et
519 621 653 658 iterum
674 634 682 657 :
706 637 723 653 «
744 621 835 658 Coeli
856 633 911 658 re-

122 672 325 720 spondent,
342 669 471 716 Angeli
486 668 838 722 J'ubilant‚·niuiidus
853 680 912 705 ex-

123 719 252 762 sultat,
275 719 469 754 daemones
494 720 804 760 contremiscunt,
827 727 910 753 cum

121 767 206 804 dico
231 767 318 806 Ave,
351 766 472 801 Maria
496 777 506 799 :
536 777 553 796 »
582 764 661 799 haec
684 764 908 799 Bemardus.

173 827 217 862 29
243 815 454 849 MonAmrEn
482 823 544 846 sex
575 822 808 846 CONDITIONES
831 823 910 847 Am-

124 873 179 898 11AE
245 861 426 896 CflntsTcnt
487 869 679 894 CONCIPERE
743 869 908 894 VOLENTI.

123 929 169 936 —
187 907 379 945 Moraliter
399 909 607 952 tanguntur
626 905 686 940 hic
705 916 767 942 sex
785 905 913 958 condi-

123 956 261 999 tiones,
292 964 385 1001 quas
419 954 531 990 debet
559 953 701 989 habere
734 952 911 1005 quaelibet

123 1002 253 1040 anima
279 1004 422 1045 sancta,
453 999 641 1037 Christum
667 999 913 1053 spiritualiter

122 1053 363 1096 conceptura.
375 1069 419 1074 —
430 1048 547 1084 Debet
558 1047 657 1083 enim
672 1047 794 1093 primo
811 1048 913 1100 habi-

121 1101 203 1134 tare
230 1097 268 1132 in
298 1095 460 1143 quadam
485 1094 722 1141 separatione
754 1098 791 1131 et
817 1095 909 1148 alie-

123 1144 280 1181 natione
316 1142 440 1179 omnis
472 1146 608 1178 creatae
636 1142 911 1186 delectationis,

123 1195 164 1229 ut
185 1191 238 1228 sic
260 1190 405 1228 habitet
424 1189 464 1225 in
485 1189 653 1232 Gaffiaea,
674 1189 773 1235 quod
795 1189 910 1242 inter-

122 1242 294 1287 pretatur
314 1239 605 1282 transmigratio.
623 1237 689 1272 Illa
711 1236 816 1289 enim
834 1247 912 1273 ani-

123 1297 186 1323 ma
212 1285 378 1333 perfecte
412 1284 557 1321 habitat
598 1284 637 1319 in
661 1288 908 1336 transmigra-

122 1333 225 1370 tione
250 1361 258 1377 ,
317 1343 399 1379 quae
457 1335 718 1384 transmeavit·
757 1341 909 1367 omnem

124 1385 293 1417 creatam
345 1378 635 1415 delectationem
659 1407 667 1422 ‚
709 1382 763 1414 lta
808 1378 909 1425 quod

127 1428 231 1464 nulla
260 1438 300 1464 re
331 1431 458 1463 creata
486 1425 649 1472 amplius
685 1425 907 1478 delectatur,

127 1475 199 1511 nisi
219 1475 257 1510 in
281 1478 462 1520 quantum
483 1473 521 1509 in
550 1483 594 1508 ea
624 1473 766 1508 relucet
784 1483 910 1518 Imago

126 1526 163 1559 et
185 1521 364 1569 perfectio
387 1519 599 1557 Creatoris:
623 1519 724 1565 quod
745 1530 821 1555 non
849 1530 909 1556 so-

124 1570 201 1606 lum
219 1568 360 1604 nullam
382 1578 461 1604 rem
477 1566 600 1612 diligit
623 1570 754 1603 contra
775 1568 908 1611 Deum,

126 1616 192 1653 sed
212 1626 279 1652 uec
300 1615 416 1652 ullam
434 1613 568 1661 diligit,
582 1613 652 1650 nisi
670 1613 708 1649 in
727 1617 909 1667 quantum

125 1663 165 1700 in
184 1674 229 1700 ea
248 1664 347 1699 Deus
370 1662 525 1706 relucet,
546 1661 602 1698 vel
623 1660 749 1707 imago
768 1662 849 1707 Dei,
869 1665 910 1698 ut

125 1710 336 1758 proximum
349 1721 357 1755 ς
372 1709 428 1746 vel
446 1710 481 1744 in
499 1712 680 1755 quantum
690 1712 812 1755 potest
826 1719 908 1745 esse

123 1757 367 1795 accommoda
387 1756 568 1793 ultimatae
585 1756 712 1799 saluti,
726 1755 821 1792 sicut
835 1756 909 1792 alia

122 1816 198 1843 res.
225 1826 271 1832 —
309 1804 480 1841 Secundo
522 1804 633 1840 debet
662 1803 749 1840 talis
781 1803 909 1839 anima

123 1852 296 1890 habitare
315 1851 353 1888 in
376 1851 537 1897 quadam
559 1850 748 1887 floritione
772 1851 908 1904 deifor-

123 1901 195 1937 mis
221 1899 467 1946 operationis,
489 1898 632 1935 scilicet
658 1902 699 1934 ut
722 1898 908 1935 inhabltet

123 1948 162 1984 in
182 1947 381 1990 Nazareth,
403 1946 505 1992 quod
527 1947 800 1992 interpretatur
825 1948 905 1991 flos,

121 1996 337 2040 virqultum,
359 1995 551 2035 sanctitas,
571 1993 629 2029 vel
651 1995 871 2046 consecratio
894 2006 904 2028 .-

123 2047 163 2079 ut
179 2042 320 2079 scilicet
343 2042 490 2084 ssoreat,
507 2040 563 2077 vel
588 2040 625 2076 in
647 2042 740 2093 tiore
760 2041 907 2094 habltet

120 2101 165 2127 ex
202 2089 364 2126 candore
396 2087 649 2131 innocentiae;
679 2092 728 2124 sit
750 2087 904 2141 ‘virgul-

119 2141 216 2182 tum,
240 2137 394 2173 dulcore
423 2135 559 2172 divinae
586 2135 796 2188 influentiae
819 2146 905 2172 san-

118 2185 244 2229 ctitas,
276 2184 424 2220 fervore
457 2182 592 2219 divinae
623 2183 845 2237 charitatis3
870 2186 906 2219 et

121 2231 308 2269 inhabitet
340 2230 379 2267 in
404 2231 568 2277 quadam
606 2233 904 2284 consec-ratione,

120 2280 323 2327 splendore
358 2277 542 2315 veritatis.
572 2299 618 2304 —
647 2279 786 2321 Tertio,
820 2278 906 2332 talis

120 2327 249 2364 anima
280 2326 393 2363 debet
419 2336 502 2362 esse
529 2324 650 2372 virgo,
673 2328 713 2361 ut
733 2326 779 2362 ab
801 2336 904 2378 omni

121 2377 227 2410 motu
246 2384 321 2409 non
353 2373 474 2409 solum
496 2382 691 2417 sensuum,
705 2373 770 2409 sed
791 2376 904 2409 etiam

120 2422 169 2458 ab
196 2420 299 2457 omni
321 2425 424 2456 motu
450 2420 585 2456 anima¹
613 2419 749 2456 virium
771 2420 820 2456 sit
845 2431 904 2457 re-

122 2468 266 2512 stricta,
289 2467 341 2504 ita
361 2471 399 2504 ut
415 2467 507 2504 nihil
528 2467 566 2503 in
588 2478 632 2504 ea
653 2467 906 2514 corruptionis

123 2516 245 2554 valeat
278 2515 515 2558 subintrare;
538 2525 606 2551 nec
632 2525 699 2561 per
720 2514 798 2551 vias
816 2526 905 2552 sen-

121 2574 231 2601 suum
258 2562 372 2599 intret
401 2562 543 2608 aliquid
565 2562 664 2608 quod
689 2567 837 2599 moveat
857 2562 905 2599 ad

121 2610 407 2653 carnalitatem·,
445 2620 513 2646 nec
553 2619 620 2656 per
660 2609 740 2646 vias
771 2610 905 2647 virium

122 2658 434 2695 intellectivarum
464 2656 589 2693 veniat
623 2656 765 2704 aliquid
805 2658 904 2704 quod

122 2706 253 2742 tendat
274 2705 311 2741 in
338 2704 608 2742 curiositatem.
637 2706 680 2741 Et
700 2706 904 2742 secundum

120 2755 384 2799 Auyusttnum,
403 2763 652 2799 quascumque
673 2752 800 2789 anima
818 2753 903 2790 talis

122 2801 251 2845 fuerit,
273 2800 378 2847 virgo
401 2803 590 2836 censetur.
613 2819 657 2825 --
677 2800 831 2845 Quarto,
854 2805 907 2837 ta-

982 245 1026 280 lis
1052 246 1178 282 anima
1210 249 1322 284 (lebet
1343 261 1425 285 esse
1448 252 1692 298 desponsata,
1727 259 1762 290 ut

981 292 1094 328 fidem
1126 297 1161 328 et
1183 304 1350 331 amorem
1379 298 1424 332 ad
1448 299 1600 335 unicum
1624 301 1765 338 bonum

982 339 1233 384 restrinxerit,
1263 344 1361 386 quod
1399 350 1454 380 est
1494 348 1603 390 Dens,
1642 359 1687 384 ne
1726 348 1765 385 in

982 385 1128 422 incerto
1152 391 1320 433 vagetur,
1346 402 1441 426 nunt·
1465 393 1577 437 istud,
1603 406 1700 431 nunc
1723 395 1765 431 il-

984 433 1047 470 lud
1067 444 1212 470 amans.
1227 436 1270 470 Et
1291 435 1488 480 signanter
1509 441 1646 477 dicitur
1665 444 1764 488 quod

982 480 1093 517 debet
1118 492 1200 518 esse
1239 482 1466 528 desponsata
1487 489 1641 534 joseph,
1664 490 1765 536 quod

982 527 1252 574 interpretatur
1274 536 1506 574 auwnentmn
1532 535 1587 570 vel
1615 539 1763 582 apposi-

983 577 1059 618 t2·0‚·
1082 580 1121 611 ut
1142 575 1180 612 in
1206 576 1280 612 fide
1317 582 1353 612 et
1392 589 1521 615 amore
1555 592 1763 628 apponens,

983 633 1206 669 semperque
1245 624 1446 669 proficiens
1473 633 1762 673 augmentetur:

983 670 1072 715 quia
1089 669 1125 706 in
1139 670 1276 707 talibus
1295 682 1370 707 non
1391 674 1589 718 proficere,
1605 680 1661 711 est
1677 688 1766 722 quo-

983 717 1071 753 dam
1093 718 1205 754 modo
1229 718 1406 755 deficere.
1432 722 1472 756 Et
1491 721 1684 767 signanter
1704 724 1767 760 ad-

983 764 1084 800 ditur
1104 765 1150 801 de
1174 765 1287 801 dome
1307 766 1437 811 David,
1462 769 1561 813 quod
1582 769 1766 816 interpre-

982 814 1084 848 tatur
1104 823 1213 848 mcznzc
1233 815 1344 857 fortis
1369 827 1378 849 :
1415 815 1502 860 quia
1529 827 1596 862 per
1616 828 1768 859 gressus

984 858 1198 904 spirituales
1221 888 1230 904 ‚
1271 871 1338 906 per
1378 862 1493 898 fortes
1533 867 1691 900 conatus
1732 870 1767 901 et

984 906 1248 952 operationes,
1289 907 1327 943 in
1366 909 1550 955 spirituali
1590 912 1767 949 exercitio

985 958 1263 999 augmentatur.
1292 976 1338 982 —
1369 956 1506 1000 Quinto
1543 958 1769 996 describitur

985 1001 1066 1037 haec
1091 1000 1219 1038 anima
1243 1005 1283 1038 ut
1314 1006 1392 1039 tota
1426 1004 1650 1049 illuminata,
1679 1007 1767 1053 quia

984 1059 1124 1085 nomen
1141 1049 1223 1094 ejus
1241 1053 1298 1085 est
1317 1050 1447 1095 Maria,
1460 1053 1559 1097 quod
1580 1053 1768 1100 interpre-

984 1099 1086 1132 tatur
1105 1097 1340 1132 illuminata:
1357 1098 1498 1135 scilicet
1521 1104 1560 1135 ut
1578 1100 1765 1148 signatum

985 1142 1033 1179 sit
1053 1153 1166 1190 super
1186 1154 1269 1180 eam
1297 1145 1421 1181 vultus
1448 1147 1609 1192 Domini,
1643 1152 1678 1185 et
1699 1149 1765 1185 ha-

984 1191 1073 1226 beat
1110 1190 1280 1227 laetitiam
1316 1192 1550 1238 spiritualem
1577 1195 1615 1231 in
1651 1196 1767 1232 corde

985 1248 1066 1273 suo.
1101 1259 1145 1265 —
1169 1239 1278 1274 Sexto
1310 1239 1549 1284 describitur,
1577 1246 1617 1278 ut
1641 1253 1663 1279 a
1688 1244 1765 1279 Deo

984 1285 1195 1321 confortata
1236 1297 1304 1332 per
1347 1287 1488 1324 donum
1533 1289 1767 1326 fortitudinis

984 1331 1144 1378 Spiritus
1178 1333 1319 1377 Sancti,
1357 1334 1445 1379 quia
1472 1335 1682 1379 ingreditur
1719 1338 1767 1374 ad

983 1389 1068 1415 eam
1088 1380 1246 1427 angelus
1267 1381 1431 1426 Gabriel,
1459 1383 1559 1429 quod
1578 1383 1765 1431 interpre-

983 1429 1086 1462 tatur
1118 1428 1300 1470 fortz'tudo
1329 1430 1414 1471 De'i;
1438 1434 1474 1466 et.
1509 1441 1576 1476 per
1611 1442 1697 1468 eum
1724 1432 1765 1468 fit

983 1473 1237 1519 annuntiatio,
1267 1476 1407 1512 scilicet
1443 1477 1593 1522 quando
1640 1479 1767 1516 anima

982 1521 1278 1567 contemplativa
1304 1523 1507 1560 fortificata
1527 1536 1549 1560 a
1578 1527 1670 1570 Deo,
1698 1537 1766 1573 per

983 1577 1088 1614 spem
1105 1568 1287 1613 elevatur,
1309 1574 1349 1606 ut
1367 1576 1518 1617 appetat
1535 1573 1666 1618 gratiae
1685 1574 1764 1620 ple-

981 1614 1208 1660 nitudinem,
1249 1618 1398 1653 Domini
1438 1619 1696 1665 praesentiam,
1729 1625 1766 1658 et

982 1663 1185 1708 quamdam
1209 1663 1512 1710 singularItatem
1536 1668 1767 1705 benedictio-

980 1709 1040 1746 nis
1062 1710 1161 1747 inter
1184 1722 1316 1748 omnes
1343 1717 1548 1751 creaturas.

1027 1760 1073 1794 50
1101 1759 1289 1795 Srsscnrrm
1315 1772 1441 1796 naxus
1468 1774 1672 1799 vincimus
1706 1776 1768 1800 ΝΕ-

980 1816 1154 1841 cessmffi.
1179 1828 1223 1832 —
1251 1808 1471 1853 Specialiter
1513 1814 1638 1846 autem
1667 1811 1766 1848 circa

978 1852 1131 1889 tertiam
1166 1854 1422 1891 conditionem
1465 1860 1521 1892 est
1555 1858 1763 1903 sciendum,

979 1901 1079 1946 quod
1103 1901 1258 1947 mystice
1285 1913 1353 1949 per
1378 1904 1449 1940 hoc
1475 1905 1575 1950 quod
1596 1906 1766 1943 Christus

979 1952 1180 1994 conceptus
1215 1953 1253 1985 et
1288 1951 1471 1987 formatus
1495 1951 1563 1988 fuit
1592 1952 1631 1989 in
1656 1958 1765 1991 utero

978 1994 1151 2041 virginali
1192 2007 1260 2042 per
1301 2000 1562 2044 operationem
1606 2001 1767 2047 Spiritus

980 2043 1120 2087 Sancti,
1140 2043 1376 2090 significatur
1397 2047 1498 2091 quod
1520 2047 1768 2094 spiritualiter

977 2089 1191 2137 concipitur
1252 2095 1288 2127 et
1330 2093 1515 2130 formatur
1553 2094 1592 2131 in
1638 2099 1766 2133 mente

977 2147 1086 2183 pura,
1109 2138 1279 2184 ejusdem
1303 2139 1463 2186 Spiritus
1485 2142 1609 2178 Sancti
1631 2154 1765 2190 opera-

978 2184 1093 2221 tione.
1126 2186 1281 2232 Oportet
1309 2187 1410 2224 enim
1447 2193 1612 2226 mentem
1634 2191 1764 2227 aeterni

978 2232 1091 2269 Verbi
1129 2234 1390 2280 conceptivam
1429 2247 1513 2273 esse
1540 2237 1764 2283 virgineam,

978 2278 1014 2315 id
1036 2283 1107 2324 est,
1129 2291 1204 2316 non
1227 2282 1347 2318 solum
1370 2293 1391 2318 a
1413 2283 1525 2328 vitiis,
1553 2286 1619 2322 sed
1650 2285 1764 2322 etiam

978 2338 1000 2363 a
1032 2327 1229 2374 speciebus
1250 2334 1460 2367 creatarum
1490 2343 1631 2376 rerum,
1656 2337 1693 2369 et
1717 2335 1764 2370 ab

978 2375 1193 2421 hujusmodi
1221 2377 1432 2430 specierum
1454 2379 1707 2417 delectatione
1728 2385 1765 2417 ct

978 2422 1219 2470 corruptione
1243 2435 1450 2462 immunem
1483 2437 1566 2464 esse
1600 2432 1637 2464 et
1675 2429 1764 2465 abs-

977 2473 1152 2506 tractam.
1182 2472 1272 2508 Cum
1303 2473 1404 2509 enim
1434 2475 1558 2510 omnis
1590 2479 1764 2511 creatura

978 2517 1134 2554 vanitati
1153 2519 1202 2554 sit
1222 2520 1405 2567 subJ'ecta,
1427 2522 1551 2557 omnis
1572 2523 1714 2568 species
1741 2534 1764 2559 a

979 2576 1019 2601 re
1040 2568 1167 2602 creata
1187 2567 1389 2612 abstracta,
1415 2569 1568 2605 vanitati
1591 2573 1647 2605 est
1674 2581 1762 2606 con-

975 2613 1121 2659 juncta,
1143 2624 1185 2649 ac
1202 2624 1270 2660 per
1289 2615 1359 2651 hoc
1376 2621 1539 2652 mentem
1558 2617 1605 2653 ad
1627 2617 1763 2654 altiora

979 2660 1197 2697 tendentem
1227 2662 1381 2698 abducit
1404 2664 1566 2709 quodam
1588 2665 1700 2701 modo
1726 2669 1763 2701 et

979 2707 1198 2754 corrumpit.
1241 2710 1297 2745 Ad
1333 2710 1429 2746 lianc
1468 2713 1592 2747 autem
1625 2713 1763 2749 mentis

978 2755 1272 2793 abstractionem
1293 2785 1302 2800 ,
1349 2758 1522 2793 bortatur
1565 2760 1763 2805 Dionysius

977 2801 1213 2839 Timotheum
1257 2803 1384 2839 dicens
1429 2816 1437 2840 ;
1488 2818 1505 2838 «
1539 2807 1592 2842 Tu
1619 2811 1762 2853 autem,
