1876 3126
247 177 300 211 DE
338 175 530 210 SECUNDA
565 152 621 206 'ET
658 170 821 205 TERTIA
862 171 1113 205 vocitrtoxt:
1153 170 1501 204 DISCIPL'LORUM.
1641 170 1694 203 ‘241

55 248 210 286 votione
233 250 270 284 et
286 244 474 283 desiderio
489 241 666 280 audiendi
686 241 841 277 verbum

56 296 147 340 Dei;
181 295 344 342 quadam
375 292 448 336 die,
481 301 559 326 eum
594 289 708 324 turbae
742 289 839 323 irru-

56 347 154 380 erent
175 345 213 378 in
232 353 324 383 eam,
345 344 385 376 ut
407 338 577 374 audirent
595 336 746 370 verbum
760 337 840 376 Dei,

56 393 89 428 et
111 393 190 436 ipse
215 390 338 425 stabat
359 396 459 422 secus
491 387 662 427 staqnam
684 382 841 418 Geneza-

54 440 147 478 reth,
162 436 261 482 quod
278 438 313 471 et
332 443 436 469 mare
453 431 630 474 Gatilaeae,
648 429 702 465 vel
727 429 841 465 etiam

56 482 266 522 Tiberiadis
296 480 449 523 dicitur;
479 482 511 513 et
538 488 624 514 cum
654 476 766 513 etiam
805 476 841 511 in

58 536 159 568 terra
179 534 278 567 stare
298 538 374 574 prae
394 536 572 572 pressura
594 536 670 560 non
700 527 840 570 posset,

61 579 154 615 uidit
192 578 284 612 duas
324 585 434 609 nares
471 577 608 609 stantes
633 583 733 607 secas
768 575 840 607 sta-

57 635 168 671 gnum
189 637 199 659 :
222 633 381 668 quarum
403 632 478 657 una
513 624 593 657 erat
616 619 780 656 Simonis
807 622 843 655 et

58 672 171 709 etiam
188 670 349 706 Andrcze
372 669 428 705 sui
453 668 591 711 fratris,
615 668 734 703 altera
754 677 842 703 vero

57 717 186 757 Jacobi
225 721 260 753 et
295 715 470 759 Joannis3
499 718 697 761 piscatores
724 717 844 749 autem

58 765 317 802 descenderant
347 765 393 800 ad
431 767 585 806 terram,
614 766 645 797 ct
671 763 845 797 lavabant

57 815 151 850 retia
189 823 269 856 sua,
312 814 532 847 amoventes
570 809 844 852 immunditias,

58 864 100 898 ut
135 859 321 907 plicarent
347 870 404 902 ca,
438 859 528 903 quia
566 857 690 893 nullos
724 856 846 903 pisces

59 911 239 955 ceperant
280 910 389 942 nocte
426 905 502 941 illa.
532 905 740 940 Aseendens
780 916 845 939 aa-

58 959 128 993 tem
152 958 191 991 in
212 966 319 990 anam
357 964 498 994 navem,
521 964 601 998 qtae
621 955 698 987 erat
727 953 847 988 Simo-

57 1005 131 1046 nis,
154 1005 192 1039 ut
225 1002 408 1048 populum
432 1001 477 1037 de
507 1000 591 1036 navi
620 999 847 1035 convenien-

60 1050 137 1087 tius
160 1050 326 1093 doceret,
352 1050 499 1092 reflavit
519 1059 599 1083 eam
619 1059 640 1082 a
662 1050 758 1081 terra
794 1057 848 1081 re-

62 1099 191 1135 ducere
214 1107 345 1132 navom
370 1097 559 1141 pusillam,
580 1098 614 1130 et
638 1094 848 1140 paululum,

63 1145 116 1181 ita
150 1148 191 1180 nt
220 1155 293 1179 non
327 1143 437 1178 nimis
470 1153 492 1178 a
532 1146 633 1178 terra
668 1141 848 1184 distaret3

66 1192 154 1239 quia
174 1192 226 1227 ita
246 1191 395 1226 volebat
418 1201 440 1226 a
462 1194 565 1226 terra
598 1189 785 1234 elongari,
812 1191 852 1224 ut

66 1243 193 1287 posset
229 1237 364 1281 audiri,
396 1249 470 1273 non
507 1241 633 1273 tamen
677 1235 851 1282 opprimi.

66 1290 114 1324 Et
138 1287 264 1323 sedens
286 1290 478 1331 tamquam
499 1283 664 1320 doctoris
694 1282 855 1319 auctori-

66 1337 144 1371 tate
167 1338 290 1377 utens,
305 1333 454 1368 ‹lot-ebat
475 1333 519 1367 <Ie
539 1333 711 1367 navicula
728 1332 854 1366 turbas

65 1381 103 1418 in
140 1385 242 1417 terra
278 1384 434 1416 stantes.
465 1381 556 1415 Erre
588 1378 685 1414 mira
718 1377 854 1413 Christi

65 1428 262 1465 humilitas
301 1432 337 1463 et
372 1427 623 1463 mansuetudo
650 1425 855 1472 praecipere

66 1480 230 1523 poterat,
256 1479 466 1521 prtrreptor
487 1474 585 1509 enim
609 1477 710 1517 erat;
734 1477 771 1508 et
797 1478 854 1508 ta-

68 1535 155 1560 men
183 1527 302 1567 rogat.
333 1525 372 1558 tn
405 1533 477 1568 quo
502 1520 668 1568 praflatis
696 1522 856 1556 sormam

70 1571 172 1607 dedit
189 1574 225 1606 ut
240 1569 416 1605 libentius
435 1572 613 1604 moneant
632 1578 742 1614 quam
762 1579 857 1613 prat-

71 1618 226 1664 apiani,
247 1617 441 1663 magisque
463 1616 579 1652 amari
601 1627 715 1661 quam
732 1614 855 1650 timeri

70 1669 264 1712 appetant,
283 1666 385 1709 quia,
408 1668 447 1699 ut
467 1663 555 1699 dicit
570 1665 704 1699 Seneca
725 1676 734 1697 :
760 1677 777 1695 α
791 1663 858 1698 Ge-

69 1723 229 1749 nerosus
244 1712 395 1748 animus
408 1711 553 1746 facilius
569 1710 731 1753 ducitur,
744 1720 857 1755 quam

71 1759 248 1797 trahitur.
286 1773 304 1791 »
341 1759 412 1795 Sed
446 1770 465 1794 e
497 1757 686 1793 contrario
714 1757 859 1793 faciunt

71 1807 180 1851 fatui,
202 1807 247 1843 de
265 1806 402 1852 quibus
423 1805 461 1841 in
476 1805 670 1841 Ezechiele
691 1804 830 1841 dicitur
848 1816 856 1840 :

73 1856 160 1894 Cum
197 1857 411 1890 austeritate
458 1854 698 1900 imperabatis
737 1855 788 1888 eis
827 1855 860 1888 et

73 1914 153 1940 cum
172 1904 348 1947 potentia.

124 1964 141 1986 2
166 1951 311 1985 Durum
346 1960 494 1984 m'si-lm
522 1960 662 1995 STAGNI,
690 1961 796 1986 mvls
818 1961 860 1985 ET

74 2008 292 2034 Pisen'oncu
321 2008 613 2032 [mauritarum.
641 2016 686 2023 -
706 1996 861 2043 Mystice

73 2056 142 2092 per
161 2048 335 2091 stagnum
355 2047 478 2090 potest
508 2043 666 2089 intelligi
695 2046 780 2088 Lex,
805 2055 863 2079 ex-

74 2096 133 2129 tra
155 2102 269 2138 quam
290 2091 471 2127 Dominus
499 2095 592 2135 erat,
616 2092 703 2137 quia
727 2091 863 2137 legalia

70 2140 150 2188 jam
166 2150 315 2176 cessare
334 2139 581 2185 incipiebant;
601 2139 731 2175 etduoe
750 2149 863 2175 naves

74 2198 170 2234 quas
200 2186 291 2223 vidit
323 2191 410 2222 sunt
440 2187 513 2222 duo
548 2187 692 2233 populi,
722 2186 864 2223 scilicet

75 2234 255 2273 Judaicus
279 2238 316 2270 et
341 2234 511 2278 Gentius,
531 2245 624 2280 quos
646 2234 752 2278 vidit,
777 2233 866 2280 quia

76 2283 124 2320 de
145 2286 306 2328 utroque
326 2282 466 2328 populo
489 2282 626 2318 multos
648 2282 864 2318 misericor-

77 2329 176 2366 diter
194 2329 383 2365 visitaudo
417 2329 462 2365 ad
485 2329 599 2365 finem
630 2331 787 2366 vocavit.
810 2329 867 2364 Pi-

77 2380 246 2414 scatores
268 2381 356 2413 sunt
383 2376 665 2423 praedicatores‚
685 2381 719 2414 et
742 2377 866 2413 Eccle-

78 2424 144 2461 siae
166 2424 354 2468 doctores,
374 2424 438 2470 qui
474 2435 541 2460 nos
577 2435 644 2471 per
671 2429 750 2462 rete
774 2436 869 2471 prae-

79 2471 281 2509 dicationis
321 2476 357 2507 et
394 2472 480 2508 tidei
523 2473 865 2518 comprehendunt,

81 2522 120 2557 et
145 2518 253 2565 quasi
277 2518 393 2554 littori
427 2519 480 2555 sic
512 2523 624 2556 terrae
662 2519 868 2557 viventium

82 2567 302 2610 advehunt3
326 2566 387 2612 qui
410 2567 548 2603 debent
569 2567 800 2604 descendere
821 2568 867 2604 de

83 2614 160 2652 alto
197 2614 477 2660 praedicationis
513 2615 561 2650 ad
596 2615 870 2652 consideratio-

83 2672 172 2699 nem
196 2672 272 2698 suae
302 2661 528 2708 fragilitatis.
548 2665 585 2698 et
606 2663 701 2700 retia
727 2664 870 2708 lavare,

86 2708 125 2746 id
158 2713 215 2746 est
238 2710 405 2746 maculas
440 2713 694 2756 peccatorum,
717 2722 803 2758 qua:
833 2710 871 2747 in

86 2757 355 2804 praedicatione
371 2757 662 2801 contrahuntur,
674 2769 871 2806 aquacon-

88 2804 252 2842 tritionis
280 2805 420 2850 delere,
447 2805 533 2852 quia
557 2807 672 2843 verba
692 2807 874 2855 praediea·

213 2869 306 2903 Vin
323 2871 410 2904 Jsssu
434 2870 593 2910 Cnmsrr,
617 2881 732 2907 Tomos
752 2874 780 2907 1.

920 240 1032 276 tionis
1049 251 1148 287 sa·pe
1168 243 1405 278 maculantur
1418 253 1439 278 a
1451 244 1594 288 (ιιι-Ῥείη
1610 244 1701 277 tem-

919 288 1053 334 porati,
1077 293 1110 324 ct
1134 300 1155 324 a
1177 290 1296 333 gloria
1325 289 1439 334 inani,
1462 290 1516 325 vel
1539 290 1586 325 ab
1612 289 1702 324 adu-

917 334 1059 372 latione
1079 336 1214 371 tallaci.
1240 337 1302 373 Ille
1330 348 1419 383 ergo
1458 338 1556 373 lavat
1594 336 1702 382 retia,

919 383 980 429 qui
1009 384 1153 422 lucrum
1183 385 1403 429 temporale,
1428 385 1482 420 vel
1505 385 1703 424 curiosita-

918 434 1077 475 tcm‚vet
1094 431 1302 466 humanum
1323 433 1485 467 l'ax'orrm
1501 444 1521 468 a
1535 434 1706 472 doctrina

918 482 953 514 et
988 477 1255 524 praedicatione
1299 489 1365 513 sua
1408 480 1557 515 excutit.
1594 482 1704 518 Navis

920 526 1083 563 Simonis
1104 528 1160 560 est
1184 524 1373 570 primitiva
1397 527 1560 563 liri-lesia
1579 531 1705 566 Jmiae-

920 585 1050 619 orum,
1094 582 1252 620 quorum
1302 573 1526 617 prwdirator
1575 579 1708 614 Petrus

920 626 1015 666 orat,
1055 622 1094 658 in
1127 629 1242 666 quam
1277 619 1460 655 Dominus
1493 631 1562 667 per
1595 625 1704 660 tidem

921 670 1153 712 ascendens,
1186 667 1232 703 de
1268 677 1313 701 ea
1352 668 1480 702 turbas
1516 669 1701 715 docebat,

922 717 1010 762 quia
1040 717 1086 753 de
1120 713 1342 752 auctoritate
1380 713 1496 760 ipsius
1534 718 1705 754 Ecclesia}

922 775 1040 811 usque
1075 764 1121 800 ad
1148 761 1261 797 hodie
1299 761 1438 797 Gentes
1478 762 1600 799 docet.
1623 765 1706 801 Alia

923 812 1030 848 navis
1053 815 1109 847 est
1132 808 1298 846 Ecclesia
1327 808 1373 844 de
1403 809 1599 855 Gentibus,
1623 811 1707 857 qui-

924 860 993 895 bus
1028 860 1165 895 Paulus
1197 857 1331 892 doctor
1362 860 1419 891 est
1447 856 1600 902 missus,
1624 859 1710 904 qnia

925 907 969 943 de
991 907 1125 943 Juda›a
1144 915 1220 941 non
1244 906 1332 939 sunt
1353 903 1531 940 credituri
1554 909 1607 941 tot
1621 910 1711 952 quot

926 955 974 990 ad
996 954 1111 990 vitam
1131 956 1314 989 internam
1330 954 1415 987 sunt
1437 953 1708 998 prfedestinati.

928 1003 966 1036 In
990 1001 1075 1037 navi
1100 1004 1225 1037 autom
1256 1003 1366 1035 terrae
1398 998 1521 1035 vicina
1554 1002 1714 1037 docebat

928 1049 1080 1091 tnrbas;
1110 1048 1161 1083 ita
1196 1045 1295 1082 enim
1329 1046 1495 1082 coelestia
1530 1048 1713 1085 debemus

928 1097 1078 1138 docere,
1098 1100 1137 1131 ut
1159 1106 1203 1131 ca
1235 1093 1374 1129 terreni
1403 1094 1553 1130 valeant
1578 1097 1712 1132 saltem

928 1155 995 1190 per
1028 1144 1142 1179 sidem
1170 1152 1303 1187 canere
1326 1141 1383 1176 vel
1413 1141 1635 1188 intelligere.
1659 1144 1714 1180 Ad

931 1192 1060 1227 turbas
1091 1190 1240 1236 quidem
1278 1192 1485 1234 temperate
1519 1194 1574 1225 est
1609 1195 1715 1226 uten-

930 1239 1017 1274 dum
1043 1239 1154 1273 verbo
1176 1237 1316 1279 divino,
1336 1241 1373 1272 ut
1399 1248 1463 1271 uec
1490 1241 1641 1273 terrena
1663 1238 1717 1274 cis

930 1285 1212 1332 prseripiantur,
1237 1295 1305 1319 nec
1339 1294 1359 1318 a
1397 1284 1558 1320 terrenis
1588 1286 1714 1329 nimis,

932 1337 970 1369 ut
1008 1333 1157 1379 ponitus
1185 1343 1261 1367 non
1299 1331 1523 1377 intelligant,
1556 1333 1594 1368 in
1629 1344 1715 1378 pro-

932 1382 1046 1416 t'undo
1070 1390 1261 1416 sacrorum
1284 1379 1493 1414 recedatur.
1520 1401 1565 1405 —-
1585 1381 1717 1425 Aliter,

931 1438 999 1472 per
1012 1428 1110 1463 istud
1129 1431 1317 1471 stagnum,
1333 1427 1429 1471 quod
1447 1426 1583 1463 dicitur
1600 1439 1718 1472 mare,

935 1475 1156 1521 intelligitur
1182 1474 1358 1517 mundus,
1394 1474 1454 1519 qui
1489 1476 1535 1509 ad
1566 1476 1720 1511 modum

934 1523 1049 1558 maris
1085 1525 1205 1558 tumet
1243 1532 1309 1567 per
1342 1521 1717 1566 superbiam‚te1·vet

932 1581 1001 1616 per
1022 1569 1234 1610 avaritiam,
1258 1573 1407 1614 spumat
1427 1579 1495 1614 per
1517 1570 1714 1606 luxuriam.

933 1618 989 1653 Ad
1022 1617 1294 1652 transeundum
1319 1615 1432 1650 istum
1462 1617 1643 1652 mundum
1664 1617 1718 1652 vi-

934 1664 989 1700 dit
1019 1663 1203 1707 Christus,
1232 1662 1270 1697 id
1294 1665 1350 1698 est
1375 1664 1596 1709 approbavit
1626 1664 1721 1701 duas

935 1722 1071 1747 naves:
1091 1722 1248 1757 quarum
1265 1721 1353 1754 una,
1368 1721 1450 1756 qna}
1464 1722 1537 1747 non
1552 1712 1723 1749 nomina-

935 1762 1009 1803 tur,
1026 1758 1215 1805 significat
1235 1758 1334 1794 viam
1357 1769 1599 1795 communem
1613 1770 1721 1796 man-

935 1807 1124 1850 datorum,
1148 1817 1191 1842 eo
1219 1805 1322 1852 quod
1349 1816 1481 1842 omnes
1502 1806 1720 1844 indistincte

936 1854 1154 1901 obligentur
1167 1853 1214 1889 ad
1234 1864 1338 1897 eum3
1359 1857 1394 1889 et
1411 1854 1485 1890 alia
1501 1866 1583 1900 (iure
1601 1855 1724 1891 nomi-

936 1906 1063 1947 natur,
1093 1901 1235 1937 scilicet
1251 1900 1428 1944 simonis,
1453 1902 1516 1947 qui
1537 1903 1723 1949 interpre-

936 1953 1040 1985 tatur
1061 1950 1242 1987 obediens.
1266 1948 1451 1994 significat
1469 1950 1664 1986 consilium
1689 1953 1725 1986 et

937 2001 1076 2032 statum
1103 1996 1394 2041 religiosorum,
1418 2006 1579 2041 quorum
1606 1997 1724 2043 pous-

939 2044 1075 2080 simum
1097 2047 1224 2078 votum
1260 2046 1316 2078 est
1352 2043 1589 2087 obedientia3
1614 2048 1649 2080 et
1677 2044 1724 2080 ad

938 2091 1048 2127 istam
1077 2089 1271 2126 descendit
1307 2089 1490 2135 Christus,
1511 2094 1547 2127 et.
1577 2092 1616 2127 in
1645 2091 1725 2138 ipsa

939 2139 1050 2181 sedit,
1073 2141 1109 2173 et
1130 2136 1271 2181 docuit,
1299 2140 1335 2173 et
1356 2138 1473 2174 voluit
1493 2140 1596 2185 quod
1615 2140 1726 2176 redu—

939 2188 1088 2222 ceretur
1109 2196 1131 2221 a
1148 2188 1262 2229 terra,
1284 2184 1373 2231 quia
1395 2186 1566 2222 Christus
1594 2187 1641 2222 ad
1662 2197 1726 2222 cor

938 2232 1104 2278 religiosi
1139 2233 1272 2268 devote
1303 2233 1461 2269 consilia
1492 2234 1729 2271 observantis

939 2279 1133 2317 descendit
1174 2290 1242 2326 per
1287 2280 1448 2326 gratiam
1465 2309 1473 2325 ‚
1514 2282 1618 2318 sedet
1661 2293 1729 2329 per

941 2327 1312 2374 contemplationem,
1335 2331 1372 2364 et
1391 2329 1500 2365 docet
1522 2340 1589 2376 per
1607 2329 1731 2366 dono-

940 2387 1025 2412 rum
1059 2375 1220 2422 Spiritus
1250 2375 1377 2412 Sancti
1406 2375 1664 2423 intluentiam3
1691 2380 1725 2413 et

941 2424 1021 2470 ipse
1042 2423 1120 2459 vult
1135 2423 1236 2469 quod
1258 2433 1281 2459 a
1309 2426 1411 2460 terra
1433 2425 1634 2460 reducatur
1662 2435 1727 2470 pu-

942 2471 1080 2516 sillum,
1109 2470 1251 2507 scilieet
1281 2471 1394 2507 corde
1434 2472 1503 2508 etsi
1535 2483 1610 2507 non
1649 2481 1734 2507 cor-

942 2530 1048 2566 pore,
1066 2518 1155 2564 quia
1187 2529 1264 2555 non
1295 2522 1419 2565 potest
1446 2519 1556 2555 aliter
1576 2529 1642 2554 cor
1658 2529 1725 2554 no-

944 2571 1063 2603 strum
1085 2566 1254 2611 retineri,
1278 2577 1326 2602 ne
1357 2566 1562 2612 aliquando
1584 2570 1725 2602 terram

944 2625 989 2651 ex
1028 2613 1157 2660 aliqua
1196 2617 1329 2660 tangat
1364 2618 1483 2660 parte.
1522 2616 1563 2649 Et
1605 2613 1725 2650 sancti

944 2661 1015 2698 viri
1053 2672 1131 2698 non
1160 2664 1317 2709 possunt
1344 2660 1495 2708 penitus
1529 2660 1727 2707 elongari,

946 2709 1012 2746 sed
1057 2713 1203 2756 oportet
1242 2708 1389 2756 corpori
1427 2708 1638 2755 provideri;
1675 2709 1727 2744 sic

947 2768 1036 2806 ergo
1058 2757 1166 2794 navis
1200 2756 1375 2800 Simonis,
1395 2755 1432 2791 id
1459 2760 1527 2801 est,
1550 2755 1732 2802 religiosi,

948 2806 1061 2843 debet
1100 2816 1123 2842 a
1157 2808 1260 2842 terra
1291 2803 1480 2850 etongari;
1517 2804 1584 2840 sed
1618 2803 1732 2841 hodie

1578 2874 1612 2902 tr.
