1876 3126
101 122 162 158 254
568 114 713 148 PRIMAE
751 115 905 149 PARTIS
942 115 1077 149 CAPUT
1114 114 1243 147 xxxi

112 191 283 228 infirmos
295 187 473 232 reputant
489 186 527 220 et
541 186 766 228 peccatores.
781 185 886 221 Unde

112 239 266 275 Glossa:
292 249 309 267 κ
332 233 422 270 Ideo
445 242 511 267 vos
531 230 690 275 declino,
713 231 799 276 quia
820 242 885 278 pu-

111 283 199 320 tatis
230 292 296 317 vos
330 291 402 316 non
426 278 619 324 indigere3
645 278 711 314 sed
731 278 814 314 illos
837 278 887 314 vi-

111 331 205 372 sito,
249 328 336 374 quia
377 325 594 373 poenitendo
632 325 722 361 dant
764 325 886 362 locum

110 377 254 424 gratiae.
280 389 296 408 »
333 373 415 419 Ubi,
444 372 648 409 secundum
678 373 886 417 Chryses-to-

109 435 220 467 mum,
243 420 407 458 ostendit
436 430 513 456 non
543 419 678 455 mereri
701 430 766 455 eos
786 419 885 455 sani-

109 475 225 508 tatem
251 469 442 505 coelestem
474 466 665 512 consequi,
686 466 748 513 qui
776 477 886 502 sanos

109 529 163 562 se,
187 518 222 553 id
240 519 309 560 est,
327 516 449 561 ι1115105
468 524 549 550 0550
565 517 710 560 putant,
733 512 885 549 modici-

111 575 196 601 nam
218 562 367 599 Domini
389 564 628 607 respuentes;
649 561 714 596 sed
739 571 803 596 eos
824 559 887 605 qui

110 610 368 647 infirmitatem
401 618 521 652 suam,
542 608 613 643 1100
650 611 707 643 est
734 609 888 652 peccata

111 658 264 705 propria
303 658 582 702 cognoscentes,
623 665 665 690 ac
700 657 777 690 tota
813 653 887 688 side

110 706 306 741 credentes
341 702 527 738 medelam
565 701 728 737 coelestis
756 700 886 745 gratiae

109 757 297 798 quaerunt.
324 751 368 786 Ut
401 749 499 785 enim
541 747 593 783 ait
629 748 885 791 Auyustcnus:

113 813 132 831 «
146 801 261 834 Nemo
283 809 305 833 a
325 798 401 833 Deo
419 796 460 830 fit
479 795 624 838 firmus,
640 793 710 829 nisi
729 794 790 839 qui
808 804 846 828 50
866 803 888 829 a

113 845 235 891 seipso
257 844 369 880 sentit
386 842 590 877 infirmum.
621 856 637 870 »

156 896 175 927 ss
197 894 399 927 RESPONDIT
421 900 474 923 EIS
496 898 652 922 SECUNDO
672 898 738 921 PER
758 897 889 921 AUCTO-

109 951 259 975 RiTA'snn
299 939 402 973 053AE
439 945 643 970 PROPHETAE.
666 953 711 958 ——
743 932 887 969 Deinde

110 985 301 1031 respondit
324 983 378 1019 eis
400 981 562 1016 secundo
593 990 659 1026 per
686 979 888 1015 auctorita-

106 1036 182 1069 tem
204 1033 241 1066 in
264 1032 358 1066 Osea
374 1027 606 1074 inscriptam,
628 1026 888 1072 exprobrando

109 1079 162 1115 eis
202 1077 479 1122 Scripturarum
520 1073 793 1120 ignorantiam,
833 1073 889 1108 di-

108 1136 195 1161 cens
223 1136 231 1159 :
257 1126 391 1159 Eantes
414 1124 534 1157 autem
569 1122 709 1163 discite,
730 1132 752 1156 a
772 1124 888 1156 teme-

106 1171 217 1207 ritate
238 1173 362 1206 vestra
382 1168 611 1212 excedendo,
639 1167 770 1204 discite
788 1169 890 1213 igno-

107 1218 240 1255 rantia}
262 1219 394 1253 vestrae
418 1214 690 1258 subveniendo,
712 1216 802 1260 quid
823 1217 887 1255 est,

109 1266 209 1311 quod
221 1264 311 1301 dicit
326 1262 506 1299 Dominus
521 1263 559 1297 in
573 1263 669 1298 Osea
682 1262 888 1308 propheta:

108 1311 398 1349 Misericordiam
431 1311 524 1351 volo,
555 1319 622 1355 per
656 1308 799 1355 peccati
833 1307 889 1344 di-

108 1359 341 1402 missionem,
379 1360 412 1392 et
449 1368 520 1392 non
552 1358 785 1401 sacrificium,
823 1365 891 1401 per

106 1407 413 1442 holocaustorum
444 1402 689 1439 oblationem.
719 1403 824 1438 Unde
850 1401 890 1438 111

108 1451 322 1488 Proverbiis
345 1463 354 1487 ε
376 1453 506 1487 Facere
531 1451 833 1490 misericordiam,
858 1452 891 1484 et

103 1501 288 1545 judiciam
322 1499 440 1542 maqis
465 1499 585 1542 placet
609 1499 758 1532 Domino
778 1504 890 1542 'quam

109 1549 278 1582 victimae.
306 1544 419 1588 Quasi
452 1544 594 1580 diceret
615 1555 623 1579 ε
648 1546 715 1588 110,
736 1546 774 1579 01
805 1543 890 1578 dili-

108 1597 240 1640 genter
273 1592 508 1628 considerate
546 1590 638 1626 illud
668 1591 768 1635 quod
799 1589 889 1625 scri-

108 1641 210 1676 bitur
229 1639 266 1674 in
286 1639 382 1674 Osca
402 1638 601 1683 propheta,
627 1637 714 1682 quia
741 1637 770 1672 si
792 1637 889 1672 110110

109 1685 438 1722 consideraveritis
487 1683 741 1730 Scripturam,
783 1683 888 1719 inve-

110 1733 221 1769 nietis
257 1743 317 1768 me
352 1732 475 1768 facere
513 1731 719 1767 secundum
753 1730 887 1776 ipsam.

109 1779 403 1816 Misericordiam
436 1777 534 1822 volo,
567 1777 695 1823 potius
722 1777 802 1813 sine
829 1788 888 1814 sa-

108 1827 264 1871 crificio,
302 1829 339 1862 et
376 1836 458 1862 sum
500 1825 623 1861 cordis
663 1824 888 1869 humilitate,

109 1884 221 1920 quam
248 1873 475 1909 sacrificium
507 1871 587 1907 sine
616 1871 888 1915 misericordia,

109 1924 145 1957 et
175 1931 259 1956 cum
290 1919 413 1955 cordis
449 1918 611 1954 elatione
639 1930 647 1954 ε
671 1919 770 1954 1111110
806 1919 889 1964 plus

107 1967 229 2013 diligit
248 1968 344 2002 Deus
363 1969 600 2012 peccatorem
616 1965 812 2009 humilem,
826 1965 889 2011 qui

109 2026 185 2051 suae
217 2013 448 2049 infirmitatis
472 2012 643 2048 conscius
672 2012 889 2058 poenitendo

106 2072 146 2098 se
185 2061 315 2108 gratiae
353 2059 418 2096 Dei
457 2059 666 2103 submittit,
688 2060 889 2105 (1110111111-

109 2112 207 2145 stum
229 2108 445 2153 superbum,
469 2106 533 2153 qui
563 2107 609 2142 de
649 2117 716 2142 sua
744 2106 891 2153 justitia

110 2165 356 2201 praesumens,
382 2153 476 2189 alios
502 2154 730 2189 condemnat
760 2157 797 2189 et
820 2153 888 2189 mi-

111 2200 356 2237 sericordiam
391 2200 490 2236 circa
528 2211 592 2236 eos
629 2200 886 2247 reprehendit.

110 2248 323 2285 Secundum
356 2248 659 2291 Chrysostomum,
682 2247 821 2284 Scribae
851 2251 890 2284 et

110 2294 291 2331 Pharisaei
332 2293 460 2329 omnia
493 2297 646 2339 peccata
681 2305 749 2330 sua
783 2298 888 2340 puta-

109 2343 202 2379 bant
222 2340 416 2377 sacrificiis
436 2340 544 2386 Legis
566 2350 677 2386 posse
698 2341 828 2386 deleri,
850 2345 888 2378 et

109 2398 261 2425 omnem
293 2387 476 2433 reliquam
515 2386 688 2422 virtutem
723 2392 887 2425 contem-

107 2438 254 2478 nentes,
277 2433 317 2470 in
337 2433 530 2470 sacrificiis
556 2436 674 2470 totam
695 2445 799 2480 spem
818 2446 885 2481 po-

110 2483 252 2519 nebant
272 2495 282 2517 :
304 2486 341 2517 et
360 2481 444 2517 ideo
466 2480 647 2517 Dominus
669 2481 883 2518 misericor-

109 2529 211 2566 diam
229 2528 412 2565 sacrificio
432 2527 610 2575 praetulit,
630 2531 669 2564 ut
689 2528 885 2566 manifeste

109 2576 338 2620 ostenderet,
359 2586 436 2611 non
457 2585 524 2621 per
557 2574 742 2611 sacrificia
761 2575 883 2622 Legis,

109 2623 176 2660 sed
196 2634 262 2670 per
287 2633 403 2669 opera
422 2621 689 2658 misericordiae
717 2626 885 2668 peccato-

110 2681 195 2708 rum
203 2669 338 2706 delicta
348 2680 458 2716 posse
468 2668 636 2716 purgari.
649 2668 719 2706 Ubi
734 2669 861 2706 Glossa
873 2683 884 2706 :

111 2731 132 2752 «1
162 2719 244 2765 Non
270 2720 398 2755 tamen
430 2715 588 2764 despicit
615 2717 713 2754 Deus
746 2716 887 2754 sacrifi-

957 184 1070 229 cium,
1090 183 1155 219 sed
1176 181 1401 219 sacrificium
1421 181 1502 217 sine
1523 182 1735 220 misericor-

958 232 1034 268 dia.
1075 230 1275 266 Faciebant
1304 231 1430 265 autem
1465 229 1646 269 Pharisaei
1677 241 1736 268 sa-

959 278 1113 317 crificia„
1152 280 1192 313 ut
1223 276 1315 322 justi
1350 280 1575 321 apparerent
1610 287 1738 314 coram

959 326 1117 372 popu103
1140 334 1209 360 nec
1240 324 1463 359 exercebant
1489 333 1603 369 opera
1623 323 1736 360 mise-

959 372 1145 416 riem-dice,
1184 371 1223 406 in
1260 370 1394 416 quibus
1432 371 1613 416 probatur
1649 381 1740 408 vera

955 419 1114 465 justitia.
1133 432 1152 450 »
1173 417 1240 454 Ubi
1256 417 1478 454 etRabanus
1494 430 1504 453 :
1523 432 1535 449 «
1555 418 1740 454 Admonet

960 467 1088 511 itaque
1109 476 1172 500 eos
1194 467 1234 500 ut
1259 475 1326 510 per
1351 475 1465 509 opera
1497 463 1740 511 sibimetipsis

961 523 1131 558 supernae
1161 511 1429 547 misericordiae
1465 511 1622 557 praemia
1653 522 1754 548 con-v

961 559 1124 604 quirant,
1137 562 1174 593 et
1191 569 1281 602 non,
1295 559 1516 603 contemptis
1531 568 1739 605 pauperum

961 604 1262 647 necessitatibus,
1283 614 1351 649 per
1368 604 1599 640 oblationem
1622 605 1740 642 sacri-

962 652 1136 687 ficiorum
1157 661 1197 686 se
1220 652 1295 686 Deo
1314 650 1464 696 placere
1487 651 1691 688 confidant.
1719 665 1738 685 »

1007 714 1026 744 7
1051 699 1232 733 PROPONIT
1259 709 1312 732 EIS
1337 709 1428 733 SUUM
1461 709 1504 732 DE
1536 709 1739 734 MISERICOR·

962 757 1020 780 111-1
1040 756 1228 780 EXEMPLUM
1269 765 1310 769 —
1344 745 1448 780 Unde
1480 747 1516 780 et
1549 755 1657 781 suum
1695 745 1742 781 de

962 791 1222 828 misericordia
1242 791 1453 836 exemplum
1475 791 1528 827 eis
1549 791 1739 838 proponit,

962 839 1092 875 dicens
1117 850 1125 874 z
1147 841 1228 876 Non
1247 840 1342 873 enim
1362 840 1445 873 veni
1462 849 1589 874 vocare
1605 840 1739 884 justos,

963 886 1105 922 scilicet
1131 885 1179 921 ad
1207 884 1481 931 poenitentiam,
1501 885 1567 920 sed
1593 888 1741 922 tantum

963 933 1011 969 ad
1041 932 1330 978 proficiendum,
1352 935 1389 967 et
1408 936 1449 968 ut
1478 932 1678 977 proficiant
1695 932 1743 968 de

963 980 1098 1015 virtute
1130 981 1168 1014 111
1203 978 1404 1023 virtutem;
1432 979 1495 1014 sed
1524 982 1740 1024 peccatores,

964 1027 1011 1062 ad
1046 1025 1321 1072 poenitentiam,
1343 1029 1384 1062 ut
1411 1025 1646 1072 corrigantur
1675 1036 1743 1072 per

965 1084 1061 1110 eam.
1083 1074 1164 1118 Vel,
1185 1084 1256 1109 non
1287 1074 1370 1108 veni
1399 1084 1526 1108 vocare
1546 1073 1680 1118 justos,
1704 1073 1743 1110 id

965 1124 1034 1164 est,
1055 1131 1119 1156 eos
1154 1119 1216 1165 qui
1250 1130 1290 1156 se
1312 1121 1432 1166 Justos
1462 1123 1650 1166 reputant,
1679 1119 1742 1166 qui

964 1167 1183 1213 ignorantes
1207 1166 1273 1202 Dei
1295 1166 1494 1212 justitiam,
1515 1177 1622 1203 suam
1657 1177 1743 1203 con-

965 1214 1118 1250 stituere
1150 1214 1291 1257 volunt,
1313 1213 1401 1259 quia
1427 1214 1458 1249 si
1478 1216 1743 1250 convertantur

964 1264 1194 1307 peccatores,
1213 1261 1293 1307 ι10111
1313 1271 1391 1296 11011
1411 1260 1482 1296 sibi
1498 1260 1589 1306 justi
1610 1260 1742 1297 viden-

968 1312 1047 1352 tur;
1078 1309 1141 1343 sed
1167 1311 1384 1354 peccatores,
1405 1306 1443 1343 id
1478 1310 1548 1352 est,
1588 1309 1744 1354 peccata
1777 1308 1779 1310 ’

966 1359 1003 1391 01
1045 1355 1145 1391 mala
1189 1365 1257 1391 sua
1300 1355 1555 1399 attendentes,
1597 1353 1662 1400 qui
1703 1364 1743 1390 se

965 1406 1181 1449 peccatores
1203 1412 1299 1446 0550,
1322 1404 1359 1437 01
1382 1401 1527 1437 medico
1552 1412 1662 1447 egere
1683 1411 1743 1437 re—

967 1452 1201 1495 cognoscunt
1220 1459 1263 1484 ac
1287 1448 1417 1494 gratiae
1437 1448 1504 1484 Dei
1524 1447 1742 1494 poenitendo

966 1507 1006 1532 se
1041 1496 1254 1542 subjiciunt.
1278 1496 1359 1540 Vel,
1392 1506 1464 1532 ηοη
1501 1498 1583 1531 veni
1615 1505 1745 1532 vocare

960 1544 1094 1588 justos,
1116 1542 1204 1589 quia
1234 1542 1327 1579 nulli
1348 1547 1434 1579 sunt
1449 1543 1555 1589 justi,
1577 1543 1640 1578 sed
1659 1553 1743 1589 pec-

964 1594 1115 1631 catores,
1157 1589 1246 1635 quia
1280 1600 1400 1625 omnes
1433 1593 1674 1635 peccaverunt
1710 1591 1745 1626 et

965 1640 1068 1681 cyent
1089 1638 1209 1681 aleria
1235 1638 1312 1673 Dei.
1336 1635 1404 1673 Ubi
1434 1637 1628 1681 Greqorius
1655 1638 1745 1681 Nys-

964 1694 1101 1719 senus:
1136 1696 1154 1717 «
1183 1683 1296 1726 Quasi
1330 1683 1498 1720 diceret:
1518 1684 1621 1720 Adeo
1654 1693 1741 1729 pec-

965 1734 1110 1767 catores
1142 1740 1219 1766 non
1257 1730 1456 1766 abominor
1483 1731 1583 1776 quod
1612 1740 1744 1766 eorum

963 1781 1112 1814 tantum
1143 1776 1265 1823 gratia
1298 1778 1399 1821 veni,
1430 1787 1507 1813 non
1544 1780 1585 1814 ut
1619 1787 1745 1814 mane—

963 1828 1029 1861 ant
1061 1828 1298 1871 peccatores,
1339 1824 1405 1860 sed
1442 1829 1483 1860 ut
1526 1827 1745 1861 convertan-

964 1875 1040 1916 tur,
1072 1874 1110 1907 et
1140 1871 1228 1907 boni
1252 1872 1359 1915 fiant,
1387 1871 1492 1917 juxta
1520 1870 1613 1907 illud
1645 1872 1743 1918 Apo—

965 1918 1069 1955 stoli:
1085 1920 1249 1956 Christus
1262 1920 1365 1954 Jesus
1379 1919 1476 1954 venit
1486 1920 1526 1953 in
1539 1920 1633 1954 hunc
1643 1929 1745 1955 mun-

964 1967 1050 2001 dum
1083 1969 1287 2012 peccatores
1307 1966 1427 2001 salvos
1449 1967 1585 2009 facere.
1608 1979 1627 1998 »
1651 1967 1745 2002 Ecce

964 2023 1103 2058 magna
1137 2023 1221 2059 spes
1260 2015 1513 2058 peccatorum,
1543 2013 1632 2058 quia
1655 2023 1744 2058 pro-

964 2064 1048 2106 pter
1081 2070 1147 2096 eos
1179 2059 1281 2095 venit
1324 2058 1390 2095 Dei
1429 2059 1540 2096 Filius
1574 2059 1613 2095 in
1644 2060 1744 2096 hunc

965 2107 1158 2143 mundum.
1193 2106 1298 2142 Unde
1317 2108 1569 2151 Auqustz‘nus:
1599 2106 1745 2144 «Nulla.

965 2165 1078 2190 causa
1096 2153 1270 2190 veniendi
1301 2153 1371 2189 fuit
1391 2152 1539 2189 Christo
1567 2153 1743 2198 Domino,

964 2201 1034 2237 nisi
1067 2204 1286 2247 peccatores
1318 2200 1444 2237 salvos
1475 2201 1612 2237 facere.
1640 2201 1745 2237 Tolle

964 2249 1131 2293 morbos,
1163 2247 1253 2284 tolle
1277 2248 1447 2293 vulnera,
1475 2250 1513 2284 et
1545 2247 1648 2284 nulla
1686 2250 1744 2284 est

963 2295 1161 2331 medicinas
1194 2305 1319 2331 001150.
1345 2294 1404 2332 Sic
1435 2294 1537 2331 venit
1571 2295 1617 2331 de
1647 2295 1743 2332 coelo

963 2353 1124 2388 magnus
1161 2342 1342 2387 medicus,
1364 2341 1455 2388 quia
1488 2352 1647 2388 magnus
1675 2352 1743 2389 per

963 2393 1082 2426 totum
1103 2390 1235 2426 orbem
1250 2390 1402 2436 jacebat
1417 2393 1596 2436 aegrotus,
1614 2389 1744 2426 huma·

962 2447 1053 2473 num
1074 2447 1206 2482 genus.
1229 2436 1338 2473 Venit
1355 2447 1451 2473 unus
1474 2436 1556 2473 51110
1573 2439 1742 2483 peccato,

961 2483 1024 2529 qui
1057 2484 1184 2530 plures
1208 2483 1331 2520 salvos
1356 2483 1497 2520 faceret
1523 2495 1546 2520 a
1573 2487 1742 2530 peccato.

960 2532 1041 2567 Non
1075 2531 1176 2567 enim
1218 2531 1264 2567 de
1298 2530 1390 2567 coelo
1425 2534 1619 2567 traxerunt
1655 2531 1742 2567 eum

959 2581 1091 2614 nostra
1109 2577 1259 2624 merita,
1277 2578 1346 2615 sed
1377 2581 1507 2615 nostra
1531 2579 1697 2624 peccata.
1718 2589 1739 2611 ιο

960 2625 1072 2671 Ergo,
1084 2628 1125 2661 ut
1134 2624 1187 2661 ait
1200 2625 1418 2662 Ambrosius
1434 2641 1444 2661 .·
1460 2639 1480 2659 «
1493 2626 1741 2671 Usurpatores

957 2671 1115 2717 justitiae
1149 2683 1226 2709 non
1256 2675 1441 2709 vocantur
1468 2672 1519 2708 ad
1557 2671 1740 2717 gratiam

962 2728 1052 2756 nam
1071 2718 1103 2756 si
1122 2719 1245 2766 gratia
1273 2730 1318 2758 ex
1351 2719 1590 2767 poenitentia,
1609 2717 1741 2766 utique
