1861 3167
494 206 743 244 PROOEMIUM
783 207 822 240 lx
862 206 998 240 VITAM
1035 208 1135 242 JESU
1174 211 1368 248 ctinisil.
1733 222 1751 253 3

114 288 276 324 cultores
300 294 387 320 suos
412 283 606 317 consortes
627 277 790 319 illorum,
807 274 893 322 quia

114 338 171 371 est
199 337 236 370 et
265 331 342 367 vita
366 330 546 376 ipsorum.
578 325 691 360 Plane
713 324 792 359 haec
819 322 895 357 wita

114 383 169 418 est
201 379 278 415 vita
313 379 433 414 beatae
472 372 601 409 matris
631 370 785 414 Christi,
825 369 894 416 ipsi

115 427 244 464 sedule
257 421 508 462 ministrantis
529 420 565 456 in
587 418 698 455 annis
709 417 894 464 pluribus,

115 478 152 511 et
171 471 404 510 famulantis.
428 471 513 506 iisne
532 470 587 503 est
609 466 684 502 vita
701 463 898 510 Apostolo-

114 531 200 558 rum
239 520 388 557 Christo
431 514 669 553 familiariter
699 513 897 548 adliieren-

116 569 225 613 tium,
247 571 284 604 et
304 576 388 603 cum
404 576 448 601 eo
470 561 634 599 tideliter
654 569 900 607 perseveran-

116 616 224 652 tium.
242 617 327 651 Hrec
339 617 394 650 est
408 612 481 647 vita
499 608 634 646 civium
650 615 898 653 supernorum

117 663 264 701 Christo
285 659 503 702 fruentium,
529 660 565 693 et
588 657 669 702 ejus
695 663 810 700 opera
831 652 900 688 mi-

118 710 256 748 rabilia
289 705 571 747 admirantium,
612 707 648 739 et
685 701 755 737 sibi
792 710 899 736 reve-

118 761 249 795 renter
262 754 518 793 assistentium
536 751 574 787 in
595 754 792 786 (eternum.
817 749 903 783 Haec.

119 805 197 842 vita
216 808 272 841 est
303 802 445 849 optima
466 810 565 845 pars,
597 797 738 834 scilicet
771 795 903 832 sedere

121 853 169 890 ad
203 852 320 899 pedes
347 848 498 891 Christi,
527 850 563 882 et
592 844 722 881 audire
746 843 903 879 verbum

123 901 218 946 ejus,
245 898 347 935 unde
375 895 508 932 merito
535 904 558 930 a
586 901 805 939 possessore
836 899 902 925 suo

122 947 245 994 ipsam
264 945 376 982 niodo
390 954 457 990 per
474 940 634 988 gratiam
654 939 815 980 colente,
828 946 903 972 non

123 995 314 1032 aufertur:
331 991 418 1038 quia
439 990 521 1035 ipsa
541 991 597 1024 est
617 983 904 1026 retributioilla,

123 1052 208 1087 quae
234 1050 343 1078 servo
369 1037 470 1074 fideli
492 1039 527 1072 et
554 1033 726 1081 prudenti
747 1030 906 1079 promit-

123 1089 230 1132 titur,
252 1091 288 1124 et
314 1086 375 1123 hic
407 1084 601 1130 incipiens,
627 1082 666 1117 in
696 1079 907 1116 {eternitate

151 1135 356 1173 eriieietur.
386 1134 486 1168 Hanc
511 1131 625 1166 vitam
655 1128 757 1164 nulla
779 1126 909 1172 lingua

139 1183 282 1220 audare
319 1179 470 1223 sufficit,
504 1178 598 1214 adeo
636 1176 735 1212 bona
767 1176 837 1217 est,
873 1175 909 1208 et

126 1234 270 1274 sancta,
296 1233 332 1265 et
354 1237 467 1273 super
490 1234 623 1261 omnes
647 1222 743 1257 vitas
769 1218 910 1266 dignis-

127 1278 243 1321 sima,
273 1286 358 1312 eum
383 1275 431 1311 sit
458 1272 606 1308 initium
631 1268 831 1315 cujuslibet
855 1266 909 1302 al-

127 1325 236 1362 tioris
258 1318 603 1367 contemplationis,
627 1327 669 1352 ac
690 1316 774 1351 vitae
799 1324 912 1358 ange-

129 1373 209 1410 licae
221 1375 257 1409 et
270 1375 436 1410 aeteriioe,
447 1378 529 1413 qua·
542 1367 715 1411 speratur
725 1362 761 1398 in
774 1360 909 1408 patria.

129 1423 185 1457 An
226 1428 359 1466 parum
399 1419 455 1451 est
499 1413 565 1449 tibi
612 1409 790 1446 continue
827 1417 912 1443 cum

130 1467 280 1505 Christo
302 1474 398 1506 esse,
422 1465 459 1498 in
480 1471 585 1506 quem
605 1458 816 1493 desiderant
833 1455 912 1490 An-

130 1517 204 1561 yeli
242 1521 391 1558 semper
426 1508 659 1555 prospicere?
700 1503 735 1540 Si
775 1502 831 1538 vis
876 1501 913 1536 in

131 1565 314 1599 aeteruum
332 1566 492 1603 regnare
510 1564 593 1590 eum
611 1551 772 1594 Christo,
789 1548 914 1594 incipe

130 1618 292 1662 regnare
312 1605 438 1647 modo,
461 1606 498 1639 et
517 1600 592 1637 noli
612 1600 788 1635 deserere
813 1607 912 1639 eum,

131 1667 189 1694 cui
208 1654 350 1692 servire
369 1660 528 1698 regnare
549 1652 618 1685 est.

179 1707 198 1740 5
221 1704 455 1740 Coum-:Nomii
484 1709 573 1733 vira
594 1696 751 1732 1311111511.
774 1712 820 1718 --
840 1691 913 1737 Ap-

129 1750 345 1798 propinqua
365 1758 454 1792 ergo
483 1745 531 1781 ad
558 1743 680 1790 ipsum
705 1740 763 1786 pio
785 1739 912 1782 corde,

130 1803 171 1836 ut
184 1794 443 1838 descendenti,
460 1792 599 1829 scilicet
615 1790 660 1825 de
673 1788 759 1825 sinu
776 1786 912 1830 Patris,
943 1793 946 1795 ’

129 1845 170 1882 in
189 1849 340 1883 uterum
361 1839 540 1887 Virginis,
559 1836 665 1885 quasi
681 1836 776 1873 alter
793 1833 912 1877 testis,

129 1903 214 1931 cum
233 1890 376 1938 Angelo
398 1891 536 1925 sanctie
557 1881 814 1931 conceptionis
837 1881 913 1918 exi-

131 1944 208 1977 stas
237 1939 278 1976 in
310 1948 407 1985 pura
445 1935 539 1978 side3
580 1937 617 1969 et
649 1929 913 1977 congratulare

130 1986 273 2035 Virgini
302 1984 426 2028 matri,
454 1982 506 2019 sie
532 1983 687 2028 propter
714 1977 913 2014 [0111101111-

129 2036 242 2073 daiae.
268 2033 406 2070 Adesto
435 2031 515 2077 ejus
549 2025 749 2069 nativitati,
778 2027 814 2061 et
841 2023 913 2059 cir-

130 2080 366 2125 cumcisioni,
406 2077 513 2125 quasi
551 2077 674 2112 bonus
711 2071 911 2114 nutritius,

129 2142 213 2167 cum
227 2129 380 2175 Joseph.
392 2126 495 2163 Vade
509 2134 594 2160 011111
613 2121 731 2167 Magis
749 2120 786 2155 in
806 2119 914 2155 Beth-

129 2179 268 2222 lehem,
291 2181 327 2213 01
355 2174 473 2218 adora
510 2181 595 2208 cum
635 2169 689 2206 eis
712 2167 911 2214 parvulum

128 2235 271 2272 regem.
295 2223 442 2269 Adjuva
465 2230 548 2257 cum
576 2216 799 2265 parentibus
822 2225 911 2261 por-

130 2278 211 2309 tare
236 2280 408 2320 puerum,
432 2272 467 2305 et
496 2269 726 2314 praesentare
749 2262 788 2298 in
815 2265 910 2298 tem-

128 2321 246 2367 plum.
269 2317 455 2356 Comitare
482 2324 566 2351 cum
593 2310 781 2359 Apostolis
806 2309 910 2356 pium

129 2371 334 2415 pastorem,
357 2363 522 2411 gloriosa
551 2359 734 2396 miracula
769 2357 908 2394 sai-ien-

127 2419 216 2452 tem.
259 2413 399 2451 Adesto
440 2407 636 2450 morienti,
676 2415 760 2442 cum
799 2406 910 2441 beata

129 2466 250 2499 matre
276 2461 357 2507 ejus
377 2462 414 2496 et
433 2459 593 2499 Joaiine,
615 2454 663 2490 ad
683 2452 911 2499 compatien-

129 2511 233 2554 dum,
245 2513 280 2546 et
303 2504 578 2544 condolendum
591 2502 661 2538 sibi
675 2513 683 2537 :
698 2504 733 2537 et
745 2500 908 2546 quadam

125 2558 188 2607 pia
209 2555 428 2594 curiositate
452 2550 656 2599 palpatislO,
680 2552 801 2585 tracta
831 2547 907 2583 sin-

126 2606 214 2653 gula
248 2604 404 2641 vulnera
432 2597 636 2637 Salvatoris
662 2596 728 2640 tui,
755 2599 909 2642 propter

126 2660 162 2692 te
199 2652 251 2688 sic
290 2649 441 2687 mortui.
465 2648 597 2691 Quaere
630 2647 906 2690 resurgentem,

126 2711 210 2739 cum
233 2698 350 2735 Maria
372 2694 607 2742 Magdaleiia,
625 2692 745 2728 donec
762 2701 907 2727 merea-

126 2749 179 2786 ris
211 2745 393 2783 invenire.
417 2741 614 2780 Admirare
644 2739 680 2775 in
707 2738 841 2775 coelum
866 2749 906 2774 a-

127 2795 383 2836 scendentem,
401 2790 508 2837 quasi
528 2789 626 2824 inter
646 2786 848 2832 discipulos
871 2785 904 2821 in

126 2846 254 2881 monte
293 2840 425 2878 Oliveti
466 2837 640 2875 existens.
681 2834 776 2872 Sede
823 2843 906 2870 cum

971 278 1221 331 Apostolisiii
1248 284 1432 328 conclavi,
1454 289 1491 322 et
1520 288 1753 326 alisi-‹iiiileie

972 324 1034 380 ab·
1056 326 1303 376 exterisn‘ilius
1340 330 1509 377 singuiis,
1543 339 1579 369 ut
1618 335 1753 373 virtute

974 372 1132 435 Spiritus
1153 373 1291 426 Sancti,
1315 388 1356 412 cx
1376 379 1451 414 alto
1477 379 1580 416 indui
1609 394 1752 419 merea-

975 428 1037 453 ris.
1071 419 1180 471 lit-Si
1205 431 1280 466 pio,
1309 433 1350 458 ac
1384 426 1511 462 humili
1548 434 1580 463 01
1618 430 1754 466 devoto

975 465 1088 501 corde
1107 476 1160 501 sic
1181 478 1265 520 eum
1288 471 1434 506 modico
1455 477 1622 520 tempore
1641 477 1756 514 fueris

975 517 1196 559 prosecutus
1213 526 1247 549 iii
1264 517 1388 561 terris,
1403 518 1479 564 ipse
1497 525 1530 556 te
1548 524 1757 561 sublevabit

976 560 1022 613 ad
1044 570 1083 596 se
1105 561 1297 613 sedentem
1319 563 1354 599 in
1375 565 1527 603 dextera
1548 570 1609 605 liei
1637 572 1757 607 Patris

976 618 1013 643 iii
1053 607 1170 660 coelis,
1210 611 1414 647 secundum
1452 616 1551 660 quod
1588 604 1757 662 promisit

978 654 1079 690 fideli
1115 658 1303 711 peccatori
1341 659 1410 695 sibi
1451 662 1675 709 adincrenti,
1701 666 1760 701 di-

978 713 1066 738 cens
1091 713 1099 738 ε
1125 706 1311 758 Quintilii
1334 709 1535 750 ministrat,
1561 722 1614 745 me
1634 723 1761 758 sequa-

979 753 1039 785 tur
1057 762 1068 792 ‚·
1090 753 1124 785 et
1143 751 1206 805 tibi
1227 762 1403 805 eqo-sum,
1427 757 1506 792 illie
1537 761 1570 793 et
1596 761 1762 795 minister

980 807 1077 832 meus
1113 802 1194 833 erit.
1237 800 1467 848 Quicumque
1508 814 1598 847 ergo
1640 807 1764 843 fidelis

980 846 1156 890 peccator
1182 845 1278 899 bane
1300 847 1412 884 vitam
1443 848 1658 889 amabiliter
1684 841 1763 890 amss

980 892 1149 944 plexuatus
1183 893 1322 947 suerit,
1364 907 1440 932 11011
1487 898 1631 935 dubitet
1674 902 1763 947 quin

982 940 1152 997 (3111151115
1174 950 1263 992 'eum
1292 953 1329 977 iii
1365 943 1485 980 silium
1514 947 1763 993 adoptaverit.

983 986 1087 1041 biide
1109 992 1288 1033 scriptum
1305 990 1411 1026 estin
1428 992 1641 1030 Proverbiis
1662 1007 1669 1031 :
1691 998 1766 1040 qu

984 1034 1177 1077 diliqentes
1195 1037 1399 1088 madelmo.
1424 1040 1527 1076 Unde
1555 1047 1591 1077 01
1611 1044 1767 1078 Βωτιειν-

984 1081 1053 1116 diis
1092 1094 1101 1116 :
1131 1082 1260 1134 ngiii
1300 1095 1374 1120 non
1410 1086 1532 1132 placet
1573 1091 1661 1135 lieo,
1694 1101 1767 1126 non

985 1131 1104 1174 potest
1129 1128 1180 1163 illi
1204 1131 1354 1184 placere
1376 1134 1485 1170 Deus.
1507 1136 1598 1171 Nam
1617 1137 1672 1173 rui
1693 1138 1769 1184 pla-

986 1178 1042 1210 cet
1065 1176 1177 1220 Deus,
1197 1178 1272 1213 Deo
1288 1178 1486 1225 displicere
1510 1194 1582 1218 non
1596 1189 1730 1229 potest.
1750 1200 1767 1217 »

986 1223 1122 1258 Caveat
1144 1227 1269 1259 tamen
1297 1227 1504 1271 prudenter
1531 1230 1653 1267 fidelis
1683 1243 1769 1278 pee-

987 1272 1104 1313 cator,
1131 1274 1183 1324 'ut
1206 1282 1425 1323 ‘uiiiiiquani
1462 1275 1496 1311 iii
1535 1287 1771 1324 quocumque

988 1319 1084 1368 statu
1120 1318 1244 1361 tuerit,
1267 1320 1534 1358 confidentiam
1561 1324 1598 1360 iii
1628 1327 1771 1362 meritis

987 1374 1065 1399 suis
1086 1364 1242 1409 habeat,
1267 1366 1331 1401 sed
1358 1372 1548 1415 tamquam
1579 1373 1772 1409 mendicus

987 1411 1251 1457 pauperculus.
1275 1414 1428 1450 omnino
1457 1418 1687 1456 nudissimus
1725 1422 1770 1457 ad

989 1458 1269 1504 eleemosynam
1299 1461 1530 1499 Doniiiiieaiii
1555 1449 1772 1504 iiiendic‘an-

989 1505 1090 1549 dam,
1104 1515 1254 1558 semper
1267 1518 1404 1545 vacuus
1421 1512 1587 1548 accedat.
1609 1516 1772 1552 11100011-

989 1556 1064 1587 tem
1101 1552 1226 1606 faciat..
1255 1565 1328 1590 non
1357 1557 1462 1601 quasi
1490 1569 1531 1594 ex
1563 1561 1773 1599 bumilitate

991 1600 1091 1652 sicta,
1126 1604 1275 1654 'merita-
1304 1613 1370 1638 sua
1415 1606 1664 1646 abscondens.
1707 1611 1772 1646 sed

989 1651 1198 1703 certissime
1225 1659 1347 1685 sciens
1368 1653 1467 1697 quod
1488 1664 1559 1690 non
1587 1656 1771 1702 justifica-

991 1695 1089 1746 bitur
1117 1706 1155 1730 zn
1181 1701 1371 1748 conspeetu
1396 1701 1462 1734 Dei
1489 1705 1604 1737 omnis
1634 1707 1771 1741 cii-ens,

989 1743 1111 1777 Etiam
1135 1743 1251 1779 solius
1272 1744 1510 1796 cogitationis
1533 1754 1671 1787 nostrie
1695 1764 1770 1788 non

990 1799 1188 1842 possumus
1222 1795 1407 1843 rationem
1435 1796 1608 1839 reddere,
1635 1799 1663 1835 si
1693 1799 1772 1846 ipse

989 1836 1147 1872 voluerit
1160 1838 1352 1875 nobiscum
1370 1840 1598 1887 iiijudiciuiii
1616 1845 1770 1884 intrare.

990 1885 1062 1936 1510
1084 1889 1210 1920 autem
1233 1887 1344 1939 modo
1366 1894 1712 1940 quantumcumque
1733 1906 1773 1931 se

990 1936 1150 1985 ingerat,
1173 1943 1255 1969 eum
1275 1944 1336 1979 pio
1354 1938 1480 1973 tamen
1500 1938 1634 1977 timore
1657 1947 1693 1977 et
1712 1953 1771 1979 re-

989 1983 1172 2024 verentia,
1196 1980 1243 2016 ad
1275 1982 1417 2019 bonum
1450 1986 1651 2024 Dominum
1685 2000 1770 2036 pee-

989 2030 1136 2062 catores
1175 2032 1371 2065 vocantem
1396 2058 1405 2073 ,
1449 2040 1771 2082 praesuniptuosus

989 2084 1062 2126 non
1088 2075 1324 2120 reputabitur
1346 2089 1353 2113 ε
1377 2078 1473 2114 sicut
1501 2092 1687 2129 pauperes
1718 2067 1772 2121 seZ

988 2122 1073 2166 culi,
1097 2126 1238 2167 quanto
1278 2124 1457 2177 nudiores
1491 2134 1589 2173 sunt,
1613 2142 1695 2167 011111
1732 2143 1772 2168 50

987 2179 1063 2221 11011
1097 2173 1288 2222 tamquam
1318 2172 1465 2218 dignos,
1491 2177 1557 2212 sed
1579 2182 1770 2224 tamquam

987 2226 1203 2253 miseriores
1230 2219 1382 2271 propius
1419 2221 1609 2269 ingerunt,
1631 2227 1677 2262 ad
1699 2228 1772 2263 ele-

986 2274 1205 2318 emosynam
1220 2266 1345 2303 divitis
1363 2270 1666 2318 mendicandani,
1679 2285 1771 2321 prir—

987 2313 1280 2366 sumptuosrvel¹
1297 2316 1449 2361 superbi
1471 2329 1548 2354 11011
1572 2320 1767 2359 dicuntur:

986 2359 1052 2411 sed
1081 2370 1104 2395 a
1130 2360 1303 2413 benignis
1342 2362 1517 2401 divitibus
1555 2368 1770 2405 misericor-

985 2407 1069 2442 dius
1093 2410 1357 2453 respiciuntur.

1032 2458 1053 2488 6
1072 2454 1107 2490 S.
1131 2456 1347 2492 Baiis-inoffi
1379 2470 1485 2496 virui
1513 2461 1657 2498 1311111511
1687 2476 1768 2499 rixi:-

985 2512 1198 2542 QUENTAViT.
1217 2523 1261 2557 —-
1279 2506 1382 2541 lianc
1402 2507 1514 2544 vitam
1535 2510 1666 2546 beatus
1683 2514 1768 2547 Ber-

984 2549 1124 2602 nartius
1156 2550 1358 2596 plurimum
1399 2554 1667 2601 frequentavit,
1706 2558 1767 2605 qui

985 2595 1185 2651 fascic-ulos·
1216 2600 1392 2651 myrrliaff,
1428 2601 1464 2638 id
1489 2608 1543 2639 est
1579 2606 1768 2641 cumulum

985 2645 1264 2698 amaritudinis,
1305 2658 1347 2683 ex
1387 2649 1462 2685 vita
1502 2655 1535 2686 et
1576 2652 1769 2689 laboribus

986 2691 1121 2744 Cliristi
1146 2693 1339 2746 colligens,
1364 2700 1399 2731 et
1428 2697 1526 2733 inter
1549 2700 1665 2735 ubera
1686 2711 1750 2736 sua

985 2738 1022 2791 id
1045 2743 1114 2784 est,
1136 2740 1358 2777 affectiones
1382 2754 1468 2779 suas
1490 2745 1692 2790 collocans,
1717 2729 1769 2783 sii}

985 2790 1037 2822 ait
1057 2798 1064 2821 :
1091 2800 1106 2820 «
1127 2788 1177 2823 Τ11
1199 2798 1362 2834 quoque,
1379 2789 1407 2825 si
1427 2792 1538 2837 sapis,
1560 2792 1769 2831 imitaberis

985 2844 1135 2880 sponsae
1167 2836 1422 2882 prudentiam,
1458 2843 1571 2885 atque
1606 2843 1769 2889 myri-liar
