1902 3126
439 198 488 230 nr,
525 194 697 230 orrmlo
735 195 786 228 Er
823 195 926 228 vmt
963 195 1150 228 sotiatus
1187 195 1430 232 nitrrisrsss.
1699 199 1756 232 145

123 271 248 306 mente
262 265 443 313 loquitur,
461 263 668 300 secundum
689 262 782 299 illud
798 263 898 298 Psal-

123 316 173 353 mi
203 315 395 351 :Audiam
434 311 524 357 quid
559 311 729 357 loquatur
766 312 806 345 in
844 320 898 345 me

122 364 297 400 Dominus
333 361 447 402 Deus;
479 368 588 403 super
620 359 794 393 Joannem
829 359 898 392 Ζα-

122 410 258 447 chariae
274 408 392 453 filium
414 407 452 440 in
472 405 624 446 deserto,
645 404 709 450 qui
742 408 831 440 tunc
861 404 898 439 in

122 465 221 494 anno
258 457 339 490 erat
376 451 586 497 trigesimo,
617 451 718 497 quod
753 454 900 497 tempus

122 498 382 551 praedicationi
404 498 573 535 debitum
597 502 676 542 est;
698 498 787 544 quia
809 502 900 534 tune

121 552 214 587 aetas
250 545 370 582 virilis
404 545 525 592 vigct;
562 549 604 581 ut
640 545 831 592 baptizans
867 548 903 581 et

114 594 333 644 'praedicans
355 593 493 630 Christi
514 593 732 637 adventum,
757 597 793 629 et
817 594 904 628 red-

120 641 323 696 emptionis
347 640 523 677 solatium
548 640 808 676 annuntiaret.
833 641 906 676 Au-

120 688 214 727 divtt
239 690 403 725 Joannes
429 698 496 734 per
529 687 715 723 internam
749 686 908 733 inspira-

119 735 278 781 tionem,
307 746 350 772 ae
385 735 656 771 revelationem
685 734 850 770 divinam
871 737 908 769 et

118 783 255 821 auditu
282 782 432 826 mentis,
460 783 618 818 verbum
648 781 795 817 Domini
828 781 908 817 sola

118 830 246 878 gratia
280 830 443 875 desuper
478 829 512 865 ei
546 829 749 874 loquentis.
783 829 907 872 Unde,

119 877 331 915 secundum
381 877 672 921 chrysostomum
694 905 703 917 ,
751 877 908 911 verbum

124 923 365 962 Domini'hic
399 924 639 967 mandatum,
668 934 735 959 seu
769 933 908 969 praece-

123 975 229 1018 ptum
255 970 321 1007 Dei
349 970 500 1014 dicitur,
523 970 705 1015 quianon
732 981 754 1006 a
780 973 912 1005 semet-

124 1021 206 1067 ipso
227 1021 406 1061 Joannes,
435 1018 499 1054 sed
526 1020 602 1054 Deo
629 1017 735 1053 illum
757 1028 912 1053 monen-

124 1072 184 1112 te,
219 1066 268 1102 ad
312 1064 564 1101 ministerium
602 1064 695 1100 illud
737 1064 907 1100 accessit.

125 1113 230 1152 Unde
251 1116 288 1149 et
314 1112 393 1159 ipse
414 1112 466 1148 ait
487 1124 494 1148 ε
516 1113 586 1155 Qui
622 1123 677 1147 me
713 1114 814 1147 misit
852 1113 912 1147 bu-

123 1163 266 1208 ptizare
292 1162 331 1195 in
359 1172 471 1205 aqua,
501 1164 570 1195 etc..
609 1161 651 1194 Et
687 1170 731 1195 ne
755 1162 911 1205 propter

124 1207 313 1245 desectum
334 1218 442 1252 aquae
464 1207 683 1242 differretur
700 1206 908 1252 baptismus

124 1265 269 1297 eorum,
293 1254 357 1300 qui
380 1255 417 1290 in
439 1255 520 1300 ejus
539 1253 807 1300 praedicationo
826 1264 911 1289 con-

127 1303 385 1346 vertebantur,
409 1305 443 1337 et
466 1305 503 1336 ut
521 1300 763 1347 pranlicando
788 1300 910 1345 magis

127 1349 312 1396 proficere
351 1352 498 1394 posset,
528 1348 641 1383 exivit
670 1348 716 1383 de
746 1349 910 1392 deserto,

128 1395 191 1433 ubi
217 1396 296 1442 jam
324 1395 585 1441 poenitentiam
612 1395 796 1440 agendam
819 1405 913 1441 prze-

127 1443 254 1480 dicare
282 1447 445 1488 coeperat
471 1455 478 1477 2
502 1445 547 1478 Et
578 1445 676 1477 venit
711 1445 747 1477 ἱη
775 1453 912 1477 omnem

126 1493 308 1535 reqionem
339 1491 526 1533 Jorclnnz's,
555 1489 592 1524 id
618 1493 674 1525 est
701 1489 799 1525 circa
831 1490 911 1524 Jor-

128 1537 280 1581 danem,
312 1536 375 1573 nbi
411 1536 519 1583 copia
551 1547 738 1582 aquarum
770 1540 807 1572 et
829 1536 912 1572 loca

128 1584 314 1631 populosa
341 1588 467 1627 erant;
490 1588 522 1619 et
546 1586 585 1618 in
606 1584 743 1619 deserto
762 1583 909 1624 Judaeoe,

127 1631 336 1678 baptizans,
377 1635 413 1666 et
445 1631 652 1677 praedicans
691 1631 911 1676 baptismum

125 1680 358 1726 poenitentz'ae,
390 1680 429 1714 in
465 1680 711 1713 remissionem
746 1681 911 1724 peecato-

127 1736 222 1762 rum.
249 1727 293 1761 Et
314 1724 353 1762 in
374 1725 444 1761 hoc
465 1725 568 1762 dedit
593 1727 760 1762 Joannes
789 1736 911 1761 exem-

128 1773 232 1820 plum
246 1772 574 1818 praedicatoribus,
595 1776 636 1809 ut
657 1773 738 1808 loca
757 1772 914 1808 fructifi-

129 1819 291 1873 cationis
326 1820 431 1856 verbi
459 1820 577 1857 divini
613 1823 798 1867 quaerant,
837 1831 913 1855 non

128 1867 386 1904 recreationis.

176 1918 197 1959 4
220 1916 419 1950 Bm-ffiucs
450 1915 600 1950 Josxms
628 1926 701 1950 Nox
721 1926 913 1950 nmmum*

129 1973 209 1998 smss
236 1973 469 1997 roemrssmm.
496 1982 541 1987 —
562 1962 776 2007 Baptismus
803 1964 914 1997 Joau-

130 2009 188 2045 niS
221 2008 447 2055 disponebat
474 2008 648 2044 homines
682 2009 728 2044 ad
755 2008 913 2055 suscipi-

129 2056 271 2093 endum
305 2056 509 2098 Christum,
533 2055 616 2091 ideo
646 2067 720 2092 non
750 2056 914 2101 baptiza-

131 2104 266 2141 bantur
302 2103 348 2139 ab
383 2114 441 2147 eo,
481 2102 554 2138 nisi
599 2102 733 2146 Judaei,
776 2102 913 2148 quibus

128 2150 389 2197 principaliter
409 2150 619 2196 promissus
642 2150 710 2186 suit
728 2150 910 2186 Christus.

130 2197 307 2234 Mulieres
340 2197 453 2233 etiam
493 2209 566 2234 non
606 2197 911 2244 baptizabantur,

129 2244 221 2292 quia
247 2246 337 2292 ipsae
370 2249 477 2281 erant
504 2245 733 2281 instruendae
758 2255 780 2280 a
806 2244 910 2280 viris.

130 2294 206 2329 Nec
253 2292 418 2328 infantes
472 2293 785 2339 baptizabantur,
826 2291 914 2338 quia

131 2338 351 2385 mysterium
373 2350 446 2375 uon
469 2339 741 2385 intelligebant,
770 2342 806 2375 et
826 2350 913 2386 cog-

131 2385 223 2422 nitio
245 2386 458 2422 necessaria
480 2390 572 2422 erat.
595 2387 806 2433 Baptismus
825 2397 913 2423 vero

128 2434 218 2469 Jesu
237 2433 373 2469 Christi
395 2434 505 2469 datur
525 2434 626 2469 omni
652 2434 769 2477 sexui,
793 2434 914 2469 omni-

130 2491 205 2526 que
233 2480 348 2523 aetati,
379 2480 416 2516 in
453 2481 712 2518 remissionem
742 2486 913 2528 peccato-

129 2537 228 2563 rum.
246 2528 351 2571 Quod
372 2538 459 2575 ergo
482 2528 539 2564 hic
558 2528 708 2573 dicitur,
723 2528 762 2564 in
782 2528 914 2565 remis-

127 2574 273 2611 sionem
295 2580 550 2621 peccatormn,
574 2587 647 2611 non
671 2580 727 2613 est
747 2576 913 2614 referen-

128 2621 217 2658 dum
244 2622 291 2658 ad
320 2622 548 2669 baptismum
581 2624 751 2668 Joannis,
777 2624 843 2663 sed
866 2624 914 2661 ad

128 2668 405 2752 Boenitentimn,
426 2681 510 2715 quae
533 2671 717 2717 baptismo
741 2675 915 2709 annecte-

156 2718 240 2752 atur
259 2727 267 2752 ε
285 2719 366 2753 sota
387 2718 485 2753 enim
515 2717 596 2764 ipsa
625 2718 848 2765 paenitentia
871 2729 916 2756 ea

129 2763 358 2815 remittebat.
384 2765 597 2811 Baptismus
623 2766 915 2812 quidem-loan-

128 2819 202 2856 ms,
221 2811 431 2858 baptismus
455 2813 688 2859 pst-nitentia:
708 2819 802 2860 erat,
824 2814 914 2861 quia

211 2873 303 2908 Vm
318 2876 405 2910 Jnsu
421 2876 577 2918 Cumsrr,
593 2887 705 2913 'sones
725 2880 751 2912 Ι.

969 263 1016 299 ad
1030 262 1287 316 poenitentiam
1304 266 1547 312 baptizandos
1562 268 1755 304 monebat‘

969 313 1007 346 et
1047 311 1195 346 nonnisi
1224 313 1384 355 adultos,
1407 325 1502 359 qnos
1530 314 1757 360 poenitentes

970 357 1135 399 videbat,
1171 359 1394 403 baptizabat.
1435 362 1537 397 Unde
1573 362 1660 398 licet
1694 364 1759 399 ba-

971 403 1109 450 ptismo
1133 403 1249 449 ipsius
1272 416 1347 440 non
1375 407 1655 445 dimitterentur
1672 420 1761 456 pec-

973 454 1070 494 cata,
1086 451 1275 497 susceptio
1299 455 1421 488 tamen
1443 455 1540 489 illius
1563 460 1643 492 erat
1663 468 1763 502 qute-

974 498 1061 534 dam
1088 497 1308 544 protestatio
1331 500 1464 543 agendi
1489 503 1761 549 prrnitentiam,

974 556 1043 592 per
1067 555 1181 591 quam
1210 545 1454 582 dimittuntur
1482 555 1645 592 peccata.
1673 553 1762 587 Erat

976 592 1090 645 etiam
1123 592 1332 639 baptismus
1363 595 1518 629 Joannis
1555 595 1591 631 in
1625 599 1762 633 remis-

978 649 1123 676 sionem
1162 644 1418 686 peccatorum.
1459 652 1531 677 non
1575 644 1760 687 effective,

978 687 1043 723 sed
1060 687 1306 732 praeparative
1326 699 1334 722 :
1354 687 1441 733 quia
1461 691 1699 734 praeparabat
1716 691 1764 727 ad

980 733 1117 770 Christi
1140 734 1387 780 Baptismum.
1410 735 1446 771 in
1469 747 1543 781 quo
1566 736 1680 773 tlebat
1700 748 1761 773 re-

981 780 1109 817 missio
1141 785 1395 827 peccatorum.
1431 782 1646 829 Baptismus
1673 795 1763 830 ergo

980 828 1136 865 Joannis
1161 832 1243 865 erat
1280 829 1489 875 baptismus
1514 830 1764 877 poenitentiae,

981 875 1071 922 quia
1102 875 1363 922 poenitentiam
1399 877 1624 913 delictorum
1656 879 1768 915 habe-

984 924 1063 966 bat;
1101 924 1166 958 sed
1199 934 1244 959 ea
1277 924 1446 959 relaxare
1477 936 1551 960 non
1582 928 1763 970 poterat:

984 970 1197 1016 Baptismus
1227 974 1351 1007 autem
1385 970 1522 1007 Christi
1552 975 1610 1008 est
1642 971 1772 1020 Bapti-

984 1028 1086 1053 smus
1113 1017 1258 1063 gratiae,
1284 1018 1372 1064 quia
1398 1019 1435 1054 in
1460 1019 1608 1056 Christo
1635 1021 1768 1065 datur,

984 1069 1019 1101 et
1045 1068 1199 1111 peccata
1226 1065 1452 1101 relaxantur.
1484 1067 1589 1103 Unde
1615 1069 1769 1112 Chryso-

982 1117 1118 1148 stomus
1147 1126 1156 1147 :
1185 1126 1202 1146 «
1226 1113 1321 1148 Illud
1347 1113 1477 1149 datum
1505 1118 1562 1150 est
1588 1114 1625 1150 in
1653 1114 1771 1161 poeni-

983 1159 1116 1202 tentia,
1139 1160 1209 1195 hoe
1240 1160 1276 1195 in
1306 1160 1445 1207 gratia3
1474 1160 1524 1196 ibi
1552 1161 1674 1206 venia,
1707 1161 1769 1197 hie

984 1207 1154 1243 victoria.
1179 1220 1196 1240 »
1224 1208 1268 1242 Et
1299 1209 1521 1250 notandum,
1558 1209 1768 1245 secundum

984 1255 1197 1297 Greqorium
1223 1256 1511 1295 Ntzzirznztenum,
1536 1256 1635 1301 quod
1661 1255 1770 1302 quin-

984 1301 1108 1347 tuplex
1138 1305 1195 1337 est
1223 1301 1438 1338 ditt'erentia
1464 1303 1735 1348 baptismatum
1758 1314 1765 1338 :

984 1353 1041 1384 est
1067 1348 1170 1384 enim
1201 1349 1391 1394 quoddam
1418 1350 1673 1394 figurativum,
1693 1360 1768 1397 quo

986 1395 1188 1442 baptizavit
1221 1397 1381 1441 Moyses,
1419 1397 1484 1432 sed
1515 1397 1551 1432 in
1585 1408 1683 1443 aqua
1710 1408 1767 1433 so-

986 1444 1076 1486 lum,
1100 1442 1240 1478 scilicet
1273 1443 1311 1477 in
1345 1444 1443 1479 nube
1470 1447 1505 1478 ct
1534 1445 1647 1488 mari;
1667 1444 1771 1480 aliud

985 1494 1041 1526 est
1059 1489 1367 1535 praeparativum,
1391 1501 1462 1535 quo
1486 1491 1687 1536 baptizavit
1706 1493 1770 1528 Jo-

985 1547 1117 1580 annes,
1140 1537 1186 1572 de
1221 1548 1293 1582 quo
1331 1537 1388 1572 hie
1427 1537 1582 1582 dicitur3
1618 1538 1770 1574 tertium

985 1587 1041 1619 est
1064 1584 1322 1629 perfectivum,
1346 1588 1385 1619 ut
1407 1585 1597 1631 Baptisma
1617 1585 1769 1629 Christi,

986 1631 1087 1677 quod
1121 1630 1189 1667 suit
1220 1631 1259 1666 in
1296 1631 1455 1676 Spiritu;
1497 1636 1674 1678 quartum
1715 1636 1772 1669 est

986 1678 1349 1724 supererogativum‚
1371 1679 1470 1725 quod
1504 1679 1645 1716 scilicet
1664 1680 1707 1715 fit
1732 1680 1771 1715 in

986 1725 1168 1772 sanguine
1200 1736 1267 1772 per
1297 1727 1533 1772 martyrium,
1556 1731 1593 1763 et
1619 1728 1691 1764 hoe
1717 1730 1774 1763 est

988 1772 1240 1809 venerabilius
1255 1773 1403 1818 ceteris,
1423 1773 1511 1819 quia
1532 1774 1676 1811 iteratis
1695 1785 1773 1810 non

987 1820 1152 1856 foedatur
1173 1821 1375 1866 contagiis3
1406 1821 1577 1866 quintum
1611 1825 1667 1859 est
1693 1822 1771 1858 cul-

986 1878 1120 1914 parum
1151 1869 1355 1904 actualium
1383 1869 1649 1914 abstersivum,
1672 1869 1772 1915 quod

989 1918 1029 1950 tit
1051 1915 1219 1960 quotidie
1246 1915 1283 1951 in
1309 1916 1500 1962 lacrymis,
1523 1919 1560 1952 et
1590 1921 1646 1953 est
1665 1917 1774 1953 labo-

986 1962 1126 1998 riosius
1145 1962 1294 1998 ceteris.

1035 2013 1054 2045 5
1099 2011 1195 2045 ERAT
1241 2021 1453 2045 sonunnono
1499 2022 1772 2048 rat-isamarivcs

987 2069 1028 2092 ET
1069 2068 1316 2093 nocturnes.
1348 2077 1394 2083 -
1431 2058 1589 2094 Joannis
1619 2058 1773 2104 quidem

988 2104 1196 2150 baptismus
1236 2107 1316 2140 erat
1356 2105 1643 2150 praeparassms,
1685 2106 1774 2152 quia

988 2153 1241 2187 necessarium
1269 2155 1347 2187 erat
1373 2153 1545 2188 homines
1566 2154 1773 2200 praeparari

987 2199 1034 2234 ad
1050 2198 1236 2235 Christum
1256 2199 1442 2245 baptismo
1465 2201 1564 2245 ejus;
1589 2204 1625 2236 ct
1643 2211 1773 2237 secun-

987 2246 1075 2282 dum
1098 2247 1169 2282 hoc
1199 2248 1251 2282 ita
1275 2257 1314 2283 se
1341 2248 1453 2283 habet
1484 2247 1691 2293 baptismus
1711 2250 1772 2285 Jo-

987 2293 1097 2329 annis
1131 2293 1179 2329 ad
1218 2294 1356 2331 Christi
1394 2295 1641 2341 Baptismum,
1677 2296 1772 2332 sicut

987 2340 1237 2377 catechismus
1258 2341 1296 2377 in
1313 2353 1387 2388 quo
1404 2342 1621 2388 baptizandi
1636 2343 1772 2379 instru-

989 2392 1101 2424 untur
1119 2388 1164 2424 de
1185 2389 1273 2433 fide,
1297 2394 1334 2426 et
1354 2394 1616 2436 praeparantur
1637 2391 1684 2426 ad
1702 2393 1770 2427 Ba-

987 2436 1166 2482 ptismum
1206 2447 1349 2473 verum.
1390 2438 1496 2473 Unde
1540 2440 1725 2481 Remigius
1759 2451 1768 2473 :

989 2497 1005 2517 (ε
1029 2483 1242 2530 Baptismus
1260 2485 1415 2520 ,Ioannis
1438 2485 1596 2531 figuram
1614 2486 1771 2530 gerebat

987 2532 1356 2568 catechumenorum.
1397 2533 1487 2568 Nam
1530 2532 1624 2567 sicut
1658 2532 1770 2568 modo

987 2578 1269 2615 catechizantur
1285 2579 1406 2626 pueri,
1431 2584 1467 2615 ut
1488 2578 1590 2623 digni
1616 2579 1706 2614 fiant
1725 2579 1773 2614 ad

988 2630 1267 2663 sacramentum
1313 2626 1576 2674 Baptisinatis;
1616 2625 1668 2662 ita
1707 2628 1771 2662 Jo-

990 2684 1108 2710 annes
1129 2674 1356 2720 baptizabat,
1380 2679 1415 2709 ut
1445 2672 1619 2719 baptizati
1644 2674 1690 2709 ab
1713 2684 1773 2717 eo,

989 2725 1121 2768 postea
1150 2721 1284 2758 devote
1312 2721 1469 2757 vivendo
1502 2719 1602 2765 (ligni
1641 2721 1776 2757 tierent

990 2769 1173 2805 accedere
1213 2769 1260 2805 ad
1299 2767 1435 2805 Christi
1477 2767 1723 2813 Baptismum.
1753 2783 1771 2800 »

994 2816 1098 2853 Unde
1119 2820 1156 2853 et
1182 2817 1456 2862 chrysostomus
1478 2828 1487 2850 .-
1514 2830 1530 2847 «
1553 2817 1645 2861 Apte
1667 2826 1757 2862 ergo

1605 2879 1643 2914 10
1769 2901 1786 2947 ἲ
