<?xml version="1.0" encoding="UTF-8"?>
<!DOCTYPE html PUBLIC "-//W3C//DTD XHTML 1.0 Transitional//EN"
    "http://www.w3.org/TR/xhtml1/DTD/xhtml1-transitional.dtd">
<html xmlns="http://www.w3.org/1999/xhtml" xml:lang="en" lang="en">
 <head>
  <title>
</title>
<meta http-equiv="Content-Type" content="text/html;charset=utf-8" />
  <meta name='ocr-system' content='tesseract 3.04.00' />
  <meta name='ocr-capabilities' content='ocr_page ocr_carea ocr_par ocr_line ocrx_word'/>
</head>
<body>
  <div class='ocr_page' id='page_1' title='image "./vitajesuchristie01ludouoft_0379.png"; bbox 0 0 1876 3126; ppageno 0'>
   <div class='ocr_carea' id='block_1_1' title="bbox 726 179 1110 218">
    <p class='ocr_par' dir='ltr' id='par_1_1' title="bbox 726 179 1110 218">
     <span class='ocr_line' id='line_1_1' title="bbox 726 179 1110 218; baseline 0.008 -4"><span class='ocrx_word' id='word_1_1' title='bbox 726 179 777 214; x_wconf 87' lang='lat' dir='ltr'>ET</span> <span class='ocrx_word' id='word_1_2' title='bbox 812 180 1110 218; x_wconf 76' lang='lat' dir='ltr'>NUMERORUM.</span> 
     </span>
    </p>
   </div>
   <div class='ocr_carea' id='block_1_2' title="bbox 115 249 763 528">
    <p class='ocr_par' dir='ltr' id='par_1_2' title="bbox 117 249 763 338">
     <span class='ocr_line' id='line_1_2' title="bbox 117 249 763 300; baseline -0.011 -8"><span class='ocrx_word' id='word_1_3' title='bbox 117 258 138 300; x_wconf 99' lang='grc'>4</span> <span class='ocrx_word' id='word_1_4' title='bbox 160 254 233 292; x_wconf 90' lang='lat' dir='ltr'>Cur</span> <span class='ocrx_word' id='word_1_5' title='bbox 292 249 527 289; x_wconf 83' lang='lat' dir='ltr'>circumcisio</span> <span class='ocrx_word' id='word_1_6' title='bbox 587 249 763 286; x_wconf 86' lang='lat' dir='ltr'>instituta</span> 
     </span>
     <span class='ocr_line' id='line_1_3' title="bbox 139 301 292 338; baseline -0.02 0"><span class='ocrx_word' id='word_1_7' title='bbox 139 301 292 338; x_wconf 82' lang='lat' dir='ltr'>suerat?</span> 
     </span>
    </p>

    <p class='ocr_par' dir='ltr' id='par_1_3' title="bbox 115 346 760 490">
     <span class='ocr_line' id='line_1_4' title="bbox 117 346 760 391; baseline -0.008 -5"><span class='ocrx_word' id='word_1_8' title='bbox 117 352 138 386; x_wconf 86' lang='lat'>5</span> <span class='ocrx_word' id='word_1_9' title='bbox 159 350 296 385; x_wconf 83' lang='lat' dir='ltr'>Decem</span> <span class='ocrx_word' id='word_1_10' title='bbox 309 346 477 384; x_wconf 88' lang='lat' dir='ltr'>rationes</span> <span class='ocrx_word' id='word_1_11' title='bbox 497 347 654 391; x_wconf 87' lang='lat' dir='ltr'>propter</span> <span class='ocrx_word' id='word_1_12' title='bbox 666 354 760 390; x_wconf 82' lang='lat' dir='ltr'>quas</span> 
     </span>
     <span class='ocr_line' id='line_1_5' title="bbox 140 391 717 433; baseline -0.01 0"><span class='ocrx_word' id='word_1_13' title='bbox 140 395 312 433; x_wconf 88' lang='lat' dir='ltr'>Christus</span> <span class='ocrx_word' id='word_1_14' title='bbox 339 391 558 430; x_wconf 89' lang='lat' dir='ltr'>circumcidi</span> <span class='ocrx_word' id='word_1_15' title='bbox 585 391 717 428; x_wconf 90' lang='lat' dir='ltr'>voluit.</span> 
     </span>
     <span class='ocr_line' id='line_1_6' title="bbox 115 438 760 490; baseline -0.008 -10"><span class='ocrx_word' id='word_1_16' title='bbox 115 442 375 490; x_wconf 89' lang='lat' dir='ltr'>6Baptismus</span> <span class='ocrx_word' id='word_1_17' title='bbox 431 438 760 477; x_wconf 85' lang='lat' dir='ltr'>circumcisionem</span> 
     </span>
    </p>

    <p class='ocr_par' dir='ltr' id='par_1_4' title="bbox 137 490 347 528">
     <span class='ocr_line' id='line_1_7' title="bbox 137 490 347 528; baseline -0.014 0"><span class='ocrx_word' id='word_1_18' title='bbox 137 490 347 528; x_wconf 81' lang='lat' dir='ltr'>evacuavit.</span> 
     </span>
    </p>
   </div>
   <div class='ocr_carea' id='block_1_3' title="bbox 977 252 1622 525">
    <p class='ocr_par' dir='ltr' id='par_1_5' title="bbox 977 252 1620 336">
     <span class='ocr_line' id='line_1_8' title="bbox 977 252 1620 326; baseline 0.009 -39"><span class='ocrx_word' id='word_1_19' title='bbox 977 268 997 300; x_wconf 91' lang='lat'><strong>7</strong></span> <span class='ocrx_word' id='word_1_20' title='bbox 1020 252 1227 326; x_wconf 51' lang='lat' dir='ltr'>Mssraliter’</span> <span class='ocrx_word' id='word_1_21' title='bbox 1250 253 1340 300; x_wconf 85' lang='lat' dir='ltr'>quid</span> <span class='ocrx_word' id='word_1_22' title='bbox 1362 254 1409 290; x_wconf 83' lang='lat' dir='ltr'>sit</span> <span class='ocrx_word' id='word_1_23' title='bbox 1429 253 1620 292; x_wconf 69' lang='lat' dir='ltr'>circumci-</span> 
     </span>
     <span class='ocr_line' id='line_1_9' title="bbox 1002 311 1078 336; baseline 0.013 -1"><span class='ocrx_word' id='word_1_24' title='bbox 1002 311 1078 336; x_wconf 83' lang='lat' dir='ltr'>sio.</span> 
     </span>
    </p>

    <p class='ocr_par' dir='ltr' id='par_1_6' title="bbox 978 347 1502 386">
     <span class='ocr_line' id='line_1_10' title="bbox 978 347 1502 386; baseline 0.01 -5"><span class='ocrx_word' id='word_1_25' title='bbox 978 348 998 381; x_wconf 90' lang='lat'>8</span> <span class='ocrx_word' id='word_1_26' title='bbox 1019 348 1091 383; x_wconf 88' lang='lat' dir='ltr'>Cur</span> <span class='ocrx_word' id='word_1_27' title='bbox 1114 347 1174 384; x_wconf 89' lang='lat' dir='ltr'>die</span> <span class='ocrx_word' id='word_1_28' title='bbox 1205 352 1339 384; x_wconf 84' lang='lat' dir='ltr'>octava</span> <span class='ocrx_word' id='word_1_29' title='bbox 1360 350 1502 386; x_wconf 74' lang='lat' dir='ltr'>fiebat?</span> 
     </span>
    </p>

    <p class='ocr_par' dir='ltr' id='par_1_7' title="bbox 979 395 1622 525">
     <span class='ocr_line' id='line_1_11' title="bbox 979 395 1620 446; baseline 0.009 -18"><span class='ocrx_word' id='word_1_30' title='bbox 979 408 999 440; x_wconf 87' lang='lat'>9</span> <span class='ocrx_word' id='word_1_31' title='bbox 1021 395 1211 446; x_wconf 79' lang='lat' dir='ltr'>Moraliter</span> <span class='ocrx_word' id='word_1_32' title='bbox 1225 396 1620 434; x_wconf 77' lang='lat' dir='ltr'>octoilluminaliones</span> 
     </span>
     <span class='ocr_line' id='line_1_12' title="bbox 1004 442 1622 493; baseline 0.011 -18"><span class='ocrx_word' id='word_1_33' title='bbox 1004 442 1328 479; x_wconf 82' lang='lat' dir='ltr'>circumcisionem</span> <span class='ocrx_word' id='word_1_34' title='bbox 1365 445 1502 481; x_wconf 85' lang='lat' dir='ltr'>mentis</span> <span class='ocrx_word' id='word_1_35' title='bbox 1529 456 1622 493; x_wconf 80' lang='lat' dir='ltr'>proe-</span> 
     </span>
     <span class='ocr_line' id='line_1_13' title="bbox 1001 488 1193 525; baseline 0.005 -1"><span class='ocrx_word' id='word_1_36' title='bbox 1001 488 1193 525; x_wconf 87' lang='lat' dir='ltr'>cedentes.</span> 
     </span>
    </p>
   </div>
   <div class='ocr_carea' id='block_1_4' title="bbox 319 659 1506 707">
    <p class='ocr_par' dir='ltr' id='par_1_8' title="bbox 319 659 1506 707">
     <span class='ocr_line' id='line_1_14' title="bbox 319 659 1506 707; baseline 0.003 -11"><span class='ocrx_word' id='word_1_37' title='bbox 319 660 470 697; x_wconf 90' lang='lat' dir='ltr'>CAPUT</span> <span class='ocrx_word' id='word_1_38' title='bbox 490 659 551 695; x_wconf 89' lang='lat' dir='ltr'>XI.</span> <span class='ocrx_word' id='word_1_39' title='bbox 576 679 620 688; x_wconf 91' lang='lat'>—</span> <span class='ocrx_word' id='word_1_40' title='bbox 639 660 691 695; x_wconf 87' lang='lat' dir='ltr'>De</span> <span class='ocrx_word' id='word_1_41' title='bbox 707 660 928 706; x_wconf 75' lang='lat' dir='ltr'>Epiphania</span> <span class='ocrx_word' id='word_1_42' title='bbox 942 661 1090 697; x_wconf 82' lang='lat' dir='ltr'>Domini</span> <span class='ocrx_word' id='word_1_43' title='bbox 1106 662 1211 706; x_wconf 78' lang='lat' dir='ltr'>facta</span> <span class='ocrx_word' id='word_1_44' title='bbox 1235 661 1353 697; x_wconf 77' lang='lat' dir='ltr'>tribus</span> <span class='ocrx_word' id='word_1_45' title='bbox 1371 664 1506 707; x_wconf 71' lang='lat' dir='ltr'>Maqis.</span> 
     </span>
    </p>
   </div>
   <div class='ocr_carea' id='block_1_5' title="bbox 95 781 762 1732">
    <p class='ocr_par' dir='ltr' id='par_1_9' title="bbox 122 781 762 870">
     <span class='ocr_line' id='line_1_15' title="bbox 122 781 762 823; baseline -0.005 0"><span class='ocrx_word' id='word_1_46' title='bbox 122 800 135 823; x_wconf 86' lang='grc' dir='ltr'>ι</span> <span class='ocrx_word' id='word_1_47' title='bbox 161 782 413 821; x_wconf 82' lang='lat' dir='ltr'>Manifestatio</span> <span class='ocrx_word' id='word_1_48' title='bbox 441 781 580 820; x_wconf 81' lang='lat' dir='ltr'>Christi</span> <span class='ocrx_word' id='word_1_49' title='bbox 611 781 660 819; x_wconf 90' lang='lat' dir='ltr'>ad</span> <span class='ocrx_word' id='word_1_50' title='bbox 686 783 762 820; x_wconf 87' lang='lat' dir='ltr'>Ma-</span> 
     </span>
     <span class='ocr_line' id='line_1_16' title="bbox 167 843 223 870; baseline -0.018 0"><span class='ocrx_word' id='word_1_51' title='bbox 167 843 223 870; x_wconf 89' lang='lat' dir='ltr'>os.</span> 
     </span>
    </p>

    <p class='ocr_par' dir='ltr' id='par_1_10' title="bbox 117 843 761 965">
     <span class='ocr_line' id='line_1_17' title="bbox 117 843 761 926; baseline -0.008 -8"><span class='ocrx_word' id='word_1_52' title='bbox 117 843 232 918; x_wconf 72' lang='lat' dir='ltr'>ngur</span> <span class='ocrx_word' id='word_1_53' title='bbox 251 878 349 926; x_wconf 87' lang='lat' dir='ltr'>Magi</span> <span class='ocrx_word' id='word_1_54' title='bbox 389 878 436 915; x_wconf 90' lang='lat' dir='ltr'>ab</span> <span class='ocrx_word' id='word_1_55' title='bbox 460 877 614 915; x_wconf 85' lang='lat' dir='ltr'>Oriente</span> <span class='ocrx_word' id='word_1_56' title='bbox 649 888 761 914; x_wconf 86' lang='lat' dir='ltr'>vene-</span> 
     </span>
     <span class='ocr_line' id='line_1_18' title="bbox 137 928 257 965; baseline -0.008 0"><span class='ocrx_word' id='word_1_57' title='bbox 137 928 257 965; x_wconf 84' lang='lat' dir='ltr'>runt‘?</span> 
     </span>
    </p>

    <p class='ocr_par' dir='ltr' id='par_1_11' title="bbox 114 972 760 1155">
     <span class='ocr_line' id='line_1_19' title="bbox 114 972 760 1020; baseline -0.005 -8"><span class='ocrx_word' id='word_1_58' title='bbox 114 978 135 1013; x_wconf 83' lang='lat'>5</span> <span class='ocrx_word' id='word_1_59' title='bbox 154 975 270 1012; x_wconf 88' lang='lat' dir='ltr'>Stella</span> <span class='ocrx_word' id='word_1_60' title='bbox 300 985 323 1011; x_wconf 94' lang='lat' dir='ltr'>a</span> <span class='ocrx_word' id='word_1_61' title='bbox 344 972 462 1020; x_wconf 84' lang='lat' dir='ltr'>Magis</span> <span class='ocrx_word' id='word_1_62' title='bbox 480 972 562 1009; x_wconf 88' lang='lat' dir='ltr'>visa</span> <span class='ocrx_word' id='word_1_63' title='bbox 581 977 760 1018; x_wconf 83' lang='lat' dir='ltr'>quatuor-</span> 
     </span>
     <span class='ocr_line' id='line_1_20' title="bbox 136 1020 756 1060; baseline -0.003 -1"><span class='ocrx_word' id='word_1_64' title='bbox 136 1022 259 1060; x_wconf 85' lang='lat' dir='ltr'>decim</span> <span class='ocrx_word' id='word_1_65' title='bbox 290 1021 413 1058; x_wconf 81' lang='lat' dir='ltr'>modis</span> <span class='ocrx_word' id='word_1_66' title='bbox 440 1021 488 1057; x_wconf 91' lang='lat' dir='ltr'>ab</span> <span class='ocrx_word' id='word_1_67' title='bbox 511 1020 594 1056; x_wconf 87' lang='lat' dir='ltr'>aliis</span> <span class='ocrx_word' id='word_1_68' title='bbox 616 1020 756 1057; x_wconf 81' lang='lat' dir='ltr'>differt.</span> 
     </span>
     <span class='ocr_line' id='line_1_21' title="bbox 117 1067 758 1115; baseline -0.005 -8"><span class='ocrx_word' id='word_1_69' title='bbox 117 1075 140 1115; x_wconf 92' lang='grc'>4</span> <span class='ocrx_word' id='word_1_70' title='bbox 159 1070 248 1107; x_wconf 89' lang='lat' dir='ltr'>Tria</span> <span class='ocrx_word' id='word_1_71' title='bbox 268 1080 409 1115; x_wconf 84' lang='lat' dir='ltr'>magna</span> <span class='ocrx_word' id='word_1_72' title='bbox 438 1068 479 1103; x_wconf 90' lang='lat' dir='ltr'>in</span> <span class='ocrx_word' id='word_1_73' title='bbox 512 1067 574 1104; x_wconf 89' lang='lat' dir='ltr'>die</span> <span class='ocrx_word' id='word_1_74' title='bbox 594 1067 758 1114; x_wconf 89' lang='lat' dir='ltr'>Epipha-</span> 
     </span>
     <span class='ocr_line' id='line_1_22' title="bbox 137 1117 343 1155; baseline -0.015 0"><span class='ocrx_word' id='word_1_75' title='bbox 137 1117 213 1155; x_wconf 86' lang='lat' dir='ltr'>niae</span> <span class='ocrx_word' id='word_1_76' title='bbox 232 1118 343 1153; x_wconf 86' lang='lat' dir='ltr'>sacta.</span> 
     </span>
    </p>

    <p class='ocr_par' dir='ltr' id='par_1_12' title="bbox 114 1164 599 1209">
     <span class='ocr_line' id='line_1_23' title="bbox 114 1164 599 1209; baseline -0.008 -7"><span class='ocrx_word' id='word_1_77' title='bbox 114 1168 134 1202; x_wconf 89' lang='lat'>5</span> <span class='ocrx_word' id='word_1_78' title='bbox 152 1166 207 1202; x_wconf 93' lang='lat' dir='ltr'>De</span> <span class='ocrx_word' id='word_1_79' title='bbox 226 1164 364 1201; x_wconf 89' lang='lat' dir='ltr'>itinere</span> <span class='ocrx_word' id='word_1_80' title='bbox 388 1164 599 1209; x_wconf 83' lang='lat' dir='ltr'>Magorum.</span> 
     </span>
    </p>

    <p class='ocr_par' dir='ltr' id='par_1_13' title="bbox 112 1211 760 1307">
     <span class='ocr_line' id='line_1_24' title="bbox 112 1211 760 1259; baseline -0.005 -10"><span class='ocrx_word' id='word_1_81' title='bbox 112 1215 135 1249; x_wconf 89' lang='grc'>6</span> <span class='ocrx_word' id='word_1_82' title='bbox 156 1211 361 1259; x_wconf 91' lang='lat' dir='ltr'>Disparitio</span> <span class='ocrx_word' id='word_1_83' title='bbox 425 1211 544 1247; x_wconf 84' lang='lat' dir='ltr'>stellae</span> <span class='ocrx_word' id='word_1_84' title='bbox 602 1213 760 1257; x_wconf 88' lang='lat' dir='ltr'>propter</span> 
     </span>
     <span class='ocr_line' id='line_1_25' title="bbox 136 1258 500 1307; baseline -0.011 -10"><span class='ocrx_word' id='word_1_85' title='bbox 136 1262 302 1307; x_wconf 79' lang='lat' dir='ltr'>quatuor</span> <span class='ocrx_word' id='word_1_86' title='bbox 317 1258 500 1295; x_wconf 82' lang='lat' dir='ltr'>rationes.</span> 
     </span>
    </p>

    <p class='ocr_par' dir='ltr' id='par_1_14' title="bbox 114 1303 759 1392">
     <span class='ocr_line' id='line_1_26' title="bbox 114 1303 759 1354; baseline -0.006 -10"><span class='ocrx_word' id='word_1_87' title='bbox 114 1322 134 1354; x_wconf 92' lang='lat'>7</span> <span class='ocrx_word' id='word_1_88' title='bbox 157 1307 318 1344; x_wconf 91' lang='lat' dir='ltr'>Herodis</span> <span class='ocrx_word' id='word_1_89' title='bbox 350 1306 479 1350; x_wconf 90' lang='lat' dir='ltr'>timor,</span> <span class='ocrx_word' id='word_1_90' title='bbox 513 1308 552 1341; x_wconf 90' lang='lat' dir='ltr'>et</span> <span class='ocrx_word' id='word_1_91' title='bbox 590 1303 759 1342; x_wconf 84' lang='lat' dir='ltr'>turbatio</span> 
     </span>
     <span class='ocr_line' id='line_1_27' title="bbox 136 1355 362 1392; baseline -0.009 0"><span class='ocrx_word' id='word_1_92' title='bbox 136 1355 362 1392; x_wconf 87' lang='lat' dir='ltr'>Jerusalem.</span> 
     </span>
    </p>

    <p class='ocr_par' dir='ltr' id='par_1_15' title="bbox 119 1399 555 1439">
     <span class='ocr_line' id='line_1_28' title="bbox 119 1399 555 1439; baseline -0.002 0"><span class='ocrx_word' id='word_1_93' title='bbox 119 1404 141 1439; x_wconf 87' lang='lat'>8</span> <span class='ocrx_word' id='word_1_94' title='bbox 160 1401 359 1439; x_wconf 85' lang='lat' dir='ltr'>Simulatio</span> <span class='ocrx_word' id='word_1_95' title='bbox 382 1399 555 1438; x_wconf 88' lang='lat' dir='ltr'>Herodis.</span> 
     </span>
    </p>

    <p class='ocr_par' dir='ltr' id='par_1_16' title="bbox 116 1448 550 1499">
     <span class='ocr_line' id='line_1_29' title="bbox 116 1448 550 1499; baseline -0.005 -13"><span class='ocrx_word' id='word_1_96' title='bbox 116 1465 138 1499; x_wconf 86' lang='lat'><strong>9</strong></span> <span class='ocrx_word' id='word_1_97' title='bbox 158 1449 284 1486; x_wconf 85' lang='lat' dir='ltr'>Stellae</span> <span class='ocrx_word' id='word_1_98' title='bbox 302 1448 550 1496; x_wconf 84' lang='lat' dir='ltr'>reapparitio.</span> 
     </span>
    </p>

    <p class='ocr_par' dir='ltr' id='par_1_17' title="bbox 95 1496 617 1543">
     <span class='ocr_line' id='line_1_30' title="bbox 95 1496 617 1543; baseline -0.006 -8"><span class='ocrx_word' id='word_1_99' title='bbox 95 1511 138 1535; x_wconf 90' lang='grc' dir='ltr'>ιο</span> <span class='ocrx_word' id='word_1_100' title='bbox 161 1497 260 1543; x_wconf 85' lang='lat' dir='ltr'>Magi</span> <span class='ocrx_word' id='word_1_101' title='bbox 281 1497 436 1533; x_wconf 91' lang='lat' dir='ltr'>domum</span> <span class='ocrx_word' id='word_1_102' title='bbox 459 1496 617 1532; x_wconf 85' lang='lat' dir='ltr'>intrant.</span> 
     </span>
    </p>

    <p class='ocr_par' dir='ltr' id='par_1_18' title="bbox 97 1543 761 1629">
     <span class='ocr_line' id='line_1_31' title="bbox 97 1543 761 1591; baseline -0.005 -8"><span class='ocrx_word' id='word_1_103' title='bbox 97 1559 134 1583; x_wconf 86' lang='grc'>11</span> <span class='ocrx_word' id='word_1_104' title='bbox 157 1545 277 1589; x_wconf 91' lang='lat' dir='ltr'>Quam</span> <span class='ocrx_word' id='word_1_105' title='bbox 303 1544 500 1581; x_wconf 88' lang='lat' dir='ltr'>meritoria</span> <span class='ocrx_word' id='word_1_106' title='bbox 532 1543 603 1581; x_wconf 86' lang='lat' dir='ltr'>fuit</span> <span class='ocrx_word' id='word_1_107' title='bbox 635 1543 761 1591; x_wconf 88' lang='lat' dir='ltr'>Mago·</span> 
     </span>
     <span class='ocr_line' id='line_1_32' title="bbox 137 1591 425 1629; baseline 0 -1"><span class='ocrx_word' id='word_1_108' title='bbox 137 1602 224 1629; x_wconf 87' lang='lat' dir='ltr'>rum</span> <span class='ocrx_word' id='word_1_109' title='bbox 239 1591 425 1628; x_wconf 86' lang='lat' dir='ltr'>adoratio.</span> 
     </span>
    </p>

    <p class='ocr_par' dir='ltr' id='par_1_19' title="bbox 95 1638 624 1683">
     <span class='ocr_line' id='line_1_33' title="bbox 95 1638 624 1683; baseline -0.004 -6"><span class='ocrx_word' id='word_1_110' title='bbox 95 1652 136 1677; x_wconf 82' lang='lat'>12</span> <span class='ocrx_word' id='word_1_111' title='bbox 157 1640 247 1683; x_wconf 86' lang='lat' dir='ltr'>Quae</span> <span class='ocrx_word' id='word_1_112' title='bbox 268 1650 426 1676; x_wconf 82' lang='lat' dir='ltr'>munera</span> <span class='ocrx_word' id='word_1_113' title='bbox 445 1638 624 1676; x_wconf 84' lang='lat' dir='ltr'>offerunt.</span> 
     </span>
    </p>

    <p class='ocr_par' dir='ltr' id='par_1_20' title="bbox 95 1684 759 1732">
     <span class='ocr_line' id='line_1_34' title="bbox 95 1684 759 1732; baseline -0.003 -8"><span class='ocrx_word' id='word_1_114' title='bbox 95 1689 137 1724; x_wconf 82' lang='lat'>15</span> <span class='ocrx_word' id='word_1_115' title='bbox 156 1687 363 1732; x_wconf 84' lang='lat' dir='ltr'>Moraliter‚</span> <span class='ocrx_word' id='word_1_116' title='bbox 403 1685 478 1723; x_wconf 88' lang='lat' dir='ltr'>tria</span> <span class='ocrx_word' id='word_1_117' title='bbox 520 1695 682 1724; x_wconf 90' lang='lat' dir='ltr'>munera</span> <span class='ocrx_word' id='word_1_118' title='bbox 716 1684 759 1722; x_wconf 89' lang='lat' dir='ltr'>in</span> 
     </span>
    </p>
   </div>
   <div class='ocr_carea' id='block_1_6' title="bbox 958 782 1626 1732">
    <p class='ocr_par' dir='ltr' id='par_1_21' title="bbox 1004 782 1623 868">
     <span class='ocr_line' id='line_1_35' title="bbox 1005 782 1623 832; baseline 0.008 -12"><span class='ocrx_word' id='word_1_119' title='bbox 1005 782 1117 821; x_wconf 87' lang='lat' dir='ltr'>nobis</span> <span class='ocrx_word' id='word_1_120' title='bbox 1136 785 1214 821; x_wconf 89' lang='lat' dir='ltr'>Deo</span> <span class='ocrx_word' id='word_1_121' title='bbox 1234 787 1343 831; x_wconf 91' lang='lat' dir='ltr'>grata</span> <span class='ocrx_word' id='word_1_122' title='bbox 1365 783 1513 832; x_wconf 77' lang='lat' dir='ltr'>ipsique</span> <span class='ocrx_word' id='word_1_123' title='bbox 1534 787 1623 825; x_wconf 83' lang='lat' dir='ltr'>offe-</span> 
     </span>
     <span class='ocr_line' id='line_1_36' title="bbox 1004 832 1136 868; baseline 0 -1"><span class='ocrx_word' id='word_1_124' title='bbox 1004 832 1136 868; x_wconf 88' lang='lat' dir='ltr'>renda.</span> 
     </span>
    </p>

    <p class='ocr_par' dir='ltr' id='par_1_22' title="bbox 960 879 1623 973">
     <span class='ocr_line' id='line_1_37' title="bbox 960 879 1623 926; baseline 0.005 -10"><span class='ocrx_word' id='word_1_125' title='bbox 960 883 1001 924; x_wconf 84' lang='grc'>14</span> <span class='ocrx_word' id='word_1_126' title='bbox 1026 879 1121 925; x_wconf 84' lang='lat' dir='ltr'>Magi</span> <span class='ocrx_word' id='word_1_127' title='bbox 1143 890 1350 926; x_wconf 83' lang='lat' dir='ltr'>eorumque</span> <span class='ocrx_word' id='word_1_128' title='bbox 1384 891 1544 918; x_wconf 84' lang='lat' dir='ltr'>munera</span> <span class='ocrx_word' id='word_1_129' title='bbox 1582 881 1623 920; x_wconf 89' lang='lat' dir='ltr'>in</span> 
     </span>
     <span class='ocr_line' id='line_1_38' title="bbox 1003 928 1312 973; baseline 0 -11"><span class='ocrx_word' id='word_1_130' title='bbox 1003 937 1118 963; x_wconf 89' lang='lat' dir='ltr'>sensu</span> <span class='ocrx_word' id='word_1_131' title='bbox 1142 928 1312 973; x_wconf 86' lang='lat' dir='ltr'>mystico.</span> 
     </span>
    </p>

    <p class='ocr_par' dir='ltr' id='par_1_23' title="bbox 961 974 1624 1057">
     <span class='ocr_line' id='line_1_39' title="bbox 961 974 1624 1023; baseline 0.011 -14"><span class='ocrx_word' id='word_1_132' title='bbox 961 977 1000 1009; x_wconf 85' lang='lat'>15</span> <span class='ocrx_word' id='word_1_133' title='bbox 1022 974 1186 1019; x_wconf 75' lang='lat' dir='ltr'>Mystice,</span> <span class='ocrx_word' id='word_1_134' title='bbox 1221 974 1310 1021; x_wconf 87' lang='lat' dir='ltr'>quid</span> <span class='ocrx_word' id='word_1_135' title='bbox 1349 974 1396 1010; x_wconf 88' lang='lat' dir='ltr'>sit</span> <span class='ocrx_word' id='word_1_136' title='bbox 1427 977 1624 1023; x_wconf 80' lang='lat' dir='ltr'>Magorum</span> 
     </span>
     <span class='ocr_line' id='line_1_40' title="bbox 1005 1021 1147 1057; baseline 0.007 -1"><span class='ocrx_word' id='word_1_137' title='bbox 1005 1021 1115 1057; x_wconf 86' lang='lat' dir='ltr'>stella</span> <span class='ocrx_word' id='word_1_138' title='bbox 1130 1023 1147 1057; x_wconf 79' lang='lat'>⁶?</span> 
     </span>
    </p>

    <p class='ocr_par' dir='ltr' id='par_1_24' title="bbox 961 1068 1392 1115">
     <span class='ocr_line' id='line_1_41' title="bbox 961 1068 1392 1115; baseline 0.005 -12"><span class='ocrx_word' id='word_1_139' title='bbox 961 1071 1000 1104; x_wconf 85' lang='lat' dir='ltr'>1ss</span> <span class='ocrx_word' id='word_1_140' title='bbox 1019 1068 1165 1114; x_wconf 77' lang='lat' dir='ltr'>Figurae</span> <span class='ocrx_word' id='word_1_141' title='bbox 1184 1070 1392 1115; x_wconf 83' lang='lat' dir='ltr'>Magorum.</span> 
     </span>
    </p>

    <p class='ocr_par' dir='ltr' id='par_1_25' title="bbox 961 1117 1421 1162">
     <span class='ocr_line' id='line_1_42' title="bbox 961 1117 1421 1162; baseline 0.004 -12"><span class='ocrx_word' id='word_1_142' title='bbox 961 1131 1000 1162; x_wconf 83' lang='lat'>17</span> <span class='ocrx_word' id='word_1_143' title='bbox 1022 1117 1217 1161; x_wconf 85' lang='lat' dir='ltr'>Magorum</span> <span class='ocrx_word' id='word_1_144' title='bbox 1241 1117 1421 1153; x_wconf 83' lang='lat' dir='ltr'>reversio.</span> 
     </span>
    </p>

    <p class='ocr_par' dir='ltr' id='par_1_26' title="bbox 961 1163 1623 1294">
     <span class='ocr_line' id='line_1_43' title="bbox 961 1163 1623 1206; baseline 0.008 -6"><span class='ocrx_word' id='word_1_145' title='bbox 961 1166 1002 1200; x_wconf 85' lang='lat'>18</span> <span class='ocrx_word' id='word_1_146' title='bbox 1021 1163 1115 1199; x_wconf 60' lang='lat' dir='ltr'>vit-„e</span> <span class='ocrx_word' id='word_1_147' title='bbox 1171 1165 1363 1200; x_wconf 63' lang='lat' dir='ltr'>mutandae</span> <span class='ocrx_word' id='word_1_148' title='bbox 1434 1165 1623 1206; x_wconf 77' lang='lat' dir='ltr'>rationem</span> 
     </span>
     <span class='ocr_line' id='line_1_44' title="bbox 1004 1210 1622 1259; baseline 0.011 -13"><span class='ocrx_word' id='word_1_149' title='bbox 1004 1210 1180 1255; x_wconf 88' lang='lat' dir='ltr'>innuunt,</span> <span class='ocrx_word' id='word_1_150' title='bbox 1207 1223 1276 1259; x_wconf 87' lang='lat' dir='ltr'>per</span> <span class='ocrx_word' id='word_1_151' title='bbox 1301 1212 1414 1248; x_wconf 87' lang='lat' dir='ltr'>aliam</span> <span class='ocrx_word' id='word_1_152' title='bbox 1437 1213 1535 1250; x_wconf 86' lang='lat' dir='ltr'>viam</span> <span class='ocrx_word' id='word_1_153' title='bbox 1562 1227 1622 1253; x_wconf 87' lang='lat' dir='ltr'>re-</span> 
     </span>
     <span class='ocr_line' id='line_1_45' title="bbox 1004 1258 1201 1294; baseline 0.005 -1"><span class='ocrx_word' id='word_1_154' title='bbox 1004 1258 1201 1294; x_wconf 82' lang='lat' dir='ltr'>vertendo.</span> 
     </span>
    </p>

    <p class='ocr_par' dir='ltr' id='par_1_27' title="bbox 960 1305 1626 1436">
     <span class='ocr_line' id='line_1_46' title="bbox 960 1305 1618 1353; baseline 0.009 -12"><span class='ocrx_word' id='word_1_155' title='bbox 960 1321 1001 1353; x_wconf 87' lang='lat'>19</span> <span class='ocrx_word' id='word_1_156' title='bbox 1023 1307 1163 1341; x_wconf 89' lang='lat' dir='ltr'>Aurum</span> <span class='ocrx_word' id='word_1_157' title='bbox 1179 1305 1308 1342; x_wconf 67' lang='lat' dir='ltr'>Marica</span> <span class='ocrx_word' id='word_1_158' title='bbox 1326 1307 1455 1342; x_wconf 81' lang='lat' dir='ltr'>datum</span> <span class='ocrx_word' id='word_1_159' title='bbox 1472 1310 1618 1353; x_wconf 75' lang='lat' dir='ltr'>egenti-</span> 
     </span>
     <span class='ocr_line' id='line_1_47' title="bbox 1003 1353 1626 1406; baseline 0.008 -17"><span class='ocrx_word' id='word_1_160' title='bbox 1003 1353 1088 1406; x_wconf 74' lang='lat' dir='ltr'>buS‚</span> <span class='ocrx_word' id='word_1_161' title='bbox 1108 1353 1207 1390; x_wconf 91' lang='lat' dir='ltr'>unde</span> <span class='ocrx_word' id='word_1_162' title='bbox 1233 1354 1466 1400; x_wconf 75' lang='lat' dir='ltr'>paupertatis</span> <span class='ocrx_word' id='word_1_163' title='bbox 1486 1367 1626 1403; x_wconf 82' lang='lat' dir='ltr'>praeco-</span> 
     </span>
     <span class='ocr_line' id='line_1_48' title="bbox 1003 1411 1123 1436; baseline 0.008 -1"><span class='ocrx_word' id='word_1_164' title='bbox 1003 1411 1123 1436; x_wconf 84' lang='lat' dir='ltr'>nium.</span> 
     </span>
    </p>

    <p class='ocr_par' dir='ltr' id='par_1_28' title="bbox 958 1447 1624 1542">
     <span class='ocr_line' id='line_1_49' title="bbox 958 1447 1624 1501; baseline 0.008 -17"><span class='ocrx_word' id='word_1_165' title='bbox 958 1461 1001 1484; x_wconf 86' lang='lat'>20</span> <span class='ocrx_word' id='word_1_166' title='bbox 1021 1447 1088 1484; x_wconf 89' lang='lat' dir='ltr'>Pia</span> <span class='ocrx_word' id='word_1_167' title='bbox 1109 1448 1375 1501; x_wconf 80' lang='lat' dir='ltr'>contemplatio</span> <span class='ocrx_word' id='word_1_168' title='bbox 1418 1450 1546 1488; x_wconf 79' lang='lat' dir='ltr'>Mariae</span> <span class='ocrx_word' id='word_1_169' title='bbox 1585 1451 1624 1490; x_wconf 88' lang='lat' dir='ltr'>in</span> 
     </span>
     <span class='ocr_line' id='line_1_50' title="bbox 1004 1505 1204 1542; baseline 0 -12"><span class='ocrx_word' id='word_1_170' title='bbox 1004 1505 1204 1542; x_wconf 84' lang='lat' dir='ltr'>praesepio.</span> 
     </span>
    </p>

    <p class='ocr_par' dir='ltr' id='par_1_29' title="bbox 959 1542 1626 1636">
     <span class='ocr_line' id='line_1_51' title="bbox 959 1542 1626 1591; baseline 0.009 -13"><span class='ocrx_word' id='word_1_171' title='bbox 959 1556 998 1579; x_wconf 90' lang='lat'>21</span> <span class='ocrx_word' id='word_1_172' title='bbox 1028 1542 1286 1580; x_wconf 77' lang='lat' dir='ltr'>solemnitatis</span> <span class='ocrx_word' id='word_1_173' title='bbox 1315 1544 1536 1591; x_wconf 83' lang='lat' dir='ltr'>Epiphaniae</span> <span class='ocrx_word' id='word_1_174' title='bbox 1549 1557 1626 1584; x_wconf 87' lang='lat' dir='ltr'>ma·</span> 
     </span>
     <span class='ocr_line' id='line_1_52' title="bbox 1005 1589 1176 1636; baseline 0.012 -12"><span class='ocrx_word' id='word_1_175' title='bbox 1005 1589 1176 1636; x_wconf 85' lang='lat' dir='ltr'>gnitudo.</span> 
     </span>
    </p>

    <p class='ocr_par' dir='ltr' id='par_1_30' title="bbox 959 1636 1623 1732">
     <span class='ocr_line' id='line_1_53' title="bbox 959 1636 1623 1680; baseline 0.012 -8"><span class='ocrx_word' id='word_1_176' title='bbox 959 1650 1000 1673; x_wconf 87' lang='lat'>22</span> <span class='ocrx_word' id='word_1_177' title='bbox 1021 1636 1202 1673; x_wconf 83' lang='lat' dir='ltr'>Miracula</span> <span class='ocrx_word' id='word_1_178' title='bbox 1242 1637 1282 1674; x_wconf 89' lang='lat' dir='ltr'>in</span> <span class='ocrx_word' id='word_1_179' title='bbox 1317 1640 1512 1677; x_wconf 82' lang='lat' dir='ltr'>nativitate</span> <span class='ocrx_word' id='word_1_180' title='bbox 1549 1643 1623 1680; x_wconf 92' lang='lat' dir='ltr'>Do-</span> 
     </span>
     <span class='ocr_line' id='line_1_54' title="bbox 1004 1684 1277 1732; baseline 0.007 -12"><span class='ocrx_word' id='word_1_181' title='bbox 1004 1684 1097 1720; x_wconf 91' lang='lat' dir='ltr'>mini</span> <span class='ocrx_word' id='word_1_182' title='bbox 1114 1688 1277 1732; x_wconf 84' lang='lat' dir='ltr'>patrata.</span> 
     </span>
    </p>
   </div>
   <div class='ocr_carea' id='block_1_7' title="bbox 346 1856 1487 1904">
    <p class='ocr_par' dir='ltr' id='par_1_31' title="bbox 346 1856 1487 1904">
     <span class='ocr_line' id='line_1_55' title="bbox 346 1856 1487 1904; baseline 0 -10"><span class='ocrx_word' id='word_1_183' title='bbox 346 1856 499 1894; x_wconf 86' lang='lat' dir='ltr'>CAPUT</span> <span class='ocrx_word' id='word_1_184' title='bbox 517 1856 597 1894; x_wconf 92' lang='lat' dir='ltr'>XII.</span> <span class='ocrx_word' id='word_1_185' title='bbox 620 1875 663 1883; x_wconf 92' lang='lat'>—-</span> <span class='ocrx_word' id='word_1_186' title='bbox 684 1857 736 1892; x_wconf 86' lang='lat' dir='ltr'>De</span> <span class='ocrx_word' id='word_1_187' title='bbox 756 1856 1041 1893; x_wconf 80' lang='lat' dir='ltr'>Praesentatione</span> <span class='ocrx_word' id='word_1_188' title='bbox 1055 1857 1204 1893; x_wconf 81' lang='lat' dir='ltr'>Domini</span> <span class='ocrx_word' id='word_1_189' title='bbox 1220 1857 1260 1893; x_wconf 88' lang='lat' dir='ltr'>in</span> <span class='ocrx_word' id='word_1_190' title='bbox 1287 1858 1487 1904; x_wconf 80' lang='lat' dir='ltr'>Templum.</span> 
     </span>
    </p>
   </div>
   <div class='ocr_carea' id='block_1_8' title="bbox 116 1978 766 2596">
    <p class='ocr_par' dir='ltr' id='par_1_32' title="bbox 122 1978 764 2027">
     <span class='ocr_line' id='line_1_56' title="bbox 122 1978 764 2027; baseline -0.009 -7"><span class='ocrx_word' id='word_1_191' title='bbox 122 1998 135 2020; x_wconf 85' lang='lat'>1</span> <span class='ocrx_word' id='word_1_192' title='bbox 155 1981 297 2027; x_wconf 86' lang='lat' dir='ltr'>Joseph</span> <span class='ocrx_word' id='word_1_193' title='bbox 318 1982 355 2016; x_wconf 89' lang='lat' dir='ltr'>et</span> <span class='ocrx_word' id='word_1_194' title='bbox 370 1979 489 2016; x_wconf 82' lang='lat' dir='ltr'>Maria</span> <span class='ocrx_word' id='word_1_195' title='bbox 501 1978 764 2025; x_wconf 84' lang='lat' dir='ltr'>relinquentes</span> 
     </span>
    </p>

    <p class='ocr_par' dir='ltr' id='par_1_33' title="bbox 141 2026 763 2114">
     <span class='ocr_line' id='line_1_57' title="bbox 141 2026 763 2073; baseline -0.008 -6"><span class='ocrx_word' id='word_1_196' title='bbox 141 2029 362 2067; x_wconf 87' lang='lat' dir='ltr'>Bethlehem</span> <span class='ocrx_word' id='word_1_197' title='bbox 397 2026 607 2064; x_wconf 87' lang='lat' dir='ltr'>Jerusalem</span> <span class='ocrx_word' id='word_1_198' title='bbox 644 2026 763 2073; x_wconf 86' lang='lat' dir='ltr'>profi-</span> 
     </span>
     <span class='ocr_line' id='line_1_58' title="bbox 143 2076 352 2114; baseline -0.014 0"><span class='ocrx_word' id='word_1_199' title='bbox 143 2076 352 2114; x_wconf 87' lang='lat' dir='ltr'>ciscuntur.</span> 
     </span>
    </p>

    <p class='ocr_par' dir='ltr' id='par_1_34' title="bbox 120 2119 764 2265">
     <span class='ocr_line' id='line_1_59' title="bbox 120 2119 762 2170; baseline -0.011 -8"><span class='ocrx_word' id='word_1_200' title='bbox 120 2139 139 2162; x_wconf 91' lang='lat'>2</span> <span class='ocrx_word' id='word_1_201' title='bbox 161 2123 270 2170; x_wconf 91' lang='lat' dir='ltr'>Legis</span> <span class='ocrx_word' id='word_1_202' title='bbox 291 2124 482 2170; x_wconf 80' lang='lat' dir='ltr'>praecepta</span> <span class='ocrx_word' id='word_1_203' title='bbox 503 2120 603 2157; x_wconf 87' lang='lat' dir='ltr'>circa</span> <span class='ocrx_word' id='word_1_204' title='bbox 628 2119 762 2167; x_wconf 79' lang='lat' dir='ltr'>purifi-</span> 
     </span>
     <span class='ocr_line' id='line_1_60' title="bbox 142 2167 764 2214; baseline -0.01 -5"><span class='ocrx_word' id='word_1_205' title='bbox 142 2171 331 2209; x_wconf 89' lang='lat' dir='ltr'>cationem</span> <span class='ocrx_word' id='word_1_206' title='bbox 370 2169 571 2205; x_wconf 89' lang='lat' dir='ltr'>mulierum</span> <span class='ocrx_word' id='word_1_207' title='bbox 611 2172 650 2204; x_wconf 91' lang='lat' dir='ltr'>et</span> <span class='ocrx_word' id='word_1_208' title='bbox 683 2167 764 2214; x_wconf 89' lang='lat' dir='ltr'>pri-</span> 
     </span>
     <span class='ocr_line' id='line_1_61' title="bbox 142 2216 692 2265; baseline -0.011 -9"><span class='ocrx_word' id='word_1_209' title='bbox 142 2218 422 2265; x_wconf 86' lang='lat' dir='ltr'>mogenitorum</span> <span class='ocrx_word' id='word_1_210' title='bbox 445 2216 692 2253; x_wconf 82' lang='lat' dir='ltr'>oblationem.</span> 
     </span>
    </p>

    <p class='ocr_par' dir='ltr' id='par_1_35' title="bbox 116 2264 766 2399">
     <span class='ocr_line' id='line_1_62' title="bbox 116 2264 765 2312; baseline -0.009 -8"><span class='ocrx_word' id='word_1_211' title='bbox 116 2270 138 2305; x_wconf 80' lang='lat'>5</span> <span class='ocrx_word' id='word_1_212' title='bbox 159 2267 332 2312; x_wconf 86' lang='lat' dir='ltr'>Quinque</span> <span class='ocrx_word' id='word_1_213' title='bbox 391 2264 558 2301; x_wconf 83' lang='lat' dir='ltr'>rationes</span> <span class='ocrx_word' id='word_1_214' title='bbox 608 2265 765 2310; x_wconf 81' lang='lat' dir='ltr'>propter</span> 
     </span>
     <span class='ocr_line' id='line_1_63' title="bbox 141 2312 766 2362; baseline -0.008 -11"><span class='ocrx_word' id='word_1_215' title='bbox 141 2325 237 2362; x_wconf 86' lang='lat' dir='ltr'>quas</span> <span class='ocrx_word' id='word_1_216' title='bbox 256 2314 427 2350; x_wconf 86' lang='lat' dir='ltr'>Christus</span> <span class='ocrx_word' id='word_1_217' title='bbox 444 2312 481 2348; x_wconf 89' lang='lat' dir='ltr'>in</span> <span class='ocrx_word' id='word_1_218' title='bbox 501 2312 654 2358; x_wconf 89' lang='lat' dir='ltr'>Templo</span> <span class='ocrx_word' id='word_1_219' title='bbox 671 2321 766 2358; x_wconf 83' lang='lat' dir='ltr'>prae-</span> 
     </span>
     <span class='ocr_line' id='line_1_64' title="bbox 142 2359 479 2399; baseline -0.015 0"><span class='ocrx_word' id='word_1_220' title='bbox 142 2361 285 2399; x_wconf 89' lang='lat' dir='ltr'>sentari</span> <span class='ocrx_word' id='word_1_221' title='bbox 309 2359 479 2397; x_wconf 81' lang='lat' dir='ltr'>voluerit.</span> 
     </span>
    </p>

    <p class='ocr_par' dir='ltr' id='par_1_36' title="bbox 119 2405 764 2541">
     <span class='ocr_line' id='line_1_65' title="bbox 119 2405 764 2454; baseline -0.008 -8"><span class='ocrx_word' id='word_1_222' title='bbox 119 2413 142 2454; x_wconf 95' lang='grc'>4</span> <span class='ocrx_word' id='word_1_223' title='bbox 158 2410 266 2452; x_wconf 90' lang='lat' dir='ltr'>Item,</span> <span class='ocrx_word' id='word_1_224' title='bbox 297 2408 464 2454; x_wconf 80' lang='lat' dir='ltr'>quinque</span> <span class='ocrx_word' id='word_1_225' title='bbox 484 2405 653 2442; x_wconf 85' lang='lat' dir='ltr'>rationes</span> <span class='ocrx_word' id='word_1_226' title='bbox 672 2416 764 2451; x_wconf 87' lang='lat' dir='ltr'>pro-</span> 
     </span>
     <span class='ocr_line' id='line_1_66' title="bbox 142 2452 764 2504; baseline -0.005 -12"><span class='ocrx_word' id='word_1_227' title='bbox 142 2460 227 2504; x_wconf 89' lang='lat' dir='ltr'>pter</span> <span class='ocrx_word' id='word_1_228' title='bbox 249 2466 342 2502; x_wconf 92' lang='lat' dir='ltr'>quas</span> <span class='ocrx_word' id='word_1_229' title='bbox 368 2454 486 2491; x_wconf 81' lang='lat' dir='ltr'>Maria</span> <span class='ocrx_word' id='word_1_230' title='bbox 506 2452 764 2501; x_wconf 82' lang='lat' dir='ltr'>purificationi</span> 
     </span>
     <span class='ocr_line' id='line_1_67' title="bbox 143 2502 450 2541; baseline -0.013 0"><span class='ocrx_word' id='word_1_231' title='bbox 143 2503 253 2541; x_wconf 85' lang='lat' dir='ltr'>subdi</span> <span class='ocrx_word' id='word_1_232' title='bbox 278 2502 450 2539; x_wconf 84' lang='lat' dir='ltr'>voluerit.</span> 
     </span>
    </p>

    <p class='ocr_par' dir='ltr' id='par_1_37' title="bbox 121 2548 639 2596">
     <span class='ocr_line' id='line_1_68' title="bbox 121 2548 639 2596; baseline -0.008 -8"><span class='ocrx_word' id='word_1_233' title='bbox 121 2555 140 2588; x_wconf 90' lang='lat'>5</span> <span class='ocrx_word' id='word_1_234' title='bbox 163 2551 281 2596; x_wconf 88' lang='lat' dir='ltr'>Hujus</span> <span class='ocrx_word' id='word_1_235' title='bbox 302 2548 468 2596; x_wconf 83' lang='lat' dir='ltr'>mysterii</span> <span class='ocrx_word' id='word_1_236' title='bbox 491 2549 639 2595; x_wconf 81' lang='lat' dir='ltr'>figurae.</span> 
     </span>
    </p>
   </div>
   <div class='ocr_carea' id='block_1_9' title="bbox 125 2594 767 2642">
    <p class='ocr_par' dir='ltr' id='par_1_38' title="bbox 125 2594 767 2642">
     <span class='ocr_line' id='line_1_69' title="bbox 125 2594 767 2642; baseline -0.006 -7"><span class='ocrx_word' id='word_1_237' title='bbox 125 2602 147 2636; x_wconf 84' lang='lat'>6</span> <span class='ocrx_word' id='word_1_238' title='bbox 167 2598 264 2642; x_wconf 89' lang='lat' dir='ltr'>Quid</span> <span class='ocrx_word' id='word_1_239' title='bbox 293 2608 364 2634; x_wconf 91' lang='lat' dir='ltr'>nos</span> <span class='ocrx_word' id='word_1_240' title='bbox 398 2596 569 2633; x_wconf 89' lang='lat' dir='ltr'>Christus</span> <span class='ocrx_word' id='word_1_241' title='bbox 597 2595 660 2632; x_wconf 82' lang='lat' dir='ltr'>hic</span> <span class='ocrx_word' id='word_1_242' title='bbox 697 2594 767 2632; x_wconf 90' lang='lat' dir='ltr'>do-</span> 
     </span>
    </p>
   </div>
   <div class='ocr_carea' id='block_1_10' title="bbox 119 2645 766 2833">
    <p class='ocr_par' dir='ltr' id='par_1_39' title="bbox 119 2645 766 2833">
     <span class='ocr_line' id='line_1_70' title="bbox 119 2645 766 2740; baseline -0.008 -9"><span class='ocrx_word' id='word_1_243' title='bbox 119 2645 427 2740; x_wconf 38' lang='lat' dir='ltr'>fffiizurtures</span> <span class='ocrx_word' id='word_1_244' title='bbox 454 2693 518 2727; x_wconf 86' lang='lat' dir='ltr'>aut</span> <span class='ocrx_word' id='word_1_245' title='bbox 539 2689 663 2737; x_wconf 91' lang='lat' dir='ltr'>pullos</span> <span class='ocrx_word' id='word_1_246' title='bbox 699 2700 766 2727; x_wconf 89' lang='lat' dir='ltr'>co-</span> 
     </span>
     <span class='ocr_line' id='line_1_71' title="bbox 144 2739 569 2777; baseline -0.007 0"><span class='ocrx_word' id='word_1_247' title='bbox 144 2740 359 2777; x_wconf 89' lang='lat' dir='ltr'>lumbarum</span> <span class='ocrx_word' id='word_1_248' title='bbox 374 2740 539 2775; x_wconf 79' lang='lat' dir='ltr'>offerunt</span> <span class='ocrx_word' id='word_1_249' title='bbox 552 2739 569 2774; x_wconf 66' lang='lat' dir='ltr'>‘i</span> 
     </span>
     <span class='ocr_line' id='line_1_72' title="bbox 124 2786 559 2833; baseline -0.005 -9"><span class='ocrx_word' id='word_1_250' title='bbox 124 2790 145 2824; x_wconf 89' lang='lat'>8</span> <span class='ocrx_word' id='word_1_251' title='bbox 166 2786 353 2826; x_wconf 88' lang='lat' dir='ltr'>Simeonis</span> <span class='ocrx_word' id='word_1_252' title='bbox 378 2786 559 2833; x_wconf 86' lang='lat' dir='ltr'>elogium.</span> 
     </span>
    </p>
   </div>
   <div class='ocr_carea' id='block_1_11' title="bbox 821 2657 886 2681">
    <p class='ocr_par' dir='ltr' id='par_1_40' title="bbox 821 2657 886 2681">
     <span class='ocr_line' id='line_1_73' title="bbox 821 2657 886 2681; baseline 0 0"><span class='ocrx_word' id='word_1_253' title='bbox 821 2657 886 2681; x_wconf 86' lang='lat'>100</span> 
     </span>
    </p>
   </div>
   <div class='ocr_carea' id='block_1_12' title="bbox 822 2753 887 2825">
    <p class='ocr_par' dir='ltr' id='par_1_41' title="bbox 822 2753 887 2825">
     <span class='ocr_line' id='line_1_74' title="bbox 822 2753 887 2776; baseline 0 0"><span class='ocrx_word' id='word_1_254' title='bbox 822 2753 887 2776; x_wconf 92' lang='grc'>100</span> 
     </span>
     <span class='ocr_line' id='line_1_75' title="bbox 824 2801 885 2825; baseline 0.016 -1"><span class='ocrx_word' id='word_1_255' title='bbox 824 2801 885 2825; x_wconf 89' lang='grc'>101</span> 
     </span>
    </p>
   </div>
   <div class='ocr_carea' id='block_1_13' title="bbox 959 1979 1627 2835">
    <p class='ocr_par' dir='ltr' id='par_1_42' title="bbox 981 1979 1627 2064">
     <span class='ocr_line' id='line_1_76' title="bbox 981 1979 1627 2032; baseline 0.011 -18"><span class='ocrx_word' id='word_1_256' title='bbox 981 1995 1001 2028; x_wconf 84' lang='lat'><strong>9</strong></span> <span class='ocrx_word' id='word_1_257' title='bbox 1022 1980 1110 2032; x_wconf 69' lang='lat' dir='ltr'>EJus</span> <span class='ocrx_word' id='word_1_258' title='bbox 1140 1979 1293 2017; x_wconf 83' lang='lat' dir='ltr'>videndi</span> <span class='ocrx_word' id='word_1_259' title='bbox 1323 1981 1461 2018; x_wconf 84' lang='lat' dir='ltr'>Christi</span> <span class='ocrx_word' id='word_1_260' title='bbox 1485 1983 1627 2021; x_wconf 85' lang='lat' dir='ltr'>deside-</span> 
     </span>
     <span class='ocr_line' id='line_1_77' title="bbox 1003 2037 1115 2064; baseline 0.018 -2"><span class='ocrx_word' id='word_1_261' title='bbox 1003 2037 1115 2064; x_wconf 88' lang='lat' dir='ltr'>rium.</span> 
     </span>
    </p>

    <p class='ocr_par' dir='ltr' id='par_1_43' title="bbox 959 2073 1627 2158">
     <span class='ocr_line' id='line_1_78' title="bbox 959 2073 1627 2126; baseline 0.007 -14"><span class='ocrx_word' id='word_1_262' title='bbox 959 2089 1000 2112; x_wconf 89' lang='lat' dir='ltr'>lo</span> <span class='ocrx_word' id='word_1_263' title='bbox 1022 2073 1215 2111; x_wconf 90' lang='lat' dir='ltr'>Christum</span> <span class='ocrx_word' id='word_1_264' title='bbox 1238 2074 1276 2111; x_wconf 94' lang='lat' dir='ltr'>in</span> <span class='ocrx_word' id='word_1_265' title='bbox 1302 2076 1411 2112; x_wconf 89' lang='lat' dir='ltr'>ulnas</span> <span class='ocrx_word' id='word_1_266' title='bbox 1435 2077 1627 2126; x_wconf 85' lang='lat' dir='ltr'>accipiens</span> 
     </span>
     <span class='ocr_line' id='line_1_79' title="bbox 1003 2122 1150 2158; baseline 0.007 -1"><span class='ocrx_word' id='word_1_267' title='bbox 1003 2122 1150 2158; x_wconf 88' lang='lat' dir='ltr'>adorat.</span> 
     </span>
    </p>

    <p class='ocr_par' dir='ltr' id='par_1_44' title="bbox 960 2168 1430 2208">
     <span class='ocr_line' id='line_1_80' title="bbox 960 2168 1430 2208; baseline 0.004 -2"><span class='ocrx_word' id='word_1_268' title='bbox 960 2183 995 2206; x_wconf 88' lang='lat'>11</span> <span class='ocrx_word' id='word_1_269' title='bbox 1022 2168 1209 2205; x_wconf 87' lang='lat' dir='ltr'>Simeonis</span> <span class='ocrx_word' id='word_1_270' title='bbox 1230 2170 1430 2208; x_wconf 78' lang='lat' dir='ltr'>canticum.</span> 
     </span>
    </p>

    <p class='ocr_par' dir='ltr' id='par_1_45' title="bbox 960 2218 1624 2348">
     <span class='ocr_line' id='line_1_81' title="bbox 960 2218 1624 2268; baseline 0.009 -16"><span class='ocrx_word' id='word_1_271' title='bbox 960 2230 999 2253; x_wconf 81' lang='lat'>12</span> <span class='ocrx_word' id='word_1_272' title='bbox 1022 2218 1165 2253; x_wconf 86' lang='lat' dir='ltr'>Tenere</span> <span class='ocrx_word' id='word_1_273' title='bbox 1198 2218 1387 2254; x_wconf 82' lang='lat' dir='ltr'>Christum</span> <span class='ocrx_word' id='word_1_274' title='bbox 1418 2223 1454 2255; x_wconf 74' lang='lat' dir='ltr'>ct</span> <span class='ocrx_word' id='word_1_275' title='bbox 1479 2221 1624 2268; x_wconf 85' lang='lat' dir='ltr'>ample-</span> 
     </span>
     <span class='ocr_line' id='line_1_82' title="bbox 1004 2263 1623 2317; baseline 0.01 -17"><span class='ocrx_word' id='word_1_276' title='bbox 1004 2263 1083 2300; x_wconf 83' lang='lat' dir='ltr'>xari</span> <span class='ocrx_word' id='word_1_277' title='bbox 1105 2264 1318 2317; x_wconf 82' lang='lat' dir='ltr'>volentibus</span> <span class='ocrx_word' id='word_1_278' title='bbox 1340 2277 1422 2312; x_wconf 75' lang='lat' dir='ltr'>quse</span> <span class='ocrx_word' id='word_1_279' title='bbox 1452 2267 1526 2304; x_wconf 88' lang='lat' dir='ltr'>sint</span> <span class='ocrx_word' id='word_1_280' title='bbox 1553 2281 1623 2306; x_wconf 89' lang='lat' dir='ltr'>ne-</span> 
     </span>
     <span class='ocr_line' id='line_1_83' title="bbox 1004 2322 1184 2348; baseline 0.006 -1"><span class='ocrx_word' id='word_1_281' title='bbox 1004 2322 1184 2348; x_wconf 84' lang='lat' dir='ltr'>cessaria.</span> 
     </span>
    </p>

    <p class='ocr_par' dir='ltr' id='par_1_46' title="bbox 961 2357 1622 2490">
     <span class='ocr_line' id='line_1_84' title="bbox 961 2357 1622 2399; baseline 0.006 -4"><span class='ocrx_word' id='word_1_282' title='bbox 961 2361 1001 2395; x_wconf 82' lang='grc'>15</span> <span class='ocrx_word' id='word_1_283' title='bbox 1023 2358 1193 2396; x_wconf 81' lang='lat' dir='ltr'>Christus</span> <span class='ocrx_word' id='word_1_284' title='bbox 1215 2357 1251 2394; x_wconf 92' lang='lat' dir='ltr'>in</span> <span class='ocrx_word' id='word_1_285' title='bbox 1267 2359 1412 2396; x_wconf 78' lang='lat' dir='ltr'>cantico</span> <span class='ocrx_word' id='word_1_286' title='bbox 1434 2361 1622 2399; x_wconf 85' lang='lat' dir='ltr'>Simeonis</span> 
     </span>
     <span class='ocr_line' id='line_1_85' title="bbox 1004 2407 1620 2455; baseline 0.006 -13"><span class='ocrx_word' id='word_1_287' title='bbox 1004 2410 1168 2452; x_wconf 82' lang='lat' dir='ltr'>quatuor</span> <span class='ocrx_word' id='word_1_288' title='bbox 1197 2407 1415 2444; x_wconf 84' lang='lat' dir='ltr'>nominibus</span> <span class='ocrx_word' id='word_1_289' title='bbox 1444 2409 1620 2455; x_wconf 79' lang='lat' dir='ltr'>magnili-</span> 
     </span>
     <span class='ocr_line' id='line_1_86' title="bbox 1004 2458 1123 2490; baseline 0 0"><span class='ocrx_word' id='word_1_290' title='bbox 1004 2458 1123 2490; x_wconf 84' lang='lat' dir='ltr'>catur.</span> 
     </span>
    </p>

    <p class='ocr_par' dir='ltr' id='par_1_47' title="bbox 961 2499 1460 2545">
     <span class='ocr_line' id='line_1_87' title="bbox 961 2499 1460 2545; baseline 0.002 -8"><span class='ocrx_word' id='word_1_291' title='bbox 961 2504 1001 2545; x_wconf 81' lang='grc'>14</span> <span class='ocrx_word' id='word_1_292' title='bbox 1021 2499 1210 2538; x_wconf 87' lang='lat' dir='ltr'>Simeonis</span> <span class='ocrx_word' id='word_1_293' title='bbox 1229 2501 1460 2538; x_wconf 68' lang='lat' dir='ltr'>benedictio.</span> 
     </span>
    </p>

    <p class='ocr_par' dir='ltr' id='par_1_48' title="bbox 961 2547 1624 2643">
     <span class='ocr_line' id='line_1_88' title="bbox 961 2547 1624 2598; baseline 0.008 -14"><span class='ocrx_word' id='word_1_294' title='bbox 961 2552 1000 2585; x_wconf 87' lang='lat'>15</span> <span class='ocrx_word' id='word_1_295' title='bbox 1025 2547 1264 2596; x_wconf 85' lang='lat' dir='ltr'>Prophetizat</span> <span class='ocrx_word' id='word_1_296' title='bbox 1296 2550 1341 2585; x_wconf 89' lang='lat' dir='ltr'>de</span> <span class='ocrx_word' id='word_1_297' title='bbox 1379 2550 1541 2598; x_wconf 77' lang='lat' dir='ltr'>Christo,</span> <span class='ocrx_word' id='word_1_298' title='bbox 1582 2554 1624 2589; x_wconf 85' lang='lat' dir='ltr'>ut</span> 
     </span>
     <span class='ocr_line' id='line_1_89' title="bbox 1006 2596 1453 2643; baseline 0 -11"><span class='ocrx_word' id='word_1_299' title='bbox 1006 2596 1113 2643; x_wconf 87' lang='lat' dir='ltr'>signo</span> <span class='ocrx_word' id='word_1_300' title='bbox 1132 2596 1453 2633; x_wconf 68' lang='lat' dir='ltr'>contradictionis.</span> 
     </span>
    </p>

    <p class='ocr_par' dir='ltr' id='par_1_49' title="bbox 961 2643 1623 2728">
     <span class='ocr_line' id='line_1_90' title="bbox 961 2643 1623 2694; baseline 0.006 -14"><span class='ocrx_word' id='word_1_301' title='bbox 961 2647 1002 2681; x_wconf 80' lang='lat' dir='ltr'>1ss</span> <span class='ocrx_word' id='word_1_302' title='bbox 1024 2646 1132 2689; x_wconf 85' lang='lat' dir='ltr'>Item,</span> <span class='ocrx_word' id='word_1_303' title='bbox 1159 2643 1207 2680; x_wconf 90' lang='lat' dir='ltr'>de</span> <span class='ocrx_word' id='word_1_304' title='bbox 1232 2643 1354 2690; x_wconf 86' lang='lat' dir='ltr'>poenis</span> <span class='ocrx_word' id='word_1_305' title='bbox 1383 2646 1423 2680; x_wconf 83' lang='lat' dir='ltr'>B.</span> <span class='ocrx_word' id='word_1_306' title='bbox 1461 2645 1623 2694; x_wconf 84' lang='lat' dir='ltr'>Virginis</span> 
     </span>
     <span class='ocr_line' id='line_1_91' title="bbox 1007 2691 1151 2728; baseline 0 -1"><span class='ocrx_word' id='word_1_307' title='bbox 1007 2691 1151 2728; x_wconf 76' lang='lat' dir='ltr'>Mariae.</span> 
     </span>
    </p>

    <p class='ocr_par' dir='ltr' id='par_1_50' title="bbox 962 2738 1622 2786">
     <span class='ocr_line' id='line_1_92' title="bbox 962 2738 1622 2786; baseline 0.005 -10"><span class='ocrx_word' id='word_1_308' title='bbox 962 2754 1001 2786; x_wconf 89' lang='lat'>17</span> <span class='ocrx_word' id='word_1_309' title='bbox 1023 2741 1142 2776; x_wconf 84' lang='lat' dir='ltr'>Aunae</span> <span class='ocrx_word' id='word_1_310' title='bbox 1159 2738 1406 2786; x_wconf 52' lang='lat' dir='ltr'>prophetissa}</span> <span class='ocrx_word' id='word_1_311' title='bbox 1431 2752 1622 2779; x_wconf 68' lang='lat' dir='ltr'>occursus.</span> 
     </span>
    </p>

    <p class='ocr_par' dir='ltr' id='par_1_51' title="bbox 963 2787 1623 2835">
     <span class='ocr_line' id='line_1_93' title="bbox 963 2787 1623 2835; baseline 0.003 -11"><span class='ocrx_word' id='word_1_312' title='bbox 963 2790 1003 2824; x_wconf 88' lang='lat'>18</span> <span class='ocrx_word' id='word_1_313' title='bbox 1014 2788 1150 2825; x_wconf 87' lang='lat' dir='ltr'>Sensus</span> <span class='ocrx_word' id='word_1_314' title='bbox 1161 2787 1623 2835; x_wconf 79' lang='lat' dir='ltr'>moralishujushistoriae.</span> 
     </span>
    </p>
   </div>
   <div class='ocr_carea' id='block_1_14' title="bbox 1682 183 1742 220">
    <p class='ocr_par' dir='ltr' id='par_1_52' title="bbox 1682 183 1742 220">
     <span class='ocr_line' id='line_1_94' title="bbox 1682 183 1742 220; baseline 0.033 -2"><span class='ocrx_word' id='word_1_315' title='bbox 1682 183 1742 220; x_wconf 90' lang='grc'>365</span> 
     </span>
    </p>
   </div>
   <div class='ocr_carea' id='block_1_15' title="bbox 1693 305 1739 387">
    <p class='ocr_par' dir='ltr' id='par_1_53' title="bbox 1693 305 1739 387">
     <span class='ocr_line' id='line_1_95' title="bbox 1695 305 1739 347; baseline 0 0"><span class='ocrx_word' id='word_1_316' title='bbox 1695 305 1739 347; x_wconf 76' lang='grc'>84</span> 
     </span>
     <span class='ocr_line' id='line_1_96' title="bbox 1693 353 1737 387; baseline 0 0"><span class='ocrx_word' id='word_1_317' title='bbox 1693 353 1737 387; x_wconf 83' lang='lat'>85</span> 
     </span>
    </p>
   </div>
   <div class='ocr_carea' id='block_1_16' title="bbox 1702 495 1747 530">
    <p class='ocr_par' dir='ltr' id='par_1_54' title="bbox 1702 495 1747 530">
     <span class='ocr_line' id='line_1_97' title="bbox 1702 495 1747 530; baseline -0.022 0"><span class='ocrx_word' id='word_1_318' title='bbox 1702 495 1747 530; x_wconf 90' lang='grc'>86</span> 
     </span>
    </p>
   </div>
   <div class='ocr_carea' id='block_1_17' title="bbox 1682 2048 1744 2074">
    <p class='ocr_par' dir='ltr' id='par_1_55' title="bbox 1682 2048 1744 2074">
     <span class='ocr_line' id='line_1_98' title="bbox 1682 2048 1744 2074; baseline 0.016 -1"><span class='ocrx_word' id='word_1_319' title='bbox 1682 2048 1744 2074; x_wconf 89' lang='grc'>101</span> 
     </span>
    </p>
   </div>
   <div class='ocr_carea' id='block_1_18' title="bbox 1679 2143 1744 2215">
    <p class='ocr_par' dir='ltr' id='par_1_56' title="bbox 1679 2143 1744 2215">
     <span class='ocr_line' id='line_1_99' title="bbox 1679 2143 1744 2167; baseline 0 0"><span class='ocrx_word' id='word_1_320' title='bbox 1679 2143 1744 2167; x_wconf 82' lang='grc'>102</span> 
     </span>
     <span class='ocr_line' id='line_1_100' title="bbox 1680 2191 1743 2215; baseline 0 -1"><span class='ocrx_word' id='word_1_321' title='bbox 1680 2191 1743 2215; x_wconf 87' lang='grc'>102</span> 
     </span>
    </p>
   </div>
   <div class='ocr_carea' id='block_1_19' title="bbox 1678 2332 1742 2357">
    <p class='ocr_par' dir='ltr' id='par_1_57' title="bbox 1678 2332 1742 2357">
     <span class='ocr_line' id='line_1_101' title="bbox 1678 2332 1742 2357; baseline 0.016 -1"><span class='ocrx_word' id='word_1_322' title='bbox 1678 2332 1742 2357; x_wconf 79' lang='lat'>102</span> 
     </span>
    </p>
   </div>
   <div class='ocr_carea' id='block_1_20' title="bbox 1678 2463 1743 2498">
    <p class='ocr_par' dir='ltr' id='par_1_58' title="bbox 1678 2463 1743 2498">
     <span class='ocr_line' id='line_1_102' title="bbox 1678 2463 1743 2498; baseline -0.015 0"><span class='ocrx_word' id='word_1_323' title='bbox 1678 2463 1743 2498; x_wconf 82' lang='grc'>105</span> 
     </span>
    </p>
   </div>
   <div class='ocr_carea' id='block_1_21' title="bbox 1722 2511 1742 2520">
    <p class='ocr_par' dir='ltr' id='par_1_59' title="bbox 1722 2511 1742 2520">
     <span class='ocr_line' id='line_1_103' title="bbox 1722 2511 1742 2520; baseline 0 0"><span class='ocrx_word' id='word_1_324' title='bbox 1722 2511 1742 2520; x_wconf 72' lang='grc' dir='ltr'>-υ</span> 
     </span>
    </p>
   </div>
   <div class='ocr_carea' id='block_1_22' title="bbox 1677 2522 1744 2647">
    <p class='ocr_par' dir='ltr' id='par_1_60' title="bbox 1677 2522 1744 2647">
     <span class='ocr_line' id='line_1_104' title="bbox 1677 2522 1743 2546; baseline -0.015 0"><span class='ocrx_word' id='word_1_325' title='bbox 1677 2522 1743 2546; x_wconf 75' lang='grc'>10.)</span> 
     </span>
     <span class='ocr_line' id='line_1_105' title="bbox 1678 2606 1744 2647; baseline -0.015 -6"><span class='ocrx_word' id='word_1_326' title='bbox 1678 2606 1744 2647; x_wconf 73' lang='grc'>104</span> 
     </span>
    </p>
   </div>
   <div class='ocr_carea' id='block_1_23' title="bbox 1679 2699 1745 2829">
    <p class='ocr_par' dir='ltr' id='par_1_61' title="bbox 1679 2699 1745 2829">
     <span class='ocr_line' id='line_1_106' title="bbox 1679 2699 1743 2733; baseline 0 0"><span class='ocrx_word' id='word_1_327' title='bbox 1679 2699 1743 2733; x_wconf 92' lang='grc'>105</span> 
     </span>
     <span class='ocr_line' id='line_1_107' title="bbox 1679 2747 1744 2781; baseline -0.015 0"><span class='ocrx_word' id='word_1_328' title='bbox 1679 2747 1744 2781; x_wconf 87' lang='grc'>105</span> 
     </span>
     <span class='ocr_line' id='line_1_108' title="bbox 1679 2795 1745 2829; baseline -0.015 0"><span class='ocrx_word' id='word_1_329' title='bbox 1679 2795 1745 2829; x_wconf 88' lang='grc'>106</span> 
     </span>
    </p>
   </div>
  </div>
 </body>
</html>
