1876 3126
420 221 471 254 DE
509 216 751 254 ELECTIONE
790 216 1023 250 Dt'oDECIM
1060 218 1402 253 APOSTOLOlll'll.
1674 220 1736 253 250

98 292 370 331 Melchisedech
384 287 546 326 obviavit
559 287 720 323 Abrahae
735 295 757 321 a
772 285 874 321 caede

96 352 228 387 regum
250 336 464 379 revertenti,
483 338 520 371 et
539 334 587 370 ad
605 333 770 369 radicem
791 333 873 377 ejus

96 389 334 426 fluittorreus
350 384 539 430 Cyson.1n
562 382 630 417 hoc
651 384 780 416 moute
805 379 873 416 t'uit

93 436 246 474 abbatia
271 433 462 479 nigrorum
490 429 774 468 monachorum.
803 428 872 463 sub

93 480 380 528 metropolitano
391 479 597 520 Nazareno,
614 487 636 512 a
651 486 725 522 qua
739 474 869 511 eivita-

96 534 130 567 te
147 533 277 566 contra
297 526 488 563 Orientem
519 526 597 571 ipse
621 534 730 559 mous
757 522 871 558 distat

119 580 225 614 uarto
241 573 428 610 milliario.
443 573 521 617 Vel,
535 571 743 608 secundum
763 581 872 617 quos-

117 634 193 667 am,
220 621 389 659 aseendit
417 621 456 657 in
478 620 681 666 quemdam
704 622 871 654 montem

90 671 206 709 alium
227 679 342 715 supra
364 679 466 704 maro
488 667 652 704 Galilaeae
685 665 872 702 situmEc

89 722 392 765 eratpemocttms
409 718 446 751 ἰη
461 717 623 751 erutione
642 716 800 753 Domum
817 724 872 749 se-

89 765 161 804 culi
177 777 271 809 ;uou
286 775 352 811 pro
371 775 410 799 se
429 768 621 808 tamquam
643 761 816 797 infirmus
836 764 871 796 et

88 812 349 858 indigens‚sed
366 822 432 857 pro
449 810 555 846 nobis
580 813 773 855 tamquam
791 807 873 854 pius

89 865 126 898 et
145 861 324 897 clemens.
348 858 526 902 Quaedam
549 856 650 893 cuim
676 855 796 892 oratio
817 859 873 891 est

88 908 169 953 Dei,
189 913 227 944 ut
240 919 305 954 pro
321 906 580 952 spii-itu·1libus
599 908 636 940 ot
651 903 750 939 xeris
763 902 873 938 bouis

88 954 389 1001 consequendis:
414 953 587 1000 quaedam
609 955 663 988 est
685 949 813 994 seculi,
835 954 872 985 ut

88 1014 156 1051 pro
196 1002 355 1040 terrenis
394 999 647 1042 conterendis,
689 1009 772 1044 quze
817 1001 873 1033 est

87 1051 203 1088 etiam
232 1049 386 1091 diaboli,
414 1048 444 1084 si
471 1059 514 1084 ex
550 1046 753 1092 cupiditate
781 1045 868 1088 fiat;

87 1099 261 1146 quasdam
283 1101 339 1133 est
367 1098 513 1132 tautum
534 1094 688 1137 diaboli,
707 1103 771 1139 pro
795 1103 872 1128 car-

87 1146 239 1182 nalibus
269 1143 468 1180 desideriis
488 1141 701 1188 implendis.
726 1139 793 1176 Ubi
821 1139 874 1175 ait

85 1194 302 1230 Ambrosius
322 1205 332 1227 .·
355 1205 373 1225 κ
402 1192 444 1226 Et
466 1193 560 1232 erat,
584 1188 718 1235 inquit,
737 1198 871 1234 perno-

86 1245 194 1278 ctans
216 1240 253 1276 in
273 1239 459 1275 oratioue.
481 1237 632 1284 Species
654 1236 719 1272 tibi
744 1235 870 1279 datur,

85 1289 209 1325 forma
223 1286 480 1334 praescribitur
495 1295 607 1331 quam
623 1284 738 1320 debes
754 1293 871 1318 aemu-

85 1336 170 1372 lari.
193 1335 288 1379 Quid
318 1334 418 1370 enim
440 1337 475 1368 te
501 1343 568 1379 pro
591 1331 709 1368 salute
732 1335 796 1366 tua
823 1330 873 1365 t'a-

85 1394 171 1420 cere
191 1386 354 1429 oportet,
376 1380 527 1427 quaudo
547 1390 613 1424 pro
636 1383 671 1414 te
701 1377 872 1414 Christus

85 1431 125 1468 in
147 1432 318 1467 oratione
342 1427 559 1476 pernoctat?
575 1425 672 1470 Quid
695 1429 729 1461 te
749 1427 870 1461 t'arere

85 1478 273 1520 convenit,
302 1487 385 1512 cum
422 1475 476 1512 vis
513 1474 665 1521 aliquod
701 1472 869 1509 officium

83 1525 235 1574 pietatis
255 1522 572 1570 adoriri,quando
595 1520 765 1558 Christus
783 1520 870 1556 mis-

84 1584 194 1610 surus
221 1572 420 1619 Apostolos
450 1569 571 1607 oravit
606 1568 743 1615 prius?
772 1582 788 1600 »
826 1569 869 1603 Et

83 1621 186 1658 solus
206 1619 339 1663 oravit,
363 1630 430 1655 nee
452 1626 611 1663 usquam
630 1615 734 1659 alibi,
748 1614 868 1650 sinon

82 1669 206 1707 fallor.
220 1678 349 1704 orasse
361 1676 444 1702 cum
460 1663 649 1712 Apostolis
666 1662 865 1708 reperitur.

83 1716 227 1762 Ubique
267 1715 366 1750 solus
403 1714 575 1749 obsecrat
617 1722 624 1746 :
667 1709 733 1746 Dei
767 1709 868 1745 enim

81 1763 280 1801 consilium
302 1763 468 1797 humana
487 1763 575 1796 vota
598 1769 674 1794 non
698 1756 865 1803 capiunt,

80 1822 151 1848 nee
172 1810 371 1858 quisquam
398 1807 621 1844 interiorum
642 1808 765 1852 potest
784 1815 867 1841 esse

79 1859 268 1907 particeps
289 1867 373 1893 cum
395 1855 556 1893 Christo.
587 1853 690 1890 Unde
711 1855 866 1889 Bernar-

81 1908 150 1943 dus
173 1918 180 1942 z
200 1920 218 1939 «
243 1908 294 1941 Tu
313 1908 446 1944 (rectem,
472 1902 610 1948 inquit,
633 1912 713 1937 cum
742 1911 866 1936 orcwe-

80 1956 147 1995 ris,
166 1956 267 1989 intra
283 1955 320 1988 ιή
337 1952 543 1987 cubiculum
558 1953 673 1991 tuum,
693 1951 726 1983 et
740 1949 865 1983 clauso

81 2004 172 2038 ostio
193 2012 279 2041 ora:
300 2003 337 2036 et
357 1998 458 2045 quod
491 1996 596 2039 dixit,
634 1994 734 2031 fecit.
757 1995 867 2031 Solus

81 2049 120 2086 iu
153 2047 325 2085 oratione
350 2045 612 2093 pernoctabat,
644 2053 720 2078 non
754 2042 866 2078 modo

81 2095 320 2134 abscondens
350 2105 389 2130 se
416 2105 439 2130 a
464 2091 598 2135 turbis,
621 2091 687 2126 sed
713 2100 782 2126 nee
809 2089 866 2125 ul-

79 2143 160 2180 lum
202 2142 356 2190 quidem
395 2140 678 2186 discipulorum,
707 2148 775 2173 nec
816 2136 869 2172 ul-

82 2192 160 2229 lum
186 2191 478 2227 domesticorum
508 2186 724 2224 admittens.
755 2184 867 2220 Deni-

82 2249 155 2287 que
176 2242 253 2275 tres
273 2248 400 2274 secum
427 2235 579 2272 intimos
600 2233 670 2270 sibi
703 2232 867 2269 adduxe-

81 2290 155 2331 rat,
173 2297 257 2322 cum
270 2286 368 2321 ultro
390 2287 612 2331 properaret
625 2281 674 2317 ad
691 2283 866 2324 mortem,

81 2334 234 2370 avulsus
268 2337 325 2369 est
361 2333 408 2369 ab
441 2331 534 2378 ipsis
572 2340 681 2366 orare
723 2327 866 2363 volens.

82 2382 179 2426 Ergo
191 2384 229 2416 et
249 2384 287 2416 tu
311 2380 367 2416 t'ae
388 2379 574 2422 similiter,
591 2376 742 2423 quando
758 2385 868 2411 orare

82 2427 259 2465 volueris,
283 2441 301 2459 »
344 2427 447 2463 Unde
484 2430 521 2463 et
553 2427 828 2469 chrysostomus
856 2435 866 2458 :

83 2491 103 2510 α
130 2477 295 2520 Exsurge
318 2474 432 2520 igitur
449 2477 486 2511 et
510 2477 551 2510 tu
577 2473 616 2508 in
644 2473 868 2517 tempestate

80 2523 216 2566 noctis,
240 2522 369 2569 purior
392 2525 449 2558 est
474 2525 562 2558 tunc
583 2518 765 2565 temporis
786 2517 866 2554 aui-

80 2581 157 2615 ma,
186 2570 278 2616 ipsae
299 2571 467 2606 tenebrae
491 2567 685 2605 silentium
706 2565 868 2602 nimium

80 2621 239 2666 possunt
273 2617 504 2654 sufficienter
535 2615 584 2652 ad
610 2613 868 2661 compunctio-

81 2676 170 2703 nem
188 2666 408 2712 perducere.
431 2665 533 2701 Tunc
557 2674 632 2699 non
658 2669 766 2698 vexat
785 2660 870 2697 ina-

82 2713 143 2751 nis
162 2713 298 2760 gloria,
328 2724 404 2749 non
439 2711 563 2749 acidia
598 2713 636 2747 et
667 2707 869 2746 concitatio

81 2765 358 2808 occupat3110n
393 2761 446 2797 sie
476 2759 574 2804 ignis
604 2757 692 2794 ferri
733 2767 870 2803 seque-

83 2811 180 2862 strat
201 2808 430 2855 rubiginem,
454 2807 556 2844 velut
577 2808 766 2842 nocturna
783 2815 868 2841 ora-

82 2858 136 2894 no
163 2856 372 2904 aeruginem
408 2858 662 2903 peccatorum.
687 2853 792 2898 Quae,
830 2850 869 2888 in

948 285 1022 328 die,
1037 286 1126 321 solis
1146 291 1260 323 cestus
1279 288 1474 334 percussit,
1495 294 1602 325 nocte
1621 290 1731 326 resri-

946 337 1128 379 gerautur
1147 346 1155 376 ;
1177 335 1381 380 quemlibet
1409 347 1533 372 rorem
1555 341 1734 383 superant

948 382 1142 432 nocturnae
1173 381 1360 427 lacrymm,
1380 387 1416 418 et
1443 389 1573 420 contra
1603 396 1736 422 concu-

947 431 1172 472 piscentiam
1206 429 1346 473 valent,
1372 434 1407 466 et
1435 432 1641 476 quemlibet
1675 436 1732 469 tu-

948 484 1105 510 morem.
1135 474 1170 511 Si
1210 486 1296 511 vero
1337 477 1516 522 praedirm
1547 491 1631 515 rore
1656 490 1730 516 non

948 522 1120 558 foveatur
1140 523 1267 566 homo,
1290 524 1426 560 arescit
1453 527 1521 561 sub
1541 526 1616 562 «lie.
1640 528 1734 570 Qua-

947 573 1101 616 propter
1119 580 1204 605 ores
1225 573 1350 613 noctu,
1371 574 1408 606 et
1434 574 1610 608 ostendas
1634 575 1735 620 quod

949 627 1024 652 nou
1052 617 1174 669 selum
1200 617 1248 653 ad
1285 628 1420 663 corpus
1453 630 1521 654 nox
1554 621 1731 666 pertinet,

947 663 1148 700 sedetiam
1172 665 1219 700 ad
1255 664 1444 700 animam!
1470 681 1485 696 »
1515 667 1592 701 litu:
1623 669 1737 712 Chry-

947 714 1136 747 sostomus.
1180 711 1246 756 Qui
1294 722 1384 758 ergo
1422 714 1539 748 Deum
1589 716 1735 751 orando

948 759 1095 805 quierit,
1119 763 1385 806 exsurgentem
1406 760 1604 805 strepitum
1634 761 1738 797 vitio-

948 817 1030 859 rum
1063 817 1253 853 premens,
1277 807 1325 843 ad
1362 810 1560 853 superiora
1585 818 1737 854 progre-

948 854 1086 906 diatur,
1132 858 1168 890 et
1207 855 1255 891 ad
1292 854 1470 891 verticem
1509 855 1738 892 sublimioris

948 913 1061 937 curiae
1085 903 1279 946 ascendat,
1302 905 1341 938 ut
1368 902 1543 938 exteriori
1567 906 1739 940 cessante

951 950 1124 993 tumultu,
1145 949 1183 985 in
1220 949 1384 995 quodam
1418 949 1554 986 mentis
1593 954 1738 987 secreto

948 1007 1015 1042 per
1052 997 1199 1033 iuterna
1239 996 1429 1032 desideria
1456 997 1612 1033 silenter
1655 1008 1739 1035 cum

949 1044 1107 1080 Domino
1131 1044 1318 1090 loquatur.
1343 1043 1511 1090 Cupieuti
1530 1045 1630 1080 enim
1652 1056 1738 1082 cum

950 1093 1024 1127 Deo
1048 1091 1165 1137 loqui,
1188 1096 1224 1128 et
1247 1092 1545 1127 consolationem
1568 1092 1735 1129 divinam

948 1139 1173 1185 promereri,
1197 1139 1346 1185 expedit
1367 1138 1611 1175 solitudinem
1638 1150 1737 1186 quae-

949 1197 1031 1239 rere
1052 1190 1087 1222 et
1115 1187 1415 1222 consolationem
1445 1187 1649 1222 humanam
1677 1197 1736 1224 re-

948 1233 1132 1287 linquere.
1163 1234 1275 1279 Cujus
1304 1234 1514 1280 exemplum
1552 1235 1736 1271 babemus

947 1292 985 1334 in
1007 1284 1155 1318 Joanue
1178 1281 1435 1327 Evangelista3
1461 1281 1523 1327 qui
1553 1285 1736 1327 quantum

948 1340 987 1364 111
1004 1328 1208 1364 solitudine
1223 1328 1425 1375 profecerit
1440 1333 1474 1364 ct
1495 1329 1658 1365 turritus
1673 1328 1735 1374 sit,

947 1387 1042 1421 pene
1061 1376 1237 1412 omuibus
1260 1380 1389 1412 notum
1407 1379 1475 1412 est.
1500 1377 1541 1411 In
1557 1377 1736 1413 l‘atbmos
1791 1399 1795 1402 -

947 1424 1108 1459 insulam
1131 1423 1260 1459 exsilio
1294 1424 1483 1469 relegatus
1513 1427 1548 1459 et
1585 1434 1736 1460 consor-

946 1471 998 1507 tio
1033 1471 1229 1507 bominum
1263 1470 1492 1514 destitutus,
1531 1470 1734 1507 consolati-

946 1529 1058 1554 onem
1079 1518 1312 1564 Angelorum
1335 1517 1555 1564 promeruit,
1577 1522 1612 1553 et
1635 1520 1732 1564 Apo-

945 1566 1141 1611 calypsim,
1156 1575 1268 1611 quam
1289 1565 1321 1601 ei
1344 1565 1527 1601 Dominus
1549 1576 1616 1611 pro
1636 1568 1736 1602 statu

945 1613 1119 1649 Ecclesiae
1135 1612 1349 1659 praesentis,
1364 1612 1507 1648 scilicet
1525 1617 1561 1647 et
1584 1613 1733 1657 suturae,

944 1660 1113 1697 revelare
1136 1660 1316 1706 diguatus
1338 1663 1408 1704 est,
1437 1659 1592 1706 propria
1618 1670 1734 1697 manu

943 1708 1105 1753 scripsit.
1134 1708 1239 1744 Unde
1262 1708 1359 1743 Beda
1382 1720 1391 1742 :
1416 1721 1432 1740 «
1459 1707 1621 1743 Historia
1645 1711 1737 1744 uota

944 1760 998 1792 est
1020 1757 1204 1792 Joannem
1218 1766 1240 1790 a
1260 1754 1473 1791 Domitiano
1488 1755 1636 1790 Caesare
1650 1765 1735 1801 pro-

942 1807 1027 1850 pter
1047 1802 1294 1849 Evangelium
1327 1802 1366 1838 in
1403 1802 1567 1838 insulam
1589 1802 1733 1848 relega-

943 1855 1036 1895 tum,
1061 1851 1117 1886 cui
1140 1854 1218 1886 tum
1240 1861 1405 1896 congrue
1433 1854 1579 1886 secreta
1605 1850 1734 1886 datum

943 1902 1000 1935 est
1021 1898 1104 1935 coeli
1124 1901 1336 1944 penetrare,
1367 1908 1453 1933 cum
1483 1901 1586 1933 certa
1611 1901 1734 1933 terra-

943 1957 1025 1982 rum
1054 1947 1176 1992 spatia
1214 1946 1424 1991 negabatur
1461 1945 1653 1980 excedere.
1690 1945 1736 1980 Et

943 1993 1083 2030 similia
1106 1992 1349 2038 reperiuntur
1373 1992 1419 2027 de
1441 1991 1612 2037 pluribus
1633 1990 1732 2036 aliis,

944 2042 1007 2087 qui
1030 2040 1176 2077 modico
1198 2042 1368 2086 tempore
1396 2039 1478 2085 plus
1497 2038 1628 2074 lucrati
1648 2041 1735 2074 sunt

943 2088 1013 2124 soli
1042 2098 1154 2134 quam
1185 2090 1262 2122 toto
1298 2090 1468 2133 tempore
1498 2096 1564 2122 suo
1599 2086 1734 2122 lucrati

943 2135 1082 2172 fuerint
1119 2134 1312 2170 comitatu.
1352 2146 1369 2166 υ
1412 2133 1569 2177 Quando
1607 2136 1734 2169 autem

943 2184 1114 2220 Christus
1155 2185 1238 2218 orat
1261 2210 1269 2226 ,
1306 2181 1538 2224 tlieoricam;
1580 2180 1731 2226 quando

943 2231 1067 2275 docet,
1090 2228 1295 2277 practicam
1322 2228 1437 2264 vitam
1464 2227 1658 2272 informat,
1686 2238 1734 2264 ne

944 2278 1028 2324 quis
1051 2289 1117 2324 pro
1142 2287 1232 2313 cura
1263 2275 1437 2323 proximi,
1460 2286 1483 2312 a
1503 2275 1736 2321 contempla-

943 2325 1058 2362 tionis
1104 2324 1226 2362 studio
1266 2327 1456 2370 torpescat
1483 2334 1492 2367 ;
1534 2323 1607 2365 vel,
1664 2333 1733 2369 pro

944 2373 1067 2409 studio
1089 2372 1224 2409 divinae
1241 2370 1586 2416 contemplationis,
1601 2380 1731 2416 quam—

943 2421 999 2457 vis
1025 2419 1196 2468 superior
1219 2419 1280 2464 sit,
1311 2418 1471 2466 proximi
1502 2427 1633 2453 curam
1662 2427 1730 2453 ne-

943 2468 1074 2516 gligat.
1108 2467 1213 2504 Unde
1251 2468 1447 2503 Anselmus
1476 2478 1525 2500 :«
1559 2466 1731 2509 Regnum

944 2518 1009 2553 Dei
1036 2514 1278 2563 praedicando
1306 2514 1439 2550 diebus
1477 2522 1562 2548 cum
1590 2511 1729 2557 populo

944 2567 1215 2608 commoratur,
1250 2565 1287 2598 et
1327 2562 1563 2598 confluentes
1600 2559 1730 2594 turbas

944 2611 1137 2648 miraculis
1155 2614 1192 2647 et
1210 2609 1335 2646 verbis
1356 2608 1538 2650 aediticat3
1559 2605 1730 2642 noctibus

944 2662 1114 2696 montem
1135 2659 1396 2705 frequentans,
1415 2653 1649 2691 orationibus
1669 2661 1732 2687 va-

944 2710 1018 2752 cat,
1041 2707 1252 2744 admonens
1273 2715 1340 2751 pro
1363 2701 1612 2747 congruentia
1634 2704 1730 2736 tem-

944 2755 1048 2803 poris
1070 2765 1171 2791 nunc
1196 2750 1374 2800 proximis
1401 2749 1498 2786 inter
1521 2759 1614 2795 quos
1639 2746 1731 2784 vivi·

946 2813 1044 2848 mus,
1066 2801 1191 2839 verbis
1220 2803 1256 2836 et
1277 2797 1456 2844 exemplis
1484 2807 1550 2843 pro
1577 2794 1730 2832 modulo

947 2855 1077 2888 nostro
1095 2851 1181 2886 vitre
1205 2847 1304 2884 viam
1330 2846 1607 2889 demonstrare,
1628 2853 1730 2880 nunc
