1897 3167
126 219 168 253 46
657 214 802 247 PRIMAE
838 213 991 248 l‘ARTls
1029 213 1167 246 CAPUT
1205 213 1227 244 V

128 287 246 324 amice
281 285 488 328 Timothee,
527 282 614 319 forti
657 282 903 326 contritione,

129 344 260 371 sensus
295 331 527 377 derelinque,
563 334 600 366 et
635 329 906 366 intellectuales

129 379 380 427 operationes,
417 382 454 414 et
492 377 619 413 omnia
654 377 845 413 sensibilia
870 380 907 412 et

126 426 413 470 intellectibilia,
438 428 474 461 et
503 425 550 461 ad
585 425 664 471 ejus
694 424 905 460 unitionem

125 484 300 521 propera,
325 472 387 519 qui
427 476 482 508 est
508 482 620 518 super
639 481 788 508 omnem
817 472 906 506 sub-

126 520 302 557 stantiam
325 524 360 556 et
381 519 631 565 cognitionem
655 530 663 553 :
685 532 701 551 »
724 519 804 553 haec
819 519 904 553 Dio-

126 571 265 613 nysius.
283 569 326 603 Et
344 567 383 603 in
404 567 473 602 hac
491 565 743 602 abstractione
759 563 906 610 pertici-

125 619 186 651 tur
218 615 283 651 illa
310 613 517 658 beatitudo,
549 613 595 648 de
622 623 695 657 qua
730 611 865 647 dicitur
893 622 901 646 :

122 664 227 698 Beati
248 662 382 697 mundo
397 661 513 702 corde,
528 659 769 700 intelligendo
794 668 903 693 mun-

125 709 214 745 dum
236 720 313 752 cor,
336 708 427 744 illud
445 707 543 752 quod
565 710 619 741 est
643 707 689 741 ab
711 704 813 741 omni
840 715 901 740 ex-

123 760 258 792 tranea
283 755 406 801 specie
443 753 701 795 emundatum,
731 753 902 797 quoniam

121 804 197 847 ipsi
241 805 354 838 Deum
397 802 583 836 videbunt.
623 800 730 835 Tales
775 801 900 833 autem

122 851 239 886 Deum
279 849 472 891 videbunt,
508 850 545 883 et
602 846 662 882 hic
698 856 765 891 per
783 845 899 881 inter-

120 907 208 933 nam
249 894 616 941 contemplationem,
649 896 685 929 et
708 893 745 928 in
780 892 900 939 patria

121 954 190 989 per
221 948 400 979 aeternam
439 941 678 983 fruitionem3
713 943 750 975 et
806 939 899 975 tales

120 990 300 1037 virgineae
333 990 478 1025 mentes
521 991 722 1033 sequuntur
751 987 899 1030 Aqnum

120 1038 235 1073 totius
254 1035 428 1083 puritatis
448 1045 670 1080 quocumque
699 1036 796 1075 ierit,
820 1035 897 1068 vir-

120 1087 222 1128 qz'nes
247 1086 341 1119 enim
374 1086 472 1117 sunt.
511 1083 563 1117 De
597 1081 660 1116 tali
704 1084 829 1116 mente
862 1084 898 1116 et

119 1131 260 1174 anima,
286 1130 337 1165 sic
359 1129 449 1164 dicit
467 1129 701 1164 Ber-nardus.-
725 1142 742 1160 «
763 1127 898 1163 Anima

119 1189 200 1223 quae
223 1177 338 1213 semel
367 1187 389 1211 a
422 1175 578 1211 Domino
601 1174 729 1210 didicit
756 1174 896 1210 intrare

117 1225 165 1262 ad
184 1224 439 1269 semetipsam,
453 1226 489 1257 et
510 1222 547 1257 in
568 1221 712 1256 intimis
733 1220 809 1257 suis
830 1220 896 1256 Dei

48 1260 55 1265 ’
114 1271 355 1317 praesentiam
393 1268 614 1315 suspirare,
656 1272 692 1303 et
727 1278 896 1312 quaerere

117 1318 251 1354 taciem
291 1318 371 1363 ejus
408 1326 568 1362 semper,
597 1315 696 1359 talis,
724 1314 893 1360 inquam,

116 1365 244 1402 anima
265 1364 390 1401 nescio
411 1374 461 1398 an
481 1363 535 1398 vel
549 1362 668 1408 ipsam
681 1362 893 1406 gehennam

116 1413 162 1449 ad
182 1416 330 1458 tempus
350 1409 508 1456 experiri
522 1409 747 1445 horribilius
767 1419 893 1453 peena-

115 1460 234 1496 liusve
267 1460 390 1501 ducat,
425 1467 536 1503 quam
576 1460 658 1502 post
688 1455 893 1502 spiritualis

114 1507 228 1552 hujus
247 1505 359 1542 studii
381 1508 569 1550 gustatam
593 1503 709 1539 semel
730 1502 892 1538 suavita-

114 1557 207 1598 tem,
238 1552 337 1589 exire
361 1551 485 1587 denuo
513 1551 560 1586 ad
594 1550 804 1593 illecebras,
835 1549 893 1585 vel

114 1601 240 1647 potius
266 1598 458 1635 molestias
482 1597 618 1642 carnis,
641 1607 892 1642 sensuumque

113 1646 377 1694 inexplebilem
414 1649 584 1690 repetere
623 1644 890 1680 curiositatem.

115 1694 204 1731 Dico
235 1705 324 1740 ergo
357 1692 477 1736 vobis,
514 1691 606 1727 nihil
634 1694 691 1727 est
719 1691 817 1736 quod
853 1690 892 1726 in

113 1745 260 1778 tantum
290 1740 478 1783 formidet,
497 1738 666 1784 quisquis
686 1739 757 1774 hoc
776 1738 890 1773 bene-

114 1789 241 1825 ficium
263 1787 377 1823 semel
395 1786 552 1832 accepit,
574 1796 686 1831 quam
702 1796 748 1820 nc
771 1784 892 1830 gratia

115 1835 316 1871 derelictus
353 1833 565 1870 necessarie
602 1833 738 1868 haheat
769 1832 890 1867 denuo

114 1882 242 1928 egredi
276 1882 324 1918 ad
349 1881 472 1917 carnis
501 1879 790 1922 consolationes,
816 1878 891 1914 imo

113 1928 380 1973 desolationes,
426 1937 650 1972 rursumque
686 1926 891 1962 carnalium

113 1986 291 2013 sensuum
316 1976 500 2012 sustinere
526 1974 707 2010 tumultus
733 1984 741 2008 z
768 1987 786 2005 »
812 1974 892 2009 haec

113 2024 336 2059 Bernartius.

161 2075 201 2107 51
224 2072 412 2106 NAZARETH
444 2080 533 2104 nixis
558 2080 670 2104 ΗΑΒΕΤ
693 2079 889 2103 ECCLESIAS.

112 2140 157 2145 —-
171 2120 211 2154 In
228 2117 411 2154 Nazareth
421 2119 560 2160 autem,
577 2115 639 2151 ubi
654 2114 890 2151 annuntiatio

112 2166 211 2201 facta
231 2168 300 2209 est,
326 2167 411 2200 sunt
447 2164 529 2198 duae
563 2162 729 2198 ecclesiae
771 2173 779 2197 :
816 2172 891 2197 una

110 2212 174 2248 ubi
195 2215 276 2248 erat
298 2211 445 2254 domus,
479 2209 519 2245 in
548 2220 622 2256 qua
653 2209 816 2254 Angelus
843 2209 891 2244 ad

113 2259 269 2295 Mariam
295 2257 411 2301 venit,
433 2260 470 2293 et
489 2255 815 2293 annuntiationem
836 2255 889 2291 se-

111 2306 174 2350 cit,
201 2306 240 2342 in
262 2316 336 2352 qua
358 2308 415 2340 est
439 2304 558 2340 altare
588 2302 727 2347 Mariae,
748 2302 786 2338 in
808 2302 889 2338 loco

110 2354 174 2390 ubi
196 2354 327 2389 orabat
362 2351 514 2397 quando
537 2350 700 2396 Angelus
728 2359 812 2386 eam
835 2359 891 2385 sa-

109 2401 269 2443 lutabat,
292 2404 327 2435 et
363 2399 479 2435 altare
510 2397 707 2440 Gabrielis,
728 2395 791 2433 ubi
825 2407 888 2432 an-

109 2447 385 2484 nuntiationem
408 2444 577 2482 saciendo
604 2443 725 2486 stetit;
753 2443 886 2487 altera,

112 2495 173 2531 ubi
203 2495 337 2530 domus
365 2494 501 2535 fuerat,
532 2491 572 2527 in
604 2501 678 2537 qua
706 2489 887 2527 Dominus

74 2548 81 2553 '
109 2542 271 2578 nutritus
291 2544 360 2585 est,
385 2550 467 2576 cum
489 2539 614 2574 infans
630 2541 722 2574 erat.

157 2592 200 2625 52
223 2589 481 2624 Coxcernoxis
514 2587 697 2622 Domxmffi
734 2596 883 2620 FIGERAE.

108 2657 154 2662 —
175 2636 255 2672 Fuit
270 2639 394 2671 autom
415 2632 609 2679 conceptio
631 2631 824 2668 Dominica
846 2631 884 2667 in

108 2684 202 2719 rubo
246 2681 391 2719 ardenti
454 2681 705 2727 praetigurata.
756 2679 885 2714 Rubus

109 2730 210 2766 enim
231 2729 405 2765 sustinuit
419 2728 562 2776 ignem,
579 2730 616 2762 et
629 2737 704 2762 non
722 2725 886 2772 perdidit

111 2777 354 2815 viriditatem:
387 2775 503 2811 Maria
543 2773 713 2819 concepit
749 2772 883 2816 filium,

108 2826 146 2861 et
166 2835 242 2859 non
262 2823 386 2859 amisit
410 2821 663 2868 virginitatem
681 2832 688 2855 z
706 2820 884 2856 Dominus

980 280 1162 317 habitavit
1192 280 1231 317 in
1272 283 1365 318 rubo
1401 283 1571 328 ardente,
1603 288 1640 320 et
1672 284 1755 331 ipse

980 328 1160 364 habitavit
1183 327 1220 363 in
1235 328 1360 365 Mariae
1378 330 1572 375 gravidato
1593 334 1723 368 ventre
1743 343 1753 367 :

980 375 1171 428 descendit
1182 374 1219 410 in
1230 376 1366 412 rubum
1375 380 1528 422 propter
1538 378 1755 415 ,Iudaeorum

979 422 1304 466 liberat1onem,ut
1315 434 1378 459 eos
1396 424 1570 460 educeret
1586 425 1632 462 de
1651 427 1755 472 AEgy·

979 471 1062 514 pto;
1083 469 1274 504 descendit
1295 469 1333 505 in
1351 470 1504 506 Mariam
1520 475 1675 518 propter
1687 483 1754 509 no-

979 518 1094 551 stram
1115 515 1423 561 redemptionem,
1444 521 1482 553 ut
1504 529 1572 554 nos
1592 519 1755 565 eriperet

977 562 1023 597 de
1048 561 1208 597 inferno.
1234 583 1278 588 —-
1306 563 1396 598 Cum
1429 567 1554 600 autem
1577 567 1755 603 Dominus

976 608 1164 644 incarnari
1184 609 1313 653 voluit,
1336 610 1491 646 Mariam
1521 612 1640 648 solam
1676 623 1753 659 prae

977 655 1153 691 omnibus
1179 655 1399 692 mulieribus
1439 657 1563 703 elegit.
1601 660 1647 694 Et
1682 660 1755 695 hoc

975 701 1043 754 suit
1068 702 1350 748 praefiguratum
1376 703 1414 738 in
1441 704 1578 741 vellere
1608 705 1753 742 Gedeo-

975 759 1047 801 nis,
1072 749 1170 795 quod
1192 749 1312 785 solum
1332 750 1523 787 coelestem
1544 763 1668 789 rorem
1691 763 1752 789 ca-

973 797 1112 848 piebat,
1129 800 1183 832 ‘et
1225 799 1302 832 tota
1339 800 1439 834 terra
1479 798 1752 845 circumjacens

974 853 1071 895 sicca
1091 844 1329 888 remanebat3
1358 843 1410 880 sic
1440 845 1558 882 Maria
1586 847 1666 883 sola
1693 846 1751 883 di-

973 900 1057 926 vlno
1096 901 1182 926 rore
1211 891 1440 936 replebatur,
1472 896 1506 928 et
1538 892 1578 928 in
1609 894 1751 929 mundo

973 937 1076 973 nulla
1096 937 1168 973 alia
1189 937 1303 983 digna
1318 937 1593 976 inveniebatur.
1616 940 1750 987 Reple-

971 984 1022 1020 tio
1049 984 1197 1021 velleris
1224 985 1370 1030 signum
1402 989 1483 1021 erat
1516 986 1752 1024 liberationis

972 1031 1133 1067 filiorum
1157 1032 1271 1067 Israel
1297 1033 1343 1068 ab
1356 1032 1527 1069 hostibus
1547 1033 1643 1079 suis;
1666 1045 1752 1071 con-

970 1078 1090 1124 ceptio
1131 1079 1256 1115 Mariae
1299 1079 1447 1124 signum
1486 1083 1566 1116 erat
1608 1084 1752 1117 nostrae

969 1125 1251 1171 redemptionis.
1293 1126 1420 1162 Vellus
1467 1127 1653 1164 Gedeonis
1693 1132 1752 1164 est

972 1172 1081 1224 Virgo
1118 1173 1235 1208 Maria
1263 1185 1271 1209 ε
1300 1173 1345 1209 (16
1373 1184 1445 1219 quo
1473 1174 1610 1210 vellere
1639 1177 1752 1212 Jesus

969 1220 1138 1256 Christus
1177 1220 1263 1255 fecit
1299 1219 1368 1256 sibi
1403 1220 1589 1265 tunicam3
1632 1222 1750 1258 vellus

970 1265 1134 1311 suscepit
1166 1277 1290 1302 rorem
1323 1266 1405 1302 sine
1443 1267 1537 1303 lanae
1571 1268 1748 1313 laesione3

968 1313 1084 1349 Maria
1103 1314 1275 1359 concepit
1293 1313 1411 1349 filium
1433 1314 1512 1350 sine
1533 1315 1658 1351 carnis
1671 1326 1750 1352 cor-

968 1359 1154 1406 ruptione.
1179 1361 1330 1397 Gedeon
1351 1361 1531 1407 expressit
1551 1373 1691 1407 rorem,
1713 1367 1751 1399 et

968 1408 1150 1443 concham
1172 1418 1215 1443 ex
1236 1419 1279 1443 eo
1301 1407 1475 1454 replevit3
1500 1409 1616 1445 Maria
1640 1409 1750 1446 enixa

967 1459 1023 1490 est
1050 1454 1182 1498 tilium,
1211 1455 1273 1500 qui
1304 1458 1419 1491 totum
1454 1456 1637 1492 mundum
1663 1467 1749 1493 rore

967 1501 1098 1547 gratiae
1130 1501 1300 1547 replevit.
1318 1523 1363 1528 -—
1385 1503 1470 1538 Haec
1504 1506 1630 1539 autem
1655 1514 1746 1540 con-

967 1548 1087 1594 ceptio
1121 1549 1218 1584 facta
1239 1553 1296 1584 est
1323 1559 1388 1594 per
1419 1550 1744 1587 annuntiationem

967 1595 1165 1638 Gabrielis,
1181 1596 1281 1641 quod
1297 1596 1498 1642 figuratum
1514 1601 1570 1632 est
1583 1597 1621 1632 in
1637 1608 1744 1634 servo

965 1643 1140 1686 Abrahae,
1154 1646 1191 1678 et
1205 1644 1241 1678 in
1257 1643 1424 1679 Rebecca
1445 1643 1524 1679 tilia
1537 1644 1742 1680 Bathuelis.

966 1690 1154 1726 Abraham
1178 1690 1277 1725 misit
1299 1701 1460 1733 servum,
1478 1694 1517 1726 ut
1534 1691 1581 1727 de
1602 1691 1745 1737 virgine

966 1736 1044 1772 filio
1066 1748 1132 1773 suo
1150 1736 1188 1772 in
1211 1748 1387 1783 sponsam
1414 1737 1652 1784 provideret3
1677 1739 1745 1775 Re-

966 1784 1080 1820 becca
1100 1787 1223 1820 autem
1244 1784 1373 1820 nuntio
1396 1788 1525 1830 potum
1538 1786 1743 1831 praebebat,

967 1834 1003 1866 et
1024 1831 1108 1867 ideo
1133 1842 1215 1867 eam
1236 1831 1314 1866 filio
1336 1831 1476 1867 domini
1500 1832 1555 1868 sui
1575 1832 1616 1868 in
1634 1843 1745 1879 spon-

967 1889 1047 1914 sam
1069 1878 1242 1924 eligebat.
1267 1878 1326 1914 Sic
1346 1879 1457 1914 Pater
1470 1879 1633 1915 coelestis
1644 1881 1745 1916 misit

965 1925 1147 1978 Angelum
1164 1936 1285 1969 suum,
1308 1929 1348 1961 ut
1365 1925 1456 1961 Filio
1469 1936 1535 1961 suo
1557 1930 1746 1972 quaereret
1766 1944 1769 1947 Δ

967 1973 1150 2018 v1rginem
1177 1972 1216 2007 in
1244 1975 1403 2008 matrem
1435 1984 1442 2008 :
1472 1972 1534 2018 qui
1558 1973 1745 2020 virginem

936 2017 938 2019 ’
966 2019 1284 2063 decentissimam,
1313 2018 1453 2056 scilicet
1476 2019 1646 2066 Mariam,
1683 2020 1746 2056 in-

966 2066 1079 2119 venit,
1105 2077 1187 2113 quae
1216 2066 1288 2103 sibi
1322 2070 1466 2112 potum,
1488 2067 1526 2102 id
1551 2070 1622 2111 est,
1649 2078 1744 2104 nun—

965 2113 1110 2149 nationi
1152 2125 1230 2150 suae
1265 2124 1488 2150 consensum
1532 2114 1648 2150 dedit.
1677 2115 1745 2151 Re-

964 2161 1079 2197 becca
1105 2172 1181 2197 non
1202 2161 1323 2198 solum
1346 2160 1535 2204 nuntium,
1551 2161 1617 2197 sed
1630 2161 1743 2198 etiam

965 2208 1129 2244 camelos
1148 2209 1230 2254 ejus
1249 2207 1392 2255 potavit
1410 2219 1419 2244 ε
1440 2207 1558 2244 Maria
1576 2212 1654 2244 tam
1673 2210 1744 2244 An-

964 2255 1072 2308 gelis,
1103 2265 1218 2301 quam
1251 2254 1466 2292 hominibus
1494 2255 1638 2292 fontem
1657 2255 1742 2292 vitae

965 2302 1190 2348 propmavit.

1010 2352 1054 2385 55
1082 2351 1274 2385 Discessus
1295 2349 1500 2386 Gamunms.
1522 2371 1568 2376 —
1587 2350 1738 2387 Gabriel

962 2395 1101 2449 itaque,
1128 2400 1280 2443 peracto
1322 2396 1523 2442 legationis
1551 2408 1628 2434 suae
1650 2397 1740 2433 offi-

963 2453 1032 2488 Clo,
1052 2448 1270 2480 reverenter
1290 2454 1329 2480 se
1348 2443 1546 2489 inclinans,
1569 2444 1739 2481 Dominae

962 2501 1037 2526 suae
1052 2491 1222 2527 valefecit
1240 2502 1248 2526 :
1270 2493 1318 2527 Et
1336 2491 1503 2527 discessit
1521 2492 1567 2527 ab
1588 2493 1657 2527 illa
1669 2495 1739 2527 An-

960 2539 1061 2581 9elus
1081 2541 1118 2573 et
1139 2537 1336 2584 disparuit,
1357 2539 1525 2584 gaudens
1550 2537 1679 2584 utique
1702 2541 1736 2574 et

961 2585 1164 2629 exsultans,
1182 2585 1270 2631 quia
1289 2585 1574 2632 responsionem
1588 2586 1665 2621 Deo
1679 2595 1739 2621 ac-

960 2631 1181 2677 ceptabilem
1208 2632 1395 2668 relaturus
1413 2635 1505 2668 erat.
1534 2633 1616 2668 Jam
1635 2631 1737 2668 enim

959 2682 1112 2714 venerat
1137 2689 1312 2725 sponsus,
1334 2682 1369 2715 et
1389 2678 1473 2715 ideo
1497 2678 1651 2714 recessit
1668 2689 1735 2725 pa-

958 2726 1202 2771 ranymphus,
1242 2726 1434 2762 dimittens
1472 2736 1650 2772 sponsum
1695 2725 1734 2760 in

959 2772 1196 2809 sanctissimo
1223 2783 1369 2819 sponsae
1391 2772 1575 2817 cubiculo,
1603 2772 1734 2808 matri-

959 2819 1084 2855 monio
1099 2824 1373 2856 consummato.
1389 2819 1567 2855 Discessit
1583 2819 1734 2866 quidem
