1902 3126
174 115 229 145 2¹0
652 110 797 144 PRIMAE
833 111 990 146 PARTIS

175 188 260 221 ante
293 192 347 217 me
385 182 506 224 factus
543 181 608 220 est,
647 177 843 224 dignitate,
864 181 952 225 quia

169 233 277 278 prior
310 239 365 263 me
387 230 464 262 erat
499 225 720 262 aeternitate.
744 228 792 262 Et
817 237 878 271 eqo
898 238 956 263 ne-

171 277 328 314 sciebam
364 285 455 314 cum,
478 276 657 318 quantum
683 273 731 308 ad
755 283 955 319 personam

173 323 462 361 determinatam
486 324 574 356 ante
607 330 714 355 suum
740 321 787 356 ad
811 332 870 357 me
890 322 956 357 ad-

174 374 326 407 ventum
345 380 353 411 ;
374 369 436 403 scd
452 372 491 402 ut
508 368 760 411 manifestetur
775 369 814 403 in
829 370 955 412 Israel,

176 418 213 454 id
235 421 305 459 est,
332 417 399 462 ipsi
426 414 553 458 lsrael,
572 417 764 460 propterea
794 418 877 450 veni
897 426 958 458 eyo

176 467 215 500 in
251 474 348 508 aqua
389 463 600 507 baptizans,
631 464 668 496 et
699 462 958 507 poenitentiam

175 510 400 558 praedirans.
425 509 525 551 Ideo,
555 507 689 554 inquit,
711 508 900 544 desertum
922 511 958 543 et

177 557 418 594 solitudinem
445 555 593 598 reliqui,
615 558 652 590 et
684 555 732 590 ad
764 555 958 601 planitiem

177 604 408 641 descendens
440 601 627 648 baptizare
652 601 760 646 coepi,
779 607 818 638 ut
840 601 958 637 mani-

176 652 352 688 festarem
374 659 458 686 eum
481 649 617 695 populo
644 648 807 694 undique
827 649 873 684 ad
899 658 958 683 me

179 697 402 738 confluenti3
437 699 556 731 totum
587 695 688 731 enim
710 695 873 731 officium
895 697 957 730 Jo-

175 744 285 781 annis
320 744 359 778 in
394 742 619 788 baptizando
651 745 687 777 et
715 742 955 787 praedicando

175 795 256 828 erat
282 790 494 826 ordinatum
533 789 581 824 ad
608 788 953 824 manifestationem
997 828 998 831 Ἴ

177 838 329 881 Christi,
351 837 396 873 ad
422 834 676 871 testimonium
697 836 743 871 de
765 846 808 870 eo
830 836 955 880 perhi-

176 885 354 922 bendum.
385 884 488 919 Unde
522 882 589 917 fuit
624 881 694 917 sibi
727 885 956 927 praeceptum

176 943 199 968 a
224 931 399 973 Domino,
422 933 462 965 ut
499 927 707 973 baptizaret
731 928 770 963 in
806 928 955 963 nomine

176 977 336 1020 venturi,
362 981 395 1011 et
418 975 640 1020 praedicaret
655 975 735 1020 ejus
752 975 955 1010 adventum

181 1029 218 1061 et
234 1025 465 1070 praepararet
486 1020 665 1067 populum
686 1022 734 1057 ad
758 1032 844 1057 eum
866 1022 957 1057 reci-

180 1071 386 1116 piendum3
435 1072 471 1104 et
516 1068 662 1104 terebat
703 1070 869 1105 Joannes
911 1069 958 1104 de

177 1117 326 1154 Christo
348 1115 490 1161 pluries
509 1115 782 1160 testimonium,
811 1119 852 1152 ut
880 1116 959 1152 cffi-

180 1163 307 1200 cacius
331 1166 431 1198 esset
451 1162 592 1207 pluries
614 1163 745 1198 latum.

221 1215 243 1254 4
263 1212 424 1247 JOANNEs
456 1221 596 1245 NARRAT
618 1221 657 1244 sn
682 1221 817 1244 wmssn
843 1210 956 1245 Srim-

174 1269 244 1294 TUM
299 1258 463 1293 SANCTUM
518 1266 791 1291 DESCENDENTEM
841 1268 959 1292 suren

174 1306 368 1342 Cmnsrmi.
389 1324 433 1329 —
455 1303 695 1348 Deindeergo
711 1314 840 1339 rursus
862 1306 960 1339 testi-

173 1354 333 1388 monium
362 1351 563 1396 perhibuit,
588 1351 710 1385 dicens
732 1363 742 1385 .·
771 1352 858 1395 quia
881 1352 961 1386 vidi

172 1401 353 1445 Spiritum
367 1399 542 1433 Sanctum
551 1398 818 1433 descendentem
837 1400 956 1442 quasi,

174 1450 211 1482 et
236 1456 337 1488 vere,
360 1445 562 1480 columbam
581 1445 624 1480 de
646 1446 742 1485 coelo,
766 1448 798 1480 et
824 1447 961 1480 mansit

175 1504 218 1529 ac
238 1492 333 1528 sedit
364 1502 472 1537 super
489 1503 567 1526 eum
590 1505 600 1526 :
628 1492 699 1527 hoc
721 1491 789 1527 suit
811 1495 959 1536 quando

173 1542 340 1576 Joannes
363 1549 447 1574 eum
466 1539 679 1584 baptizavit.
704 1540 745 1574 In
759 1549 803 1574 eo
822 1538 960 1574 mansit

176 1586 336 1632 Spiritus
364 1587 533 1629 Sanctus,
555 1585 669 1621 etiam
702 1595 744 1620 ex
765 1596 838 1630 quo
872 1596 959 1621 con-

175 1636 303 1679 ceptus
324 1637 392 1675 est,
420 1643 493 1667 non
522 1633 641 1668 solum
670 1632 898 1677 baptizatus;
921 1633 959 1668 in

175 1680 261 1717 aliis
293 1690 380 1715 vero
421 1679 646 1724 quandoque
676 1679 792 1722 veuit,
829 1682 864 1714 rt
892 1690 960 1725 per

174 1730 369 1774 peccatum
383 1725 536 1761 recedit.
548 1726 651 1762 Unde
665 1727 956 1770 chrysostomus:

178 1789 196 1808 «
214 1776 255 1810 ln
279 1773 424 1810 Christo
444 1773 602 1818 Spiritus
625 1774 782 1809 Sanctus
800 1774 957 1809 descen-

175 1822 229 1857 dit
248 1824 285 1857 et
302 1820 523 1865 permansit,
546 1824 711 1855 ceterum
737 1822 770 1855 in
794 1820 957 1856 homini-

174 1869 245 1904 hus
280 1867 475 1902 descendit
498 1867 662 1912 quidem,
688 1867 753 1902 sed
776 1878 850 1902 non
873 1878 957 1913 per-

175 1917 321 1957 manet;
339 1914 487 1959 quando
510 1913 609 1950 enim
624 1914 960 1959 irascimur,quan-

175 1962 222 1998 do
232 1960 478 2004 detrahimus,
494 1961 747 2006 quandohanc
767 1961 958 1997 tristitiam

173 2010 368 2051 habemus,
423 2018 507 2053 quae
545 2007 646 2044 ducit
692 2008 740 2044 ad
781 2012 957 2053 mortem,

176 2056 327 2102 quando
344 2055 549 2100 cogitamus
565 2066 609 2091 ea
623 2065 705 2100 quae
723 2055 845 2091 carnis
859 2059 958 2100 sunt,

175 2106 351 2149 putamus
383 2103 471 2147 quia
502 2101 660 2148 Spiritus
697 2103 853 2138 Sanctus
881 2114 957 2138 non

176 2153 373 2196 permanet
412 2149 450 2184 in
481 2148 602 2185 nobis.
637 2149 843 2195 Siquando
867 2161 957 2195 ergo

178 2195 266 2232 boni
286 2195 426 2240 aliquid
447 2195 668 2241 cogitamus,
691 2197 854 2233 sciamus
869 2197 958 2243 quia

178 2242 337 2289 Spiritus
365 2243 520 2278 Sanctus
541 2243 686 2279 habitat
712 2244 749 2280 in
771 2244 900 2290 nobis3
927 2244 957 2280 si

177 2300 266 2326 vero
301 2289 442 2333 aliquid
473 2290 575 2333 mali,
608 2290 757 2335 signum
778 2295 834 2327 est
859 2291 959 2337 quod

179 2336 338 2383 Spiritus
363 2337 521 2372 Sanctus
552 2337 707 2373 recessit
733 2348 754 2373 a
774 2340 880 2374 nobis
906 2350 913 2374 :
937 2353 956 2372 »

179 2385 258 2420 haee
285 2385 571 2428 Chrysas-tomus.
601 2385 785 2427 Quamdiu
807 2385 960 2431 spiritus

179 2434 306 2467 manet
335 2430 500 2466 inclusus
520 2430 559 2466 in
587 2441 757 2477 corpore,
790 2433 960 2478 quamvis

179 2488 315 2524 corpus
334 2477 427 2513 illud
447 2477 494 2513 sit
520 2477 559 2513 in
584 2489 696 2523 aqua,
720 2479 816 2515 bene
837 2483 960 2525 potest

178 2524 354 2561 fluctibus
380 2528 417 2560 et
441 2524 553 2560 undis
579 2525 728 2572 agitari,
755 2536 957 2572 numquam

179 2575 307 2608 tamen
322 2571 588 2618 submergitur,
600 2573 666 2609 sed
674 2583 822 2618 semper
834 2583 960 2619 super-

178 2622 283 2655 natat
314 2622 352 2656 et
385 2620 541 2655 fluctuat
563 2631 572 2655 ι
594 2619 625 2656 si
658 2623 783 2656 autem
803 2630 871 2665 per
891 2620 958 2655 ali-

178 2676 292 2712 quam
323 2670 470 2712 partem
517 2667 573 2703 sui
618 2677 717 2713 aqua
759 2666 958 2711 subintrat,

177 2715 268 2751 tunc
292 2713 445 2761 spiritus
467 2713 554 2759 exit3
576 2717 613 2751 et
635 2724 770 2761 corpus
789 2714 958 2751 submer-

1027 109 1166 145 CAPUT
1205 109 1330 144 XXIII

992 192 993 195 ¹
1029 180 1130 226 gitur
1149 182 1185 215 et
1198 177 1377 225 perit.Sic
1396 177 1448 213 illi
1464 178 1625 225 quisunt
1641 179 1680 215 in
1700 180 1810 226 aquis

1029 226 1171 269 mnndi,
1201 236 1244 261 ac
1279 224 1494 261 divitiarum
1525 229 1561 261 et
1590 225 1808 263 deliciarum

1030 272 1307 319 temporalium,
1323 272 1351 307 si
1371 272 1509 308 habent
1529 272 1715 309 inclusum
1733 273 1811 320 Spi-

1030 321 1142 356 ritum
1155 321 1331 356 Sanctum
1345 329 1587 364 peramorem
1597 321 1662 356 Dei
1677 323 1715 356 et
1726 330 1811 366 pro-

1031 367 1133 411 ximi,
1152 367 1239 402 licet
1252 366 1440 411 agitentur
1457 378 1479 402 a
1498 366 1673 403 fluctibus
1693 370 1812 403 tenta-

1031 414 1175 450 tionum
1207 416 1243 449 et
1274 413 1571 457 tribulationum,
1606 423 1811 459 numquam

1033 464 1158 497 tamen
1179 461 1483 505 submerguntur.
1505 461 1561 496 Ad
1582 461 1652 496 hoc
1669 464 1810 504 autem,

1033 512 1074 543 ut
1105 509 1199 543 bene
1231 507 1445 542 custodiant
1472 507 1649 552 Spiritum
1682 507 1810 551 istum,

1033 554 1238 599 requiritur
1252 554 1352 598 quod
1368 554 1531 589 habeant
1557 564 1690 590 sensus
1715 554 1814 590 clau-

1035 611 1096 636 sos
1113 601 1160 635 ad
1182 603 1331 635 terrena
1350 603 1387 635 et
1404 600 1531 635 mundi
1553 601 1809 644 delectabilia;

1034 648 1119 692 quia
1156 648 1192 681 in
1217 656 1304 681 vase
1334 646 1429 682 bene
1458 647 1585 682 clauso
1607 657 1812 693 numquam

998 722 999 726 ,
1033 704 1130 739 aqua
1150 692 1320 736 intrabit,
1341 702 1409 728 nec
1435 692 1547 728 etiam
1580 704 1648 739 per
1676 705 1810 730 conse-

1033 751 1151 786 quens
1172 739 1331 785 Spiritus
1350 739 1396 774 de
1418 749 1461 775 eo
1490 739 1616 775 exibit.

1080 791 1099 822 5
1121 788 1245 822 ANTEA
1270 797 1459 822 NESCIEBAT
1486 798 1569 822 EUM.
1603 807 1650 813 —
1671 786 1813 823 Deinde

1031 834 1167 870 iterum
1203 833 1394 879 subjungit
1419 844 1428 868 ι
1449 835 1496 869 Et
1526 844 1588 877 eqo
1613 834 1812 870 nesciebam

1031 892 1124 917 eum.
1160 880 1371 918 Secundum
1407 881 1710 925 chrysostomum,
1745 891 1811 917 ne-

1032 928 1173 964 sciebat
1203 938 1288 964 eum
1312 927 1494 963 facialiter
1528 931 1730 973 antequam
1763 927 1812 964 ad

1032 975 1258 1021 baptismum
1279 974 1436 1018 veniret,
1456 974 1543 1019 quia
1563 978 1666 1010 extra
1690 977 1813 1020 pater-

1033 1033 1121 1058 nam
1140 1022 1292 1058 domum
1322 1021 1359 1057 in
1380 1021 1528 1057 deserto
1550 1024 1807 1065 conversatus,

998 1106 999 1114 ,
1027 1069 1285 1114 personaliter
1315 1079 1401 1104 eum
1436 1072 1523 1104 ante
1559 1072 1706 1114 tempus
1735 1079 1810 1115 quo

1032 1116 1134 1152 venit
1163 1116 1209 1152 ad
1229 1116 1447 1159 Jordanem,
1470 1126 1544 1151 non
1566 1118 1734 1159 noverat,
1764 1114 1809 1150 li-

1034 1167 1092 1199 cet
1126 1163 1292 1198 novisset
1322 1162 1521 1198 Dominum
1543 1162 1729 1199 Christum
1749 1173 1814 1198 na-

1034 1213 1112 1245 tum
1149 1210 1195 1245 de
1219 1211 1261 1246 B.
1284 1209 1449 1254 Virgine,
1492 1209 1555 1254 qui
1592 1209 1630 1245 in
1673 1209 1813 1255 Spiritu

1036 1258 1170 1292 Sancto
1197 1255 1387 1302 baptizare
1425 1256 1603 1299 debebat;
1634 1257 1700 1292 sed
1726 1267 1811 1292 cum

1000 1331 1001 1334 ,
1035 1303 1203 1339 Christus
1243 1302 1532 1349 praesentialiter
1567 1302 1724 1339 accessit
1760 1303 1809 1339 ad

1034 1349 1276 1396 baptismum,
1297 1349 1425 1385 divina
1454 1349 1684 1386 revelatione
1710 1349 1813 1386 novit

1035 1409 1135 1440 eum,
1158 1407 1269 1442 quem
1294 1396 1398 1442 prius
1426 1396 1608 1433 facialiter
1640 1407 1715 1433 non
1744 1407 1812 1434 no—

1035 1446 1388 1488 verat.Au9ustinus
1397 1447 1522 1480 autem
1534 1444 1648 1480 refert
1657 1445 1812 1482 verbum

1035 1492 1229 1531 nesciebat,
1258 1491 1306 1527 ad
1328 1494 1553 1536 potestatem
1582 1491 1809 1528 excellentias

1000 1570 1001 1573 ,
1036 1539 1074 1574 in
1090 1538 1294 1590 baptismo,
1317 1548 1429 1590 quam
1449 1538 1617 1575 Christus
1637 1538 1706 1575 sibi
1721 1538 1813 1575 reti-

999 1602 1001 1629 i
1035 1589 1128 1629 nuit,
1154 1596 1195 1621 ac
1215 1596 1283 1631 per
1308 1595 1471 1631 seipsum
1490 1596 1663 1621 exercere
1682 1589 1719 1622 et
1737 1596 1813 1622 non

1035 1632 1143 1668 alteri
1163 1632 1397 1668 committere
1417 1632 1546 1676 voluit,
1569 1633 1655 1678 quia
1670 1632 1812 1669 nescie-

1034 1680 1098 1716 bat
1118 1680 1217 1725 quod
1238 1679 1333 1714 hanc
1353 1679 1610 1715 excellentiam
1634 1679 1670 1715 in
1692 1680 1812 1726 bapti-

1035 1726 1151 1762 zando
1167 1726 1237 1762 sibi
1258 1725 1437 1762 retineret
1464 1726 1568 1762 Unde
1584 1730 1716 1771 postea
1730 1727 1814 1763 sub-

1034 1773 1165 1809 ditur:
1193 1775 1260 1809 Hic
1286 1777 1337 1808 est
1365 1774 1429 1818 qua·
1459 1773 1635 1819 baptizat,
1673 1773 1814 1810 scilicet

1034 1821 1151 1864 solus,
1162 1822 1344 1865 quantum
1362 1820 1409 1855 ad
1424 1819 1533 1856 istam
1541 1820 1810 1858 excellentiam.

998 1886 999 1889 =
1035 1867 1101 1904 Ubi
1126 1867 1343 1910 notandum,
1374 1868 1473 1912 quod
1505 1867 1674 1913 potentia
1692 1867 1811 1914 bapti-

1033 1913 1141 1950 zandi
1163 1913 1353 1959 multiplex
1369 1917 1425 1949 est
1449 1925 1457 1949 :
1477 1914 1599 1959 prima
1620 1917 1813 1951 estaucto·

1034 1961 1169 2004 ritatis‚
1193 1971 1306 2006 quam
1334 1962 1431 1996 Deus
1448 1961 1539 1996 nulli
1559 1961 1813 1998 communica-

1036 2008 1085 2043 vit
1104 2019 1173 2043 nec
1191 2007 1467 2044 communicare
1476 2007 1612 2055 potuit,
1630 2008 1725 2045 sicut
1745 2019 1814 2045 nec

1032 2055 1239 2101 potentiam
1275 2054 1442 2091 creandi.
1481 2076 1524 2081 —
1555 2055 1727 2092 Secunda
1757 2059 1814 2093 est

1034 2101 1353 2143 subauctoritatis‚
1375 2112 1487 2147 quam
1499 2102 1618 2148 potuit
1633 2103 1738 2149 dare,
1755 2113 1812 2139 se-

1034 2149 1198 2186 cundum
1227 2148 1458 2195 Magistrum,
1489 2149 1556 2185 sed
1582 2149 1721 2194 noluit;
1746 2150 1810 2186 alii

1033 2200 1158 2233 autem
1187 2195 1317 2233 dicunt
1337 2196 1436 2241 quod
1462 2207 1537 2232 non
1556 2196 1690 2242 potuit,
1723 2196 1812 2242 quia

1032 2243 1200 2290 implicat
1226 2243 1433 2290 potentiam
1465 2242 1632 2287 creandi,
1670 2243 1810 2280 scilicet

1033 2291 1206 2337 gratiam.
1239 2311 1286 2317 —
1311 2289 1434 2326 Tertia
1454 2293 1510 2326 est
1543 2289 1812 2335 innovationis,

1034 2349 1146 2384 quam
1172 2338 1262 2374 dare
1285 2337 1417 2384 potuit,
1439 2348 1527 2374 nam
1546 2340 1676 2384 posset
1698 2339 1810 2382 Deus,

1033 2386 1062 2421 si
1087 2385 1209 2430 vellet,
1229 2385 1330 2431 quod
1356 2384 1568 2430 Baptismus
1594 2385 1748 2421 daretur
1771 2384 1811 2421 in

1033 2432 1186 2469 nomine
1204 2431 1322 2469 sancti
1342 2431 1532 2477 Petri,aut
1549 2431 1667 2468 sancti
1685 2431 1809 2477 Pauli;

1033 2480 1099 2516 sed
1119 2480 1191 2516 hoc
1211 2478 1342 2524 noluit,
1369 2489 1417 2515 ne
1449 2489 1554 2525 spem
1589 2479 1627 2515 in
1659 2477 1811 2515 homine

1031 2537 1270 2572 poneremus,
1300 2529 1337 2562 et
1372 2536 1419 2562 ne
1440 2527 1548 2563 fieret
1578 2525 1754 2570 schisma,
1773 2528 1812 2562 et

1031 2578 1086 2610 tot
1123 2577 1250 2610 essent
1292 2573 1472 2620 Baptismi
1505 2576 1596 2619 quot
1623 2574 1808 2618 baptistae.

998 2644 999 2654 1
1034 2641 1069 2646 —
1095 2622 1235 2664 Quarta
1256 2623 1313 2656 est
1332 2620 1573 2664 excellentiae,
1597 2622 1686 2665 puta
1710 2619 1812 2666 quod

1030 2679 1126 2704 unus
1146 2667 1353 2714 baptizaret
1370 2667 1559 2704 efficacius
1569 2667 1658 2711 alio,
1684 2670 1721 2703 et
1740 2667 1811 2703 hoc

998 2717 1000 2757 ᾗ
1031 2715 1144 2752 etiam
1198 2715 1342 2753 nemini
1385 2718 1444 2752 est
1485 2724 1719 2751 concessum.
1763 2730 1810 2740 -
