1876 3126
98 169 161 202 338
612 161 756 196 PRIMAE
793 163 955 197 PARTIS
992 164 1135 198 CAPUT
1172 164 1231 198 XL

103 237 226 283 quitas
272 235 428 270 obtutus
462 232 544 277 ejus
582 231 747 267 ostendit
797 231 891 267 indi-

102 294 233 329 gnum.
250 296 262 314 >³
286 284 329 317 Et
347 279 498 316 tandem
519 289 585 314 eos
601 282 753 324 prepter
773 289 888 324 opera

106 329 315 375 iniquitatis
354 326 566 373 abjiciendo
585 353 595 366 ‚
640 326 834 371 subjungit
879 338 887 362 z

101 377 284 413 Discedite
308 387 329 410 α
365 385 433 417 me,
468 374 588 409 bonos
616 373 887 418 glorificantes,

103 426 171 470 quel
188 423 392 468 operamini
416 422 664 465 iniquitatem.
688 420 887 465 Discedite,

103 472 141 507 id
164 475 217 506 est
255 469 363 505 divisi
387 478 454 514 per
481 466 732 512 iniquitatem,
766 467 888 503 cedite

103 519 143 554 in
166 521 347 553 {eternam
378 514 676 555 damnationem,
699 525 775 549 non
797 525 887 560 ergo

104 565 295 610 cognoscit
318 562 390 599 nisi
419 572 506 598 eum
541 561 603 606 qui
632 565 809 607 operatur
837 573 888 597 ae-

106 613 307 658 quitatem,
328 622 349 646 a
370 611 460 653 Deo,
492 608 555 660 qui
578 608 716 653 ubique
740 612 809 649 est,
828 609 888 654 ju-

107 660 246 695 bentur
270 657 458 699 recedere,
473 666 562 701 quia
580 655 664 691 licet
686 655 731 690 sit
751 655 889 700 ubique

106 717 175 753 per
202 704 445 752 praesentiam
475 702 638 746 deitatis,
663 713 739 737 non
761 705 889 737 tamen

106 758 149 789 ut
171 754 360 797 objectum
378 749 633 787 beatitudinis.
657 749 889 784 Dicitautem

106 801 145 836 in
162 799 357 847 praesenti,
384 797 445 843 qui
478 796 702 842 operamini,
726 795 816 847 quia
834 795 889 847 af-

107 848 230 884 sectus
244 847 371 883 ‘nialus
405 845 527 880 adhuc
556 846 726 878 remanet
750 853 787 876 in
820 852 888 877 eis.

109 895 213 931 Unde
248 897 513 936 Hieronymus:
544 903 561 922 «
584 891 665 924 Non
697 889 801 931 dixit,
828 888 889 933 qui

109 942 252 988 operati
279 940 368 976 estis
394 936 644 982 iniquitatem,
674 946 719 970 ne
741 935 890 987 videre7

108 992 171 1024 tur
211 989 343 1023 tollere
382 983 641 1031 poenitentiam
669 1011 677 1025 ,
721 983 786 1017 sed
827 993 890 1027 qui

110 1033 334 1081 operamini,
348 1034 417 1067 hoc
438 1034 506 1072 est,
525 1030 585 1075 qui
608 1029 773 1082 usquein
792 1040 890 1075 prae-

111 1085 255 1118 sentem
292 1082 440 1121 horam,
475 1087 559 1113 cum
591 1077 720 1122 judicii
744 1080 891 1122 tempus

110 1127 319 1171 advenerit,
357 1126 441 1161 licet
471 1135 546 1160 non
578 1124 748 1159 habeatis
774 1124 891 1159 sacul-

112 1180 225 1212 tatem
257 1172 451 1221 peccandi,
474 1174 602 1207 tamen
632 1171 754 1206 adhuc
777 1172 891 1206 habe-

109 1224 157 1259 tis
178 1223 368 1259 affectum.
387 1234 404 1252 »
423 1219 528 1254 Unde
544 1222 579 1254 et
597 1219 888 1263 Chrysostomus:

112 1285 130 1304 «
157 1272 237 1306 Non
279 1268 383 1311 dicit,
414 1265 473 1311 qui
511 1265 654 1311 operati
693 1265 796 1309 estis,
826 1265 891 1300 sed

112 1318 178 1359 ait,
202 1317 263 1362 qui
286 1313 495 1361 operamini
515 1312 751 1358 iniquitatem
774 1324 785 1357 3
805 1312 893 1357 quia

111 1364 233 1409 iniqui
248 1366 331 1410 post
349 1364 507 1397 mortem
523 1370 598 1412 non
617 1359 792 1395 desinunt
809 1370 892 1394 esse

111 1411 264 1457 iniqui,
301 1408 491 1456 quoniam.
531 1409 600 1442 etffl
629 1417 785 1452 peccare
818 1417 894 1441 non

111 1461 270 1506 possunt
293 1485 301 1501 ,
341 1453 521 1502 peccandi
555 1457 682 1489 tamen
722 1454 892 1489 volunta-

111 1513 189 1542 tem
216 1515 291 1541 non
328 1502 517 1539 amittunt.
551 1502 644 1536 Nam
682 1511 785 1536 mors
813 1502 893 1536 ani-

113 1564 214 1589 mam
250 1551 401 1598 quidem
436 1560 458 1585 a
489 1559 600 1584 carne
628 1551 790 1592 separat,
813 1548 893 1583 ani-

114 1611 186 1637 mae
202 1603 328 1636 auten]
344 1596 576 1643 propositum
588 1606 662 1630 non
676 1595 892 1631 immutat.»

114 1649 244 1693 Igitur,
284 1648 325 1681 ut
368 1644 420 1680 ait
451 1643 550 1678 idem
587 1643 862 1686 t'hrysostomus
883 1655 894 1677 .-

116 1707 133 1729 (ι
156 1693 279 1730 Voluit
298 1690 478 1727 Dominus
509 1689 678 1725 hocloco
710 1700 893 1733 asserere,

117 1741 216 1788 quid
238 1740 330 1774 tides
349 1739 489 1783 absque
518 1747 676 1782 operum
695 1736 892 1771 sanctitate

115 1789 168 1824 nil
189 1787 325 1830 valeat,
348 1788 385 1821 et
409 1795 483 1820 non
504 1783 614 1818 modo
635 1783 743 1826 tides,
767 1784 893 1818 sedne

115 1836 198 1882 ipsa
229 1834 379 1879 quidem
413 1830 576 1877 cuipiam
603 1830 790 1865 mirabilia
811 1840 894 1875 pro-

116 1883 242 1918 futura
262 1881 348 1923 sint,
369 1879 398 1914 si
422 1881 650 1922 eaoperatus
673 1877 784 1912 fuerit
805 1879 893 1912 abs-

117 1940 190 1975 que
219 1926 458 1974 possessione
491 1924 694 1967 virtutum;
725 1924 812 1969 quia
834 1935 894 1959 ne-

116 1987 190 2022 que
210 1975 317 2018 tides,
340 1983 460 2018 neque
481 1971 665 2008 mirabilia
689 1971 893 2016 qtndquam

116 2024 256 2066 valent,
281 2021 311 2057 si
330 2031 405 2055 non
426 2018 576 2055 assistat
599 2018 688 2053 vita.
714 2032 731 2051 n
761 2020 803 2053 Et
824 2018 892 2053 ite-

116 2081 200 2106 rum
225 2086 230 2104 z
263 2083 280 2102 α
303 2070 493 2113 Nusquam
530 2066 570 2101 in
592 2065 810 2111 operatione
844 2065 893 2101 si-

115 2127 275 2163 gnorum
297 2121 333 2151 et
364 2112 593 2150 mirahiIIum
614 2113 806 2149 beatitudo
827 2123 893 2159 po-

116 2165 231 2208 nitur,
251 2163 317 2198 sed
336 2161 377 2197 in
397 2160 607 2207 expletione
625 2161 893 2196 mandatorum

117 2215 155 2247 et
183 2208 426 2256 perfectione.
449 2207 516 2251 Qui
539 2207 731 2253 signorum
765 2210 801 2243 et
823 2207 893 2243 mi-

117 2257 295 2294 rabilium
327 2254 474 2290 indiciis
512 2255 663 2300 probari
703 2255 796 2297 vult,
819 2266 895 2290 non

117 2308 240 2351 potest
266 2303 406 2349 probus
444 2301 575 2337 videri.
601 2301 685 2337 Vita
722 2302 825 2337 enim
859 2305 896 2337 et

118 2356 223 2388 actus
245 2349 366 2397 probi,
388 2348 500 2384 etiam
527 2348 607 2384 siue
631 2349 747 2393 signis
775 2352 811 2385 et
831 2349 897 2384 mi-

116 2398 312 2441 rabilibus,
352 2398 544 2432 merentur
583 2406 789 2447 coronam;
829 2396 897 2431 ini-

119 2457 193 2492 qua
225 2451 349 2481 autem
382 2447 630 2485 conversatio,
653 2443 765 2477 etiam
791 2443 821 2478 si
850 2443 896 2478 si-

116 2505 192 2540 gna
213 2496 249 2529 et
270 2490 441 2538 prodigia
464 2489 607 2532 fecerit,
629 2490 809 2534 supplicia
821 2501 894 2525 non

117 2541 251 2577 evadet
273 2553 282 2574 :
310 2554 322 2570 »
346 2539 426 2573 haec
450 2538 737 2582 Gltrgssostomus.
759 2538 894 2572 Notan-

115 2589 205 2624 dum
225 2586 324 2633 quod
342 2585 403 2621 hic
423 2584 687 2620 miraculorum
709 2584 890 2628 operatio,

117 2635 343 2681 quandoque
372 2631 543 2679 provenit
566 2641 609 2666 ex
639 2630 770 2666 merito
792 2630 893 2665 invo-

115 2682 236 2717 cantis
255 2691 391 2716 nomen
412 2678 558 2715 Domini
575 2690 583 2722 3
604 2678 828 2724 quandoque
847 2688 889 2712 ex

115 2730 248 2765 morito
270 2727 369 2763 illius
391 2737 502 2772 super
535 2736 644 2771 quem
667 2725 860 2760 invocatur
880 2736 888 2767 ;

114 2777 341 2822 quaudoque
362 2785 429 2810 nec
450 2785 493 2809 ex
521 2773 652 2809 merito
676 2773 800 2818 hujus,
822 2782 891 2807 nec

966 244 1009 269 ex
1042 232 1176 269 merito
1206 232 1318 277 illius,
1358 233 1423 269 sed
1461 233 1508 270 ob
1541 233 1742 272 utilitatem

966 280 1237 324 assistentium,
1259 284 1298 316 ut
1323 279 1492 316 videntes
1518 281 1603 326 hoc,
1625 282 1744 318 Deum

965 328 1166 371 honorent,
1201 329 1239 363 et
1274 326 1311 362 in
1340 327 1528 363 Christum
1561 328 1742 374 credant;

966 375 1191 420 quandoque
1229 374 1276 410 ad
1317 374 1597 411 damnationem
1633 375 1744 412 invo-

965 421 1083 457 cantis
1124 425 1162 456 et
1201 421 1457 467 praesentium,
1498 425 1538 457 ut
1572 421 1745 459 videntes

965 479 1043 503 non
1062 468 1228 512 videant,
1252 472 1287 503 et
1321 469 1490 505 videntes
1505 470 1592 505 caeci
1623 469 1741 514 fiant;

965 515 1189 560 quandoque
1210 515 1323 551 etiarn
1344 515 1383 550 in
1404 516 1606 552 elationem
1629 519 1667 552 et
1690 527 1746 553 va-

964 572 1051 597 nam
1072 561 1230 607 gloriam
1251 562 1406 606 extollit,
1431 563 1489 598 vel
1512 563 1641 609 aliquo
1669 563 1744 600 alio

964 609 1091 652 modo,
1129 608 1279 643 facienti
1319 612 1441 644 nocet.
1479 611 1561 645 Non
1595 610 1745 647 mireris

965 665 1068 700 ergo,
1085 654 1115 689 si
1129 655 1353 700 quandoque
1373 655 1491 701 iniqui
1506 657 1743 703 prophetant,

964 708 1028 737 aut
1051 701 1234 736 miracula
1253 701 1417 744 faciunt3
1448 703 1535 748 quia
1551 702 1634 739 istae
1660 707 1747 740 sunt

965 748 1096 794 gratiae
1119 747 1183 783 Dei
1217 748 1334 794 gratis
1361 749 1471 792 datae,
1501 760 1583 794 quae
1607 751 1747 787 dantur

965 794 1225 841 principalitur
1258 796 1306 831 ad
1340 806 1579 832 communem
1604 797 1744 834 utilita-

964 846 1039 877 tem
1066 842 1255 886 Ecclesiae,
1284 845 1320 877 et
1345 853 1431 878 raro
1465 843 1513 879 ad
1546 843 1746 881 utilitatem

965 889 1168 934 singularis
1192 893 1437 934 personae3et
1458 890 1543 926 ideo
1571 891 1744 938 aliquan-

965 936 1011 971 do
1032 946 1099 982 per
1124 937 1242 971 malos
1278 936 1451 972 homines
1471 947 1494 972 a
1528 939 1603 973 Deo
1634 937 1744 975 nobis

965 984 1116 1027 dantur,
1162 983 1210 1018 ad
1258 983 1537 1020 invocationem
1580 984 1745 1021 nominis

966 1030 1119 1073 Christi,
1162 1041 1238 1065 non
1274 1034 1429 1077 propter
1471 1030 1605 1067 merita
1637 1031 1745 1068 invo-

965 1077 1147 1121 cantium,
1171 1077 1236 1113 sed
1255 1077 1301 1113 ad
1320 1077 1612 1114 declarationem
1629 1078 1746 1115 virtu-

964 1124 1012 1160 tis
1038 1123 1189 1167 Christi,
1214 1127 1252 1160 et
1286 1125 1614 1161 confirmationem
1639 1125 1744 1170 fidei,

967 1172 1055 1207 licet
1075 1170 1146 1217 ipsi
1165 1171 1385 1207 invocantes
1413 1172 1489 1207 sint
1510 1173 1612 1208 mali.
1644 1172 1748 1209 Sicut

967 1220 1068 1254 bona
1089 1219 1325 1264 eleemosyna
1358 1219 1559 1264 aliquando
1596 1219 1706 1255 datur
1725 1230 1748 1255 a

967 1267 1067 1302 bono
1088 1265 1256 1310 domino,
1279 1266 1468 1301 mediante
1502 1266 1601 1302 malo
1623 1277 1745 1302 servo.

967 1315 1114 1349 Bonum
1135 1323 1224 1358 ergo
1250 1316 1448 1356 sectemur,
1467 1313 1610 1349 malum
1635 1324 1749 1349 omne

967 1360 1127 1395 vitemus
1149 1387 1158 1404 ,
1195 1362 1348 1405 totoque
1384 1360 1519 1396 affectu
1553 1360 1750 1406 praeceptis

969 1406 1184 1443 coelestibus
1205 1407 1520 1452 obtemperemus,
1548 1418 1593 1443 ae
1611 1407 1750 1444 talibus

970 1454 1105 1490 officiis
1124 1453 1263 1499 cogniti
1284 1454 1351 1490 Dei
1369 1454 1504 1499 simus3
1519 1457 1749 1501 agentesque

968 1501 1093 1548 potius
1114 1501 1214 1546 quod
1233 1501 1326 1548 vult,
1351 1512 1463 1548 quam
1485 1502 1586 1548 quod
1610 1504 1747 1548 potest,

971 1548 1188 1595 gloriemur.

1019 1611 1039 1643 9
1060 1597 1220 1631 Aunmxs
1241 1606 1382 1631 VERBUM
1408 1596 1541 1631 Donum
1573 1606 1750 1636 smoLQUE

969 1654 1114 1678 FACIENS
1140 1653 1223 1677 vino
1258 1654 1417 1678 SAPIENTI
1437 1654 1682 1679 communen.
1704 1661 1750 1669 —

970 1692 1013 1725 Et
1036 1689 1125 1735 quia
1146 1689 1326 1724 Dominus
1349 1690 1496 1735 repellit
1517 1690 1639 1735 ipsum
1658 1699 1747 1725 con-

970 1737 1118 1772 fitentes
1138 1747 1218 1779 ore,
1252 1739 1286 1770 et
1325 1746 1439 1781 opere
1476 1738 1611 1782 Legem
1638 1746 1745 1772 suam

969 1795 1043 1819 non
1064 1783 1276 1829 implentes,
1296 1782 1485 1818 concludit
1504 1783 1748 1819 inutilitatem

969 1830 1132 1874 auditus,
1161 1830 1223 1865 ubi
1262 1840 1337 1865 non
1359 1830 1526 1875 sequitur
1557 1840 1680 1875 opus3
1710 1833 1748 1865 et:

969 1879 1147 1914 admonet
1185 1887 1252 1912 nos
1290 1880 1331 1912 ut
1363 1876 1499 1913 Christi
1534 1876 1765 1912 doctrinam‘

968 1935 1081 1970 opere
1105 1924 1340 1969 impleamus,
1368 1934 1414 1959 ne
1446 1934 1531 1959 cum
1564 1923 1747 1970 operariis

970 1971 1177 2016 iniquitatiS
1212 1971 1257 2006 ab
1297 1981 1341 2006 eo
1377 1970 1626 2015 discedamus,
1656 1970 1746 2016 quia

968 2018 1111 2054 inutilis
1126 2021 1182 2053 est
1193 2017 1299 2063 Legis
1313 2017 1469 2063 auditio,
1486 2017 1557 2053 nisi
1567 2020 1745 2064 sequatur

969 2065 1284 2112 operisimpletio.
1300 2065 1402 2101 Unde
1423 2064 1610 2101 concludit
1622 2068 1744 2101 totum

968 2113 1005 2148 in
1026 2116 1154 2148 monte
1179 2122 1406 2155 sermonem,
1425 2113 1529 2158 cujus
1553 2111 1743 2148 conclusio

970 2171 1081 2206 quam
1101 2159 1319 2195 terribiliter
1338 2158 1534 2204 inseratur,
1556 2159 1664 2194 valde
1691 2162 1744 2195 at-

969 2207 1202 2243 tendendum
1232 2210 1301 2243 est.
1331 2207 1454 2242 Omnis
1481 2217 1577 2251 erqo,
1606 2205 1742 2252 inquit,

969 2255 1072 2291 nullo
1108 2254 1270 2298 excluso,
1304 2256 1369 2299 qui
1393 2254 1513 2298 audit,
1537 2263 1627 2289 aure
1646 2253 1742 2289 inte-

969 2302 1060 2337 riori
1075 2301 1331 2347 intelligendo,
1347 2301 1455 2336 verba
1467 2311 1544 2336 mea
1558 2302 1644 2342 haee,
1660 2311 1745 2346 quae

972 2350 1116 2385 locutus
1140 2359 1221 2384 sum
1256 2348 1296 2383 in
1331 2351 1474 2394 aperto,
1498 2351 1531 2383 et
1564 2349 1658 2391 facit
1687 2358 1744 2391 ea,

969 2397 1104 2432 affectu
1138 2395 1317 2439 caritatis,
1346 2405 1459 2441 opere
1484 2394 1742 2441 adimplendo,

969 2444 1239 2479 assimilabitur
1267 2444 1345 2477 viro
1381 2444 1553 2487 sapienti,
1591 2441 1663 2477 sibi
1704 2443 1744 2478 in

969 2492 1134 2526 futurum
1155 2488 1378 2535 providenti,
1390 2491 1454 2534 qui
1467 2488 1664 2534 aedificavit
1681 2489 1747 2524 do-

967 2549 1064 2573 mum
1084 2548 1201 2580 suam,
1223 2536 1261 2572 id
1284 2538 1340 2571 est
1369 2537 1556 2572 bonorum
1581 2545 1740 2582 operum

968 2583 1299 2627 constructionem,
1320 2594 1433 2629 supra
1448 2586 1604 2629 petram.
1628 2582 1668 2618 id
1684 2585 1742 2619 est

967 2631 1168 2675 Christum,
1190 2631 1315 2666 omnia
1349 2641 1463 2676 opera
1497 2641 1566 2666 sua
1599 2629 1741 2666 faciens

966 2682 1119 2724 propter
1140 2678 1261 2724 ipsum
1279 2689 1287 2722 ;
1310 2677 1395 2713 talis
1416 2677 1516 2713 enim
1543 2676 1631 2712 facit
1651 2687 1741 2723 ope-

967 2736 1006 2760 ra
1028 2726 1127 2761 bona
1151 2726 1195 2761 de
1217 2736 1353 2771 genere
1374 2728 1411 2760 et
1438 2728 1539 2760 recta
1561 2723 1740 2759 intentio-

964 2783 1025 2817 ne,
1052 2784 1134 2819 quu:
1161 2773 1233 2809 duo
1254 2773 1496 2819 requiruntur
1514 2771 1560 2807 ad
1580 2770 1741 2818 impleti-
