1876 3126
235 174 286 207 DE
324 173 519 208 SECUNDA
558 173 605 207 ΕΤ
641 172 808 206 TERTIA.
846 173 1095 207 Vocarium:
1137 175 1498 209 lHSCll'ULOltUM.
1632 175 1695 210 243

51 253 170 288 genua
203 245 300 283 Jesu,
335 245 527 287 tamquam
563 251 673 277 suum
711 251 840 287 recog-

53 301 214 327 noscens
244 289 456 333 Dominum,
477 288 599 323 dicens
634 288 682 324 ad
716 298 801 324 eum
828 299 836 323 :

53 339 142 382 Emi,
165 341 201 374 et
236 336 367 373 recede
387 346 409 370 α
444 345 512 375 me,
549 337 712 379 Domine,
748 337 838 382 quia

51 386 153 421 homo
184 387 350 430 peccator
378 393 472 421 sum,
507 385 543 417 ct
571 393 645 418 non
675 393 758 419 sum
784 382 838 418 di-

53 442 152 478 gnus
169 430 340 467 habitare
367 429 405 464 in
427 433 491 466 tua
510 429 704 466 societate.
728 429 788 465 Exi
814 440 837 466 a

51 489 127 523 me,
148 478 235 524 quia
256 488 325 521 ego
347 477 460 512 homo
489 487 618 523 purus,
642 481 681 513 tu
702 478 836 513 homo—

54 527 175 569 Deus;
204 535 273 570 ego
296 527 484 570 peccator,
506 527 544 560 tu
567 528 742 567 sanctus3
766 535 835 570 ego

52 582 197 615 servus,
216 575 257 607 tu
294 571 490 607 Dominus.
513 572 624 614 Quasi
659 571 802 608 diceret
824 583 833 608 t

52 621 209 666 Separet
229 622 264 654 te
286 619 390 655 locus
414 629 436 654 a
457 629 531 663 me,
550 629 662 665 quem
684 623 836 665 separat

53 669 129 704 ate
155 665 339 713 fragilitas
372 669 532 705 naturae,
556 666 679 703 vilitas
701 667 834 713 culpae,

51 717 89 751 et
132 712 335 749 infirmitas
386 713 588 759 potentiae!
625 715 837 760 Reputabat

52 760 156 798 enim
193 771 232 797 se
264 760 462 806 indignum
508 771 591 797 esse
634 761 837 807 przesenHa

53 812 130 845 tam
162 812 301 844 sanctae
330 818 516 854 personae.
547 809 835 853 Argumentum,

52 855 142 902 quia
179 855 286 891 valde
328 855 539 891 timendum
582 860 638 891 cst
679 856 836 892 homimi

52 902 240 949 peccatori
262 906 392 938 sancta
408 906 576 948 tangere,
598 902 837 940 circumdare

52 949 188 988 Christi
211 950 344 993 altare,
366 950 413 986 ad
432 949 706 986 Eucharistiam
729 961 836 987 acce-

52 997 155 1034 dere.
181 997 362 1033 Dominus
389 1002 518 1033 autem
546 999 650 1033 Jesm
683 999 836 1034 Petrum

50 1044 294 1088 consolando,
332 1049 369 1080 et
399 1043 435 1080 ei
463 1044 701 1090 exponendo,
735 1045 837 1091 quod

50 1095 208 1139 captura
248 1091 409 1137 piscium
450 1091 683 1137 signiticaret
710 1096 839 1138 captu-

49 1149 130 1176 ram
151 1138 348 1175 hominum
374 1149 442 1185 per
459 1149 559 1185 eum,
583 1141 637 1175 ait
662 1139 709 1176 ad
731 1139 838 1176 illum

52 1186 196 1224 scilicet
230 1187 279 1222 ad
315 1188 498 1223 Simonem
533 1199 543 1222 :
577 1188 665 1225 Noli
697 1190 836 1232 timere,

51 1244 120 1270 nec
145 1234 383 1279 obstupesce,
405 1234 470 1269 sed
503 1233 630 1280 potius
657 1235 780 1280 gaude
801 1238 839 1271 et

51 1281 178 1325 crede,
199 1281 288 1327 quia
323 1280 457 1326 majori
484 1281 777 1327 praedestinatus
798 1293 838 1318 es

0 1344 2 1349 ·
53 1327 266 1375 piscationi,
289 1327 363 1363 alia
385 1327 490 1364 navis
505 1333 542 1364 et
564 1328 639 1365 alia
658 1329 754 1365 retia
771 1330 837 1365 da-

54 1378 198 1413 buntur
220 1374 305 1419 tibi,
330 1386 449 1421 usque
479 1376 589 1412 modo
613 1376 745 1423 cepisti
772 1387 839 1424 per

56 1422 152 1460 retia
176 1422 317 1470 pisces,
339 1433 384 1458 ea:
409 1424 473 1458 hoc
487 1423 583 1468 Jam,
605 1423 643 1459 id
661 1428 732 1468 est,
753 1428 839 1470 post

55 1471 126 1506 hoc
146 1475 297 1517 tempus
324 1475 360 1506 et
380 1470 427 1506 de
452 1475 591 1515 cetero,
611 1482 686 1507 non
709 1475 837 1507 tamen

54 1517 194 1562 statim,
223 1521 294 1554 eris
332 1520 491 1563 capiens,
515 1528 583 1564 per
620 1520 736 1555 verba
775 1521 837 1554 Ιιο-

53 1567 180 1606 mines,
196 1576 264 1612 per
281 1576 412 1601 sanan]
425 1564 638 1602 doctrinam
652 1566 837 1602 trahendo

52 1623 116 1649 eos
135 1612 184 1648 ad
208 1612 304 1648 viam
324 1612 456 1648 salutis
479 1624 487 1648 ε
511 1613 581 1648 hoc
602 1618 657 1648 est
677 1613 726 1649 ad
745 1623 839 1659 prae·

51 1659 250 1696 dicationis
285 1659 455 1695 officium
491 1660 710 1696 assumeris.
751 1662 840 1696 Ver-

51 1708 141 1744 bum
162 1707 262 1743 enim
283 1706 349 1743 Dei
378 1707 490 1743 hamo
517 1706 716 1753 piscatoris
736 1718 836 1744 com-

50 1758 234 1802 paratur:
254 1753 345 1800 quia
366 1754 464 1790 sicut
484 1755 620 1791 hamus
642 1766 717 1791 non
738 1754 839 1802 capit

51 1801 193 1849 piscem
220 1801 293 1837 nisi
317 1802 363 1838 ab
385 1801 466 1847 ipso
486 1801 672 1848 capiatur,
696 1802 748 1839 sic
770 1813 838 1839 nec

51 1850 210 1886 verbum
231 1848 296 1885 Dei
314 1849 416 1895 capit
435 1849 628 1886 hominem
655 1850 703 1886 ad
724 1850 838 1886 vit-am

55 1901 251 1939 aeternam,
271 1895 342 1932 nisi
378 1896 502 1941 ipsum
529 1897 686 1933 verbum
711 1901 838 1934 mente

54 1945 138 1991 ejus
159 1947 349 1979 teneatur.
371 1943 451 1987 Yel,
471 1955 515 1980 ex
536 1944 607 1980 hoc
625 1943 701 1980 eris
720 1944 840 1980 homi-

55 2002 123 2028 nes
163 1990 328 2037 capiens,
368 1989 406 2025 id
433 1994 503 2035 est,
539 2001 582 2027 ex
618 1991 690 2027 hoc
737 1991 839 2038 quod

53 2039 195 2075 factum
229 2042 300 2081 est,
342 2036 576 2083 significatur
619 2038 722 2085 quod
772 2040 839 2075 ho-

55 2085 178 2123 mines
198 2085 342 2132 capies;
366 2085 437 2126 vel,
453 2096 497 2122 ex
519 2086 589 2121 hoc
610 2086 712 2132 quod
733 2085 786 2122 sic
804 2090 839 2122 te

53 2132 278 2177 humiliasti,
297 2132 454 2169 habebis
475 2132 642 2169 osticium
664 2133 839 2169 homines

16 2224 20 2228 ,
53 2180 250 2228 capiendi:
274 2179 471 2217 humilitas
498 2180 602 2217 enim
638 2180 756 2217 virtus
783 2185 839 2217 at-

54 2227 213 2265 tractiva
247 2233 318 2273 est,
345 2232 384 2265 et
416 2227 575 2274 dignum
615 2232 671 2264 est
711 2233 753 2264 ut
786 2227 840 2264 illi

54 2275 139 2313 aliis
161 2275 331 2323 praesint,
357 2275 423 2322 qui
444 2275 484 2312 in
505 2279 694 2322 potestate
715 2274 841 2312 extolli

56 2322 242 2360 nesciunt.
266 2324 370 2359 Unde
406 2334 482 2360 non
508 2324 548 2360 in
576 2324 839 2371 Apostolatum

56 2370 210 2417 eligitur
225 2398 235 2415 ,
272 2370 339 2407 sed
386 2370 588 2418 aliquando
644 2371 840 2417 eligendus

55 2416 291 2466 praedicitur,
304 2421 484 2464 totusque
501 2418 590 2456 sacti
608 2419 725 2465 hujus
745 2419 840 2455 ordo

56 2464 149 2513 quid
181 2464 220 2501 in
254 2465 432 2509 Ecclesia,
455 2467 567 2513 cujus
603 2466 683 2513 ipse
709 2470 841 2513 typum

56 2516 175 2557 tenet,
196 2517 364 2559 geratur,
389 2512 450 2549 hic
467 2513 694 2550 ostenditur.
712 2534 758 2540 —
771 2515 842 2550 Per

56 2560 212 2597 Petrum
234 2559 349 2596 etiam
370 2559 435 2607 qui
461 2571 548 2597 cum
567 2560 679 2598 sociis
698 2572 767 2608 per
784 2565 841 2597 to-

56 2611 134 2645 tam
148 2612 300 2645 noctem
315 2608 494 2644 laborans
511 2607 606 2644 nihil
623 2613 789 2656 ceperat,
805 2612 843 2645 et

57 2654 97 2692 in
116 2655 230 2692 verbo
250 2655 390 2692 Christi
411 2655 540 2692 laxans
563 2660 642 2693 rete
660 2656 758 2703 cepit
777 2667 841 2693 co·

57 2700 203 2749 piosam
230 2702 514 2740 multitudinem
530 2703 706 2757 piscium,
728 2708 767 2741 et
788 2708 842 2741 ta-

60 2758 146 2802 men
165 2760 243 2787 non
267 2750 442 2804 attribuit
474 2751 545 2789 sibi
579 2750 653 2788 nisi
675 2751 839 2799 culpam,

40 2795 191 2835 ’dicens
221 2808 232 2835 ι
260 2799 325 2835 Exi
361 2809 385 2836 a
423 2809 498 2845 me,
538 2798 712 2848 Domine,
749 2799 841 2848 quia

916 242 1028 277 homo
1047 247 1221 287 peccator
1242 254 1340 287 snm,
1356 244 1543 290 figuratur
1561 243 1696 291 praedi-

916 292 1020 323 cator
1048 290 1253 334 Evangelii,
1283 291 1371 336 quia
1405 291 1566 337 proprian
1597 290 1694 328 inni-

915 338 998 371 tens
1028 336 1155 370 virtuti
1196 337 1287 372 nihil
1321 340 1484 383 prolicit,
1507 339 1572 375 sed
1596 340 1695 375 inni·
1735 377 1741 384 ,

914 386 998 418 tens
1028 382 1155 418 virtuti
1186 384 1248 418 Dei
1280 395 1457 429 magnum
1485 386 1696 431 profectum

913 429 1015 465 sarit.
1037 431 1079 464 Et
1116 429 1153 464 in
1184 430 1254 465 hoc
1289 433 1386 476 quod
1414 434 1558 477 Petrus,
1586 438 1698 480 capta

913 476 1156 513 multitudine
1182 476 1356 522 piscium,
1380 480 1540 524 procidit
1561 481 1607 516 ad
1631 492 1696 527 ge-

912 534 986 560 nua
1024 525 1128 566 JeStl,
1169 525 1283 561 datur
1321 524 1480 573 intelligi
1523 528 1622 573 quod
1659 527 1696 564 in

911 571 1181 617 praedicatione
1212 571 1269 607 vel
1293 573 1568 617 exhortatione,
1588 580 1698 620 capta

914 618 1155 654 multitudine
1200 619 1398 655 hominum
1415 647 1424 663 ,
1472 622 1699 666 p1·;edicator

912 666 1025 702 debet
1058 677 1098 702 se
1126 667 1201 703 Deo
1227 666 1442 711 humiliare,
1465 671 1501 702 et
1523 667 1556 703 ei
1579 672 1700 704 totum

915 713 1136 758 attribuere,
1159 713 1230 750 sibi
1251 718 1380 750 autem
1414 713 1507 750 nihil
1542 714 1611 749 nisi
1633 715 1698 750 de-

915 761 1052 797 sectum
1073 761 1283 804 ascribere3
1301 765 1338 797 et
1355 764 1445 797 tunc
1465 764 1701 799 confortatur

915 819 938 844 a
961 807 1135 852 Domino,
1169 809 1317 845 dicente
1340 820 1349 844 ι
1380 808 1462 845 Noli
1490 809 1642 850 timei-e:
1664 812 1701 845 et

914 860 1002 891 tunc
1023 856 1145 901 major
1164 856 1354 902 profectus
1375 855 1445 893 sibi
1467 856 1702 902 promittitur

915 914 998 939 cum
1027 902 1203 939 subditur
1234 916 1244 938 .·
1276 904 1327 939 Ex
1364 904 1435 940 hoc
1467 904 1546 950 jam
1572 904 1701 950 plures

914 950 1086 986 homines
1107 950 1181 986 eris
1207 949 1373 996 capiens.

963 1001 982 1032 5
1007 999 1186 1033 Disceri
1217 1009 1427 1038 seoccxrcn
1451 999 1633 1035 Domxcn.
1655 1018 1702 1026 —

913 1047 960 1080 Et
986 1045 1174 1080 subductis
1205 1046 1254 1081 ad
1290 1051 1424 1080 terram
1457 1046 1628 1087 naribus,
1662 1045 1702 1082 id

914 1095 986 1136 est,
1024 1092 1154 1128 tractis
1195 1095 1231 1128 et
1269 1091 1474 1136 collocatis,
1507 1093 1632 1129 animo
1663 1095 1702 1129 et

915 1150 981 1185 spe
1020 1139 1202 1176 redeundi
1248 1140 1295 1175 ad
1331 1150 1418 1183 eas;
1460 1142 1612 1181 relictis,
1653 1139 1702 1176 ad

915 1190 1078 1233 tempus,
1113 1187 1293 1231 omnibus,
1319 1186 1462 1222 scilicet
1489 1188 1647 1223 navibus
1665 1191 1703 1224 et

916 1244 1096 1270 manuum
1142 1234 1418 1279 instrumentis,
1459 1237 1574 1270 secute·
1617 1238 1703 1271 sunt

916 1292 996 1316 eum
1022 1281 1163 1317 scilicet
1192 1282 1393 1318 Dominum
1425 1282 1703 1327 aliquantulum

916 1339 1029 1364 causa
1062 1328 1285 1365 reverentiae
1313 1330 1536 1365 associando
1569 1330 1702 1366 Petrus

915 1380 951 1411 et
977 1376 1148 1412 Andreas
1183 1381 1220 1412 et
1251 1377 1414 1413 Jacobus
1440 1380 1475 1412 et
1508 1378 1699 1422 Joannes;

916 1424 982 1459 sed
1001 1424 1136 1459 iterum
1153 1423 1199 1459 ad
1218 1423 1371 1469 propria
1386 1423 1592 1460 redierunt.
1613 1424 1701 1461 Ideo

916 1470 1018 1506 enim
1040 1481 1155 1507 naves
1190 1471 1235 1506 ad
1272 1475 1413 1506 terram
1450 1472 1700 1515 reduxerunt,

916 1517 1005 1563 quia
1032 1518 1157 1553 adhuc
1182 1518 1416 1554 voluntatem
1449 1518 1632 1554 redeundi
1655 1518 1703 1554 ad

915 1564 1134 1611 piscationis
1172 1564 1340 1600 officium
1389 1565 1614 1601 habuerunt.
1652 1567 1703 1602 Ex

916 1622 989 1657 quo
1013 1615 1117 1658 patet
1143 1612 1243 1658 quod
1271 1612 1442 1648 nondum
1474 1614 1590 1649 rebus
1623 1613 1702 1650 suis

914 1659 1080 1705 perfecte
1096 1659 1426 1705 renuntiaverunt,
1447 1671 1518 1696 nec
1533 1660 1702 1706 perfecte

915 1707 955 1742 in
977 1708 1047 1743 hac
1065 1706 1262 1743 vocatione
1277 1707 1426 1743 Christo
1445 1708 1699 1744 adhaeserunt.

964 1759 984 1790 (5
1011 1755 1105 1798 Qcin
1125 1766 1203 1790 SINT
1226 1766 1320 1790 MARE
1341 1757 1562 1799 Tmnnmms,
1582 1757 1701 1792 GENE-

915 1814 981 1838 ΖΑΗ
1003 1814 1044 1837 ET
1067 1802 1268 1838 Jonniffiis?
1291 1823 1335 1828 —
1357 1804 1402 1838 Et
1427 1803 1487 1838 liic
1508 1803 1702 1839 sciendum

917 1850 1017 1895 quod
1044 1849 1142 1885 idem
1165 1854 1221 1885 est
1248 1860 1353 1885 mare
1381 1850 1561 1893 Galilaeae,
1584 1854 1621 1886 et
1639 1850 1701 1886 Ti·

916 1896 1095 1940 beriadis,
1120 1900 1157 1932 et
1189 1901 1364 1942 stagnum
1391 1897 1624 1933 Genezaretli
1653 1897 1702 1932 si—

915 1947 997 1979 tum
1024 1943 1122 1979 inter
1154 1944 1364 1979 Jerusalem
1397 1947 1434 1979 et
1462 1946 1703 1989 Damascum,

916 1992 1061 2026 distans
1086 1990 1193 2036 quasi
1220 1990 1345 2027 tribus
1370 1990 1505 2027 diebus
1531 1992 1578 2028 ab
1599 1996 1702 2028 utra-

917 2049 990 2083 que
1014 2037 1183 2081 civitate;
1207 2041 1244 2073 et
1265 2039 1379 2074 hahet
1404 2038 1441 2073 in
1464 2038 1703 2083 longitudine

917 2085 1117 2121 duodecim
1171 2085 1347 2121 milliaria
1366 2114 1374 2129 ,
1427 2085 1466 2121 in
1505 2086 1704 2123 latitudine

918 2132 1082 2178 quinque
1107 2132 1164 2168 vel
1188 2132 1309 2178 circa3
1331 2143 1493 2169 arenoso
1521 2134 1646 2170 littore
1667 2137 1704 2170 et

918 2179 1020 2216 silvis
1047 2179 1334 2225 circumdatum,
1365 2179 1402 2216 in
1443 2191 1516 2227 quo
1541 2185 1598 2217 est
1622 2192 1702 2218 ma-

917 2238 992 2273 gna
1012 2227 1124 2274 copia,
1142 2228 1302 2274 piscium
1332 2227 1568 2265 diversorum
1589 2240 1704 2275 gene·

917 2286 1014 2319 rum,
1039 2279 1078 2311 et
1102 2279 1159 2311 est
1193 2275 1275 2312 visu
1298 2285 1505 2321 amoenum,
1537 2279 1573 2312 et
1607 2277 1704 2313 dele-

917 2322 1054 2359 ctabile
1091 2322 1140 2359 ad
1179 2323 1400 2369 potandum.
1446 2325 1490 2359 Et
1534 2323 1705 2370 quamvis

917 2371 998 2417 ejus
1019 2381 1116 2417 aqua
1142 2370 1190 2406 sit
1227 2370 1346 2407 dulcis
1381 2374 1419 2408 et
1457 2382 1531 2407 non
1558 2381 1703 2415 amara,

916 2417 1052 2454 dicitur
1071 2421 1200 2455 tamen
1219 2429 1339 2463 mare,
1369 2419 1578 2455 secundum
1616 2429 1703 2454 con-

919 2465 1156 2502 suetudinem
1198 2465 1336 2512 linguae
1378 2465 1583 2509 Hebraicae,
1618 2465 1707 2512 quia

919 2523 1098 2560 magnam
1124 2513 1386 2550 collectionem
1409 2523 1607 2559 aquarum,
1627 2513 1706 2549 sive

918 2561 1098 2605 du'lcium,
1133 2561 1212 2598 sive
1247 2562 1448 2605 salsarum,
1488 2564 1597 2597 vocat
1632 2562 1704 2597 He·

919 2609 1043 2646 braeus
1070 2608 1237 2653 Tharsis,
1268 2609 1307 2645 id
1337 2612 1406 2650 est,
1429 2618 1546 2653 marc,
1569 2618 1704 2645 secun·

918 2656 1008 2693 dum
1033 2656 1126 2693 illud
1163 2655 1319 2694 Genesis
1346 2669 1357 2691 ε
1383 2656 1706 2700 θοηρνεῃαεὶοηεε-

919 2715 988 2750 que
1025 2715 1209 2750 aquarum
1245 2704 1449 2750 appellavit
1480 2706 1613 2739 maria.
1647 2703 1707 2740 Di-

917 2751 1014 2788 citur
1031 2755 1158 2789 autem
1173 2762 1276 2789 mare
1292 2750 1457 2788 Galitaeae
1475 2761 1497 2787 a
1511 2750 1707 2798 provincia

915 2799 1129 2848 adjacente,
1158 2799 1247 2847 quia
1271 2798 1384 2836 situm
1407 2801 1465 2836 est
1485 2797 1522 2835 in
1543 2798 1705 2837 contini-
