1902 3126
139 119 196 155 162
635 117 780 151 PRIMAE
816 117 973 153 PARTIS
1014 119 1145 153 CAPUT
1181 119 1262 153 XIX

985 187 1189 233 plationem
1213 188 1508 233 properandum,
1536 190 1672 236 quibus
1701 201 1763 229 ac-

131 185 323 223 enarraxit
361 185 449 232 quid
471 185 517 221 de
547 184 741 222 Trinitatis
770 186 913 224 unitate

986 235 1085 271 tibus
1106 234 1154 271 sit
1174 236 1482 281 perveniendum.
1506 250 1525 269 »

128 233 384 278 sentiendum,
398 232 561 279 qualiter
581 233 630 269 ad
649 233 730 279 ejus
749 236 916 271 contem-

862 358 1031 395 ORATIO

176 463 333 499 Domine
363 464 451 499 Jesu
484 462 642 507 Christe,
672 462 739 500 Fili
760 461 824 499 Dei
845 462 934 507 vivi,
954 462 1015 507 qui
1037 472 1077 498 es
1099 462 1161 498 lux
1178 473 1280 507 vera,
1302 474 1384 508 quae
1402 463 1590 501 illuminat
1609 476 1760 502 omnem

126 510 320 546 hominem
343 510 557 546 venientem
578 509 616 545 in
641 512 740 547 hunc
761 510 954 553 mundum,
980 519 1048 553 ego
1077 509 1190 544 miser
1213 510 1275 555 qui
1304 511 1471 547 tenebris
1495 511 1624 548 densis
1651 513 1759 549 obfu-

129 567 227 601 scor,
250 561 284 592 te
305 557 436 601 adoro,
458 558 667 603 deprecans
695 555 992 592 misericordiam
1012 559 1128 599 tuam,
1150 559 1190 591 ut
1217 556 1382 592 animam
1410 568 1533 594 meam
1557 558 1760 604 illumines,

126 608 291 640 mentem
314 604 506 648 informes,
529 604 777 650 cogitationes
803 603 995 647 disponas,
1017 612 1149 637 sensus
1176 613 1396 648 componas,
1424 615 1616 641 sermones
1638 609 1675 642 et
1694 616 1757 642 ac-

128 653 189 686 tus
211 651 364 695 dirigas,
389 655 573 697 quatcnus
593 650 803 696 iniquitatis
821 653 950 685 auctor
971 651 1008 684 et
1025 650 1265 684 tenebrarum
1292 655 1438 685 amator
1464 662 1539 687 non
1557 662 1616 687 me
1637 652 1757 688 surri-

126 696 220 743 piat,
240 710 306 734 nec
327 701 364 734 in
384 709 443 734 me
464 698 611 744 signum
633 709 740 733 suum
758 697 939 742 reperiat3
960 696 1025 731 sed
1048 694 1248 730 verissimae
1269 696 1362 732 lucis
1380 696 1523 741 fulgore
1543 708 1758 744 percussus,

127 746 257 790 procul
279 757 299 781 a
321 757 379 781 me
400 746 565 789 recedat,
586 748 638 788 ut,
661 755 728 790 per
750 744 890 779 claram
912 745 948 777 et
968 745 1108 777 rectam
1130 742 1302 778 semitam
1320 743 1368 779 ad
1388 747 1424 779 te
1444 743 1539 780 lucis
1558 745 1760 782 Auctorem

127 792 301 837 tendens,
321 793 368 829 ad
390 796 492 828 tuam
513 791 674 838 gloriam
692 789 908 836 perveniam
927 788 1210 835 sempiternam.
1237 791 1368 826 Amen.

782 1025 963 1073 CAPUT
999 1026 1104 1072 XIX

122 1191 173 1218 DE
192 1190 241 1219 EO
261 1190 364 1224 QUOD
384 1189 556 1219 JOANNES
578 1189 798 1218 CONFESSUS
819 1188 893 1217 EST
913 1188 956 1217 SE'
978 1189 1056 1217 NON
1089 1189 1184 1217 ESSE
1207 1187 1420 1226 CHRISTUM,
1446 1188 1518 1217 SED
1541 1187 1634 1218 EJUS
1654 1187 1759 1216 PRAE-

699 1241 903 1271 CURSOREM
920 1243 970 1270 ET
997 1242 1192 1271 NUNTIUM.

297 1342 427 1378 Matth.
451 1352 531 1388 cap.
555 1343 617 1386 III,
640 1339 755 1378 Marci
775 1350 855 1387 cap.
877 1342 906 1386 I,
926 1341 1035 1377 Lucre
1056 1351 1137 1388 cap.
1160 1342 1209 1377 III
1231 1343 1267 1377 et
1285 1340 1440 1377 Joannis
1459 1350 1542 1387 cap.
1570 1341 1599 1377 Ι.

178 1505 190 1526 1
216 1491 387 1533 QuiTuon
406 1500 632 1529 QUAESTIONES
655 1499 813 1524 emmam
848 1499 908 1523 FA-

124 1548 272 1573 cmNnffi.
290 1557 335 1562 —
350 1536 533 1572 Omnibus
548 1538 676 1570 autem
692 1534 908 1570 existiman-

123 1585 239 1627 tibus,
263 1587 299 1619 et
331 1582 584 1628 cogitantibus
612 1582 651 1616 in
683 1582 796 1616 corde
823 1592 904 1625 suo,

125 1630 173 1666 de
192 1633 354 1672 Joanne,
375 1641 420 1665 ne
443 1630 538 1664 sorte
558 1632 658 1664 esset
678 1627 848 1664 Christus
868 1627 907 1663 in

126 1678 225 1723 Lege
245 1676 452 1723 promissus
477 1687 484 1711 z
507 1679 585 1711 tum
609 1678 764 1721 propter
791 1675 905 1710 mira—

124 1724 239 1761 bilem
259 1725 338 1771 ejus
360 1727 581 1768 conceptum
603 1726 640 1757 ct
661 1724 786 1757 ortum
801 1733 808 1765 ;
826 1725 905 1757 tum

125 1776 282 1818 propter
314 1774 453 1806 sauctoe
476 1769 559 1805 vitae
590 1770 672 1815 eJ'us
708 1768 902 1813 meritum3

123 1822 205 1854 tum
237 1823 390 1865 propter
418 1816 598 1853 doctrinae
633 1816 713 1861 ejus
740 1817 903 1861 pruden-

123 1866 215 1902 tiam
232 1866 423 1901 etlicacem
440 1867 539 1907 ;tum
558 1867 714 1908 propter
727 1862 903 1908 baptismi

123 1913 344 1955 novitatem,
383 1912 513 1951 Judaez',
554 1909 592 1945 id
619 1913 673 1944 est
705 1909 900 1953 Pharisaei,

123 1960 251 1996 audita
263 1958 453 2005 opinione,
467 1967 580 2003 quam
604 1957 716 1992 turba
735 1956 901 1992 habebat

121 2007 168 2043 de
193 2009 353 2049 Joanne,
377 2004 468 2040 moti
505 2006 638 2039 contra
673 2013 773 2046 eum,
798 2003 900 2048 quod

122 2054 193 2090 sibi
211 2053 425 2099 baptizandi
445 2051 624 2094 officium,
647 2053 784 2095 praeter
804 2050 901 2085 ordi-

123 2111 211 2136 nem
253 2099 373 2145 Legis,
401 2102 439 2134 et
470 2097 714 2133 traditionem
754 2107 898 2142 eorum,

123 2147 388 2192 assumpsisset
413 2144 592 2188 indebite,
625 2147 661 2180 et
687 2143 900 2180 dubitantes

122 2204 172 2230 an
192 2193 347 2229 Messias
365 2194 478 2235 esset,
501 2193 678 2226 miserunt
701 2191 746 2226 ab
762 2193 899 2226 Jeroso-

123 2243 232 2285 lymz's
251 2241 297 2276 ad
314 2242 515 2281 Joannem,
534 2238 579 2273 de
594 2238 709 2283 stirpe
730 2238 900 2273 sacerdo-

120 2287 186 2324 tali
209 2287 443 2329 existentem,
467 2285 676 2321 Sacerdotes
688 2288 721 2320 et
738 2286 895 2326 Levitas,

119 2334 159 2370 in
192 2336 290 2380 Lege
321 2332 523 2378 sapientes,
553 2335 593 2366 ut
630 2334 898 2376 interroqarent

121 2393 201 2417 eum
232 2386 271 2416 τα
293 2383 374 2426 quis
390 2382 449 2414 es?
468 2382 502 2414 et
518 2381 687 2423 peterent
705 2389 821 2423 quare
836 2379 898 2414 ba-

118 2429 279 2475 ptizaret
301 2439 309 2462 ε
343 2426 539 2472 Sapientes
564 2428 691 2460 tamen
713 2428 749 2460 et
763 2425 895 2461 scribae

118 2475 216 2511 scire
242 2478 417 2521 poterant
442 2482 527 2508 eum
563 2482 638 2507 non
674 2482 756 2507 esse
793 2472 895 2508 Chri-

118 2526 234 2565 stum,
273 2521 360 2567 quia
387 2519 556 2556 Christus
586 2518 792 2564 promissus
827 2518 896 2554 suit

119 2580 162 2605 ex
183 2569 284 2605 tribu
303 2568 416 2610 Juda3
434 2568 600 2603 tIoannes
620 2568 747 2600 autem
768 2565 837 2600 suit
852 2576 896 2600 ex

118 2617 219 2653 tribu
243 2617 341 2651 Levi.
366 2614 503 2650 Joanni
529 2612 567 2647 in
599 2616 705 2648 utero
728 2611 894 2647 sanctifi-

117 2667 215 2707 cato,
249 2664 419 2698 movetur
450 2659 606 2706 quaestio
635 2658 718 2704 quis
740 2658 812 2710 sit-3
834 2669 894 2694 ra-

116 2709 218 2746 tione
237 2710 359 2756 cujus,
376 2711 466 2745 nota
488 2710 646 2754 quatuor
667 2708 893 2752 quaestiones

981 1487 1133 1524 cuilibet
1153 1498 1235 1523 esse
1254 1487 1472 1531 movendas,
1484 1485 1626 1522 scilicet
1642 1485 1756 1532 :quid

981 1534 1029 1569 sit
1049 1534 1088 1569 in
1110 1538 1258 1577 natura,
1280 1534 1369 1580 quid
1387 1534 1425 1569 in
1444 1544 1619 1579 persona,
1633 1533 1754 1579 qualis

979 1580 1018 1616 in
1041 1581 1175 1623 forma,
1199 1584 1361 1626 quantus
1387 1580 1426 1615 in
1459 1583 1623 1625 statura;
1651 1579 1755 1626 prius

981 1639 1071 1673 ergo
1090 1628 1135 1663 de
1157 1627 1214 1663 his
1229 1632 1263 1663 te
1279 1627 1399 1673 ipsum
1419 1627 1679 1673 interroga,ut
1699 1626 1755 1662 vi-

980 1675 1070 1711 deas
1089 1674 1177 1719 quid
1198 1674 1444 1719 interroganti
1459 1675 1534 1710 Deo
1555 1673 1678 1719 possis
1698 1684 1756 1710 re-

981 1722 1179 1767 spondere.
1200 1742 1245 1746 —
1264 1721 1388 1756 Prima
1406 1731 1494 1766 ergo
1511 1720 1668 1766 quaestio
1685 1723 1755 1766 est,

979 1769 1061 1814 quis
1086 1768 1136 1804 sis
1157 1767 1193 1803 in
1231 1772 1377 1803 natura.
1400 1768 1456 1803 Ad
1490 1768 1561 1803 hoc
1580 1767 1679 1804 trina
1699 1770 1756 1803 est

979 1815 1189 1861 responsio.
1212 1817 1258 1850 Es
1292 1815 1393 1850 enim
1425 1815 1538 1850 homo
1573 1813 1753 1850 :ratione

979 1862 1146 1907 corporis
1178 1865 1292 1904 terra,
1318 1865 1358 1896 ut
1382 1860 1591 1896 humilieris
1620 1864 1753 1897 contra

978 1908 1217 1955 superbiam3
1247 1919 1285 1943 es
1313 1908 1457 1943 ratione
1478 1907 1614 1944 animae
1639 1906 1752 1953 spiri—

976 1959 1050 1999 tus,
1075 1958 1113 1990 ut
1133 1965 1281 1990 sursum
1302 1954 1450 1990 coneris
1473 1958 1603 1991 contra
1629 1953 1751 1991 avari-

976 2002 1067 2038 tiam
1084 2014 1092 2046 ;
1113 2013 1152 2037 es
1170 2002 1316 2037 ratione
1335 2002 1461 2043 homo,
1481 2002 1519 2037 id
1537 2004 1595 2037 est
1610 2000 1752 2037 animal

976 2049 1176 2092 rationale,
1201 2053 1239 2084 ut
1259 2048 1534 2084 rationabiliter
1553 2058 1750 2084 converse-

975 2096 1027 2131 ris
1048 2100 1178 2131 contra
1195 2095 1392 2131 luxuriam.
1413 2097 1497 2130 Haec
1514 2105 1603 2140 ergo
1617 2094 1752 2140 quaerit

975 2153 996 2178 a
1016 2146 1052 2179 te
1077 2144 1174 2178 Deus
1210 2154 1218 2178 :
1250 2145 1301 2178 Tu
1322 2145 1404 2187 quis
1430 2144 1495 2177 es?
1516 2142 1543 2178 Ο
1577 2142 1751 2187 superbe,

975 2189 1221 2233 denaturasti,
1236 2200 1310 2225 non
1320 2200 1359 2224 es
1373 2193 1473 2224 terra
1484 2191 1519 2224 te
1528 2188 1748 2233 humilians,

974 2237 1039 2272 sed
1051 2248 1116 2273 aer
1127 2240 1163 2272 te
1179 2237 1344 2272 exaltans
1361 2247 1368 2279 ;
1384 2247 1457 2271 non
1479 2235 1631 2282 spiritus
1648 2245 1747 2280 quae-

973 2294 1059 2319 rens
1075 2283 1296 2330 spiritualia,
1312 2283 1377 2319 sed
1398 2293 1485 2318 caro
1501 2283 1652 2328 sapiens
1671 2284 1748 2318 ter-

971 2342 1085 2374 rena3
1109 2342 1183 2366 non
1209 2331 1320 2366 homo
1345 2330 1491 2366 ratione
1525 2333 1650 2373 utens,
1678 2328 1746 2365 sed

971 2377 1091 2413 bestia
1111 2377 1308 2414 brutaliter
1330 2377 1469 2412 vivens.
1489 2397 1535 2402 —
1567 2375 1743 2412 Secunda

971 2424 1128 2470 quaestio
1155 2428 1224 2468 est,
1251 2424 1333 2470 quis
1360 2423 1466 2459 sisin
1495 2433 1680 2470 persona3
1707 2425 1745 2459 et

970 2472 1041 2507 hoc
1069 2476 1256 2517 quaeretur
1282 2482 1304 2507 a
1330 2475 1378 2514 te,
1404 2471 1552 2516 quando
1573 2469 1745 2516 pulsave-

969 2518 1022 2554 ris
1043 2520 1090 2554 ad
1107 2519 1278 2564 J'antiam,
1304 2518 1433 2554 dicens
1456 2529 1463 2552 :
1492 2519 1653 2558 Domine,
1672 2518 1742 2551 Do-

969 2568 1077 2606 mine,
1098 2567 1200 2611 aperi
1221 2567 1335 2600 nobis.
1356 2567 1399 2600 Et
1418 2565 1513 2600 forte
1534 2561 1741 2609 responde-

969 2612 1025 2648 bis
1047 2625 1058 2647 :
1081 2612 1312 2648 Christianus
1333 2622 1433 2655 sum;
1471 2611 1551 2654 sed,
1572 2613 1613 2645 ut
1651 2607 1741 2645 dicit

967 2659 1195 2697 Ambrosius.
1220 2659 1455 2694 mendacium
1484 2660 1554 2700 est,
1573 2667 1612 2692 se
1633 2654 1739 2692 Chri-

967 2705 1132 2742 stianum
1152 2706 1291 2750 dicere,
1314 2710 1349 2742 et
1369 2714 1484 2751 opera
1504 2702 1641 2740 Chr1sti
1661 2712 1740 2739 non
