1876 3126
528 158 744 192 SERMONIS
783 157 828 189 IN
866 157 1011 190 MONTE
1050 155 1369 190 colexUA‘rlo.

139 226 222 272 plus
255 225 392 271 secero,
415 236 498 261 cum
529 224 709 261 adulteris
731 234 810 259 ero.
848 225 920 259 Per

139 275 275 318 Legem
303 284 406 320 ergo,
427 272 571 308 luxuria
595 273 830 317 perpetrata;
851 281 919 316 per

140 322 339 356 Auctorem
384 331 472 355 vero
522 317 715 354 munditiae
731 345 739 360 ,
774 317 918 353 luxuria

141 367 303 413 cogitata
338 367 552 402 damnatur.
582 365 653 400 Lex
691 364 918 400 adulterium

140 414 312 457 damnat;
337 412 577 459 Evangelium
594 422 682 447 vero
701 411 814 447 etiam
834 422 921 447 cou-

140 460 423 507 cupiscentiam‚
458 470 540 503 quae
578 458 683 494 radix
722 463 779 494 est
816 459 921 494 adul-

139 507 238 551 terii,
262 507 377 551 punit.
398 506 502 542 Unde
523 508 688 542 Joannes
709 505 745 541 in
767 505 918 550 lumbis,

138 554 204 591 sed
227 553 398 590 Christus
419 553 456 588 in
474 557 626 599 pectore
646 554 790 589 cinctus
803 553 882 588 suit.
897 567 915 585 »

135 602 181 637 Et
201 600 397 636 sciendum
424 600 525 646 quod
560 601 731 646 quaedam
759 604 815 636 est
835 611 920 636 cou-

136 647 369 694 cupiscentia
398 658 439 684 ex
470 647 592 684 subito
615 652 732 693 motu,
751 650 832 683 sine
853 648 918 683 dc-

134 694 357 731 liberatione
387 695 473 731 boni
510 695 634 741 operis
658 695 714 730 vel
756 695 859 738 mali,
883 698 917 730 et

135 741 217 778 sine
251 752 446 784 consensu,
475 746 511 777 et
542 741 679 777 dicitur
708 741 916 788 propassio,

135 791 172 825 et
191 789 262 825 hoc
283 793 339 825 est
359 793 551 835 peccatum
575 788 719 825 veniale
738 801 746 832 3
769 789 843 825 alia
862 792 918 824 est

135 836 511 873 cum-deliberatione
530 835 662 880 animi,
680 840 713 871 et
733 847 817 872 cum
833 847 919 872 con-

135 893 248 919 sensu
275 883 312 918 in
341 883 646 926 delectationem,
667 883 723 919 vel
751 883 788 918 in
808 894 916 929 opus,

134 933 172 966 et
191 930 329 966 dicitur
349 930 489 976 passio,
509 934 542 966 et
562 931 631 965 hoc
652 934 707 966 est
722 934 916 976 peccatum

134 978 307 1014 mortale.
329 979 508 1013 Dominus
542 989 630 1013 vero
657 977 825 1022 loquitur
857 977 917 1012 hic

134 1024 182 1060 de
226 1024 530 1070 concupiscentia
571 1024 794 1067 deliberata,
832 1035 915 1069 qua}

132 1070 301 1117 implicat
322 1071 359 1106 iu
383 1082 422 1107 se
443 1082 667 1107 consensum
688 1071 727 1106 in
750 1071 914 1107 delecta-

132 1117 288 1162 tionem,
312 1118 368 1153 vel
403 1119 440 1153 in
468 1128 573 1164 opus.
605 1118 915 1164 Concupiscentia

133 1174 222 1211 ergo
245 1175 329 1201 cum
349 1176 536 1201 consensu
552 1165 727 1201 inanimo
743 1169 799 1201 est
818 1176 916 1201 mor-

132 1212 207 1248 tale
233 1216 443 1258 peccatum,
466 1213 579 1248 etiam
615 1216 820 1259 antequam
857 1224 915 1248 ex-

131 1259 316 1305 primatur
355 1260 466 1301 sacto,
494 1260 550 1295 vel
586 1259 708 1305 signo.
747 1262 791 1295 Et
827 1260 914 1305 quia

132 1306 232 1342 visus
247 1311 303 1342 est
313 1307 624 1352 concupiscentiae
636 1307 912 1353 provocativus,

131 1352 232 1397 idco,
256 1354 461 1389 secundum
491 1354 687 1390 consilium
712 1355 910 1395 Ambrosii,

131 1404 346 1437 avertamus
385 1401 513 1436 oculos
544 1412 566 1437 a
596 1401 840 1446 vanitatibus,
866 1413 912 1437 ne

131 1448 230 1494 quod
262 1448 390 1483 oculus
421 1448 570 1491 viderit,
596 1450 745 1484 animus
778 1460 915 1484 concu—

129 1494 261 1541 piscat.
284 1495 387 1531 Unde
408 1496 602 1537 Greqorius
627 1509 636 1530 :
661 1510 677 1529 (ι
705 1495 911 1531 Providen-

129 1542 219 1579 dum
240 1553 330 1587 ergo
350 1542 458 1578 nobis
479 1546 547 1585 est,
569 1543 656 1588 quia
677 1542 813 1578 intueri
837 1554 911 1578 nou

128 1589 250 1633 decet,
273 1589 375 1635 quod
403 1600 479 1625 non
507 1590 593 1625 licet
617 1589 844 1636 concupisci.
866 1591 911 1625 Ut

129 1636 229 1673 euim
252 1636 390 1672 munda
409 1647 514 1672 mens
532 1636 569 1671 in
588 1637 815 1682 cogitatione
837 1648 912 1672 ser-

128 1687 250 1727 vetur,
277 1694 300 1719 a
320 1683 473 1719 lascivia
507 1683 708 1730 voluptatis
739 1695 818 1720 suae
846 1684 911 1719 de-

127 1730 314 1778 primendi
353 1735 440 1766 sunt
474 1730 586 1775 oculi,
621 1730 727 1776 quasi
759 1731 912 1777 quidam

127 1782 299 1825 raptores
322 1778 369 1814 ad
391 1778 553 1823 culpam.
578 1792 596 1810 »
631 1778 698 1814 Ubi
733 1782 769 1814 et
804 1780 914 1823 Chry-

127 1830 308 1862 sostomus
331 1838 341 1860 .·
362 1839 378 1858 «
403 1825 471 1868 Qui
493 1825 617 1861 studet
639 1825 833 1871 elegantes
857 1826 911 1862 fa-

126 1871 202 1909 cies
242 1872 443 1918 inspicere,
486 1872 566 1918 ipse
605 1873 797 1909 fornacem
842 1873 912 1909 sibi

125 1919 314 1966 passionis
349 1919 535 1963 accendit,
560 1923 595 1955 et
635 1920 821 1966 captivam
859 1921 913 1955 sa-

126 1966 229 2003 ciens
250 1966 430 2010 animam,
453 1967 501 2002 ad
523 1977 617 2012 opus
639 1978 791 2012 quoque
813 1967 912 2002 cele-

126 2013 220 2050 riter
245 2013 410 2049 adducit.
433 2013 528 2056 Quid
552 2014 631 2060 J'am
665 2014 725 2049 hic
763 2024 914 2060 quoque

129 2061 375 2107 respondent,
403 2061 464 2105 qui
487 2071 566 2096 ausi
587 2065 673 2096 sunt
694 2064 836 2097 temere
855 2072 914 2097 co-

129 2108 303 2145 habitare
323 2108 556 2154 virginibus?
572 2109 687 2154 Hujus
708 2107 808 2144 enim
827 2119 914 2144 sau-

130 2155 254 2192 ctione
270 2155 376 2201 legis,
412 2155 513 2191 mille
535 2160 622 2191 sunt
639 2155 914 2191 adulteriorum

130 2202 201 2247 rei,
224 2203 490 2249 quoti‹.lieillas
506 2203 552 2239 ad
573 2202 916 2249 concupiscendum

131 2250 316 2286 videntes.
339 2250 504 2286 Audiant
521 2251 601 2286 haec
625 2250 687 2296 qui
710 2250 847 2296 saepius
867 2250 915 2286 ad

133 2297 281 2333 theatra
303 2297 498 2341 festinant,
519 2308 633 2343 seque
652 2297 700 2333 ibi
720 2308 816 2344 pene
828 2308 917 2343 quo·

133 2343 225 2380 tidie
257 2344 432 2380 adulterii
463 2344 712 2381 obscoenitate
749 2355 914 2380 comma-

135 2391 276 2435 culant,
300 2395 337 2427 et
377 2392 570 2428 adulteros
591 2391 816 2438 semctipsos
851 2402 918 2438 per

137 2449 444 2485 unumquemque
476 2439 573 2475 diem
606 2439 761 2482 faciunt,
781 2442 818 2475 et
852 2439 917 2474 de-

138 2496 218 2538 cem
240 2486 342 2521 mille
363 2490 585 2522 construunt
609 2486 835 2532 perditionis
854 2497 916 2522 oc-

138 2543 310 2569 casiones

137 2583 269 2616 contra
305 2581 384 2616 haec
423 2581 511 2617 audi
558 2581 689 2617 efficax
721 2580 918 2617 consilium

138 2627 307 2671 Greqoriz·
329 2641 339 2663 .-

136 2675 358 2721 cupiscitur,
389 2679 564 2720 pensetur
591 2675 679 2721 quid
717 2675 762 2711 sit
790 2675 918 2711 exani-

135 2722 222 2766 mis,
238 2722 516 2768 etintelligetur
532 2722 621 2769 quid
639 2727 800 2758 amatur.
820 2722 918 2759 Nihil

135 2769 272 2817 quippe
314 2770 366 2806 sic
404 2770 450 2806 ad
488 2770 742 2806 edomandum
775 2770 920 2807 deside-

949 2415 952 2511 l

373 2642 391 2660 «
419 2629 528 2672 Caro,
555 2627 689 2674 inquit,
712 2638 796 2664 cum
827 2639 917 2664 con·
950 2658 952 2663 .

949 2666 952 2736 l

949 2738 954 2818 Ι

1719 157 1775 192 281

995 224 1136 259 riorum
1168 223 1374 260 carnalium
1412 224 1618 270 appetitum
1654 224 1778 270 valet,

997 282 1107 316 quam
1138 274 1175 306 ut
1208 271 1465 317 unusquisque
1497 271 1565 306 hoc
1602 272 1702 317 quod
1729 271 1780 307 vi-

997 328 1081 352 vum
1103 317 1237 362 diligit,
1264 318 1372 363 quale
1400 318 1447 353 sit
1479 322 1667 354 mortuum
1690 330 1780 366 pen-

997 367 1050 399 set
1076 376 1082 398 :
1113 379 1128 395 »
1157 365 1235 399 hanc
1257 366 1464 408 Greqorius.

1050 426 1083 446 11
1110 413 1338 446 Aniri'TanAE
1371 425 1539 450 smmum
1569 425 1609 447 ET
1636 424 1778 449 racem

998 470 1224 493 oc,‹·..xs1‹=.x-1-:s.
1248 479 1292 483 ——
1315 460 1356 493 Et
1388 459 1475 504 quia
1512 459 1694 496 Dominus
1722 460 1778 496 di-

998 509 1116 549 xerat,
1146 516 1187 540 ex
1216 504 1359 540 visione
1386 507 1569 550 mulieris,
1602 507 1780 543 msechari

999 553 1201 595 videntem,
1236 551 1320 587 ideo
1357 557 1633 599 consequenter
1670 555 1781 590 docet

997 599 1159 645 abjicere
1192 598 1449 643 occasionem,
1474 612 1555 646 qua:
1592 602 1678 636 facit
1716 602 1783 637 ho-

998 649 1136 683 minem
1169 657 1279 682 ruere
1307 646 1344 681 in
1375 647 1488 682 talem
1527 658 1778 683 consensum:

996 698 1049 738 ut,
1072 697 1105 729 si
1140 695 1264 729 oculus
1302 697 1386 728 tuus
1410 695 1548 735 desetor,
1572 694 1628 729 vel
1650 705 1780 730 manus

997 746 1060 777 tua
1082 742 1232 777 dextera
1258 741 1490 776 scandalizat
1516 745 1562 781 te,
1585 740 1621 775 id
1646 745 1702 776 est
1723 742 1778 776 sa-

996 789 1068 824 ciat
1090 793 1125 825 te
1155 799 1264 825 ruere
1292 787 1329 823 in
1367 788 1589 834 praedictum
1621 798 1778 823 consen-

996 847 1092 880 sum,
1113 847 1194 871 erue
1220 847 1314 877 eum,
1335 835 1392 870 vel
1419 836 1565 870 abscide
1587 845 1678 875 eam,
1702 845 1780 870 non

996 884 1221 927 membrum,
1242 883 1307 918 sed
1335 882 1495 919 membri
1523 883 1697 926 abusum,
1721 892 1780 917 co-

994 930 1159 966 hibendo
1190 931 1309 976 ipsum
1345 931 1555 965 membrum
1575 930 1621 965 ab
1643 928 1780 964 exerci-

995 977 1045 1013 tio
1067 981 1103 1012 et
1124 978 1260 1013 affectu
1277 975 1422 1019 illicito,
1442 980 1474 1012 ct
1491 977 1630 1022 projice
1649 977 1778 1017 abste,

994 1036 1035 1060 ex
1072 1028 1148 1060 toto
1188 1023 1449 1059 annihilando.
1478 1024 1640 1069 Empedit
1684 1025 1780 1059 enim

993 1073 1074 1112 tibi,
1098 1076 1137 1106 ut
1161 1074 1286 1116 pereat
1307 1082 1419 1105 unum
1442 1072 1681 1105 membrorum
1702 1073 1780 1105 tuo-

992 1130 1087 1158 rum,
1121 1118 1302 1165 praedicto
1336 1118 1460 1161 modo,
1490 1117 1630 1153 scilicet
1657 1120 1782 1153 actum

993 1166 1177 1210 illicitum,
1207 1165 1376 1211 quamvis
1405 1165 1689 1209 delectabilem,
1718 1164 1780 1200 de-

994 1214 1171 1257 serendo,
1202 1224 1312 1258 quam
1348 1216 1460 1248 totum
1493 1223 1621 1257 corpus
1659 1216 1773 1253 tuum,

992 1272 1078 1296 cum
1102 1261 1228 1296 anima
1252 1259 1420 1295 mittatur
1441 1263 1476 1295 et
1499 1263 1554 1295 cat
1583 1261 1621 1294 in
1647 1261 1775 1303 ychen-

991 1319 1088 1343 nscm.
1112 1308 1216 1343 Unde
1245 1308 1441 1350 Gregorius
1462 1320 1472 1342 .-
1498 1322 1515 1339 «
1538 1307 1677 1342 Intueri
1701 1316 1775 1342 non

992 1353 1776 1400 decct,quodnonlicetconcupisci.»Unde

993 1406 1029 1438 et.
1053 1402 1263 1438 Herum-dus
1284 1415 1293 1436 :
1321 1415 1337 1434 ι(
1368 1402 1436 1444 Qui
1465 1412 1617 1437 manum
1640 1400 1774 1436 mulie-

992 1450 1043 1485 ris
1083 1452 1199 1493 tenet,
1222 1448 1314 1484 sciat
1356 1459 1394 1484 se
1429 1460 1511 1484 esse
1544 1448 1580 1483 in
1613 1447 1771 1483 vinculis

991 1497 1144 1532 diaboli.
1164 1510 1181 1529 »
1202 1496 1405 1531 Attendant
1427 1506 1515 1541 ergo
1536 1495 1640 1530 multi
1659 1504 1773 1540 quam

992 1544 1130 1579 malum
1151 1543 1196 1579 sit
1217 1543 1393 1588 pulchras
1421 1542 1535 1578 facies
1558 1543 1773 1586 mulierum,

992 1602 1058 1627 seu
1080 1600 1406 1636 quorumcumque
1419 1590 1598 1636 juvenum
1616 1588 1770 1633 intueri;

990 1642 1053 1674 aut
1099 1639 1236 1673 horum
1274 1647 1409 1672 manus
1448 1636 1506 1671 vel
1545 1636 1673 1680 facies,
1710 1646 1777 1671 seu

990 1695 1246 1731 quascumque
1273 1683 1441 1730 corporis
1474 1687 1600 1730 partes
1633 1686 1778 1719 contre-

990 1736 1105 1777 ctare,
1126 1732 1183 1768 vel
1216 1732 1378 1768 libenter
1404 1742 1489 1767 cum
1516 1731 1570 1767 eis
1591 1729 1772 1773 fabular&

990 1779 1091 1826 quia,
1122 1779 1327 1815 secundum
1362 1779 1490 1825 plures
1517 1779 1690 1814 doctores
1712 1779 1777 1813 Ec-

990 1827 1126 1869 clesia),
1147 1830 1183 1862 et
1205 1826 1392 1871 religiosae
1416 1825 1500 1861 vitae
1522 1829 1662 1872 patres,
1685 1824 1777 1862 talia

990 1874 1191 1920 designant
1231 1873 1422 1909 interioris
1453 1873 1617 1909 hominis
1650 1883 1778 1908 corru-

989 1922 1172 1967 ptionem,
1191 1931 1234 1956 ac
1256 1921 1460 1965 quamdam
1476 1921 1556 1966 ejus
1575 1919 1773 1955 mollitiem

990 1973 1026 2004 et
1053 1968 1316 2013 deiectionem.
1353 1968 1432 2011 Hic,
1466 1967 1672 2002 secundum
1700 1967 1774 2001 Au·

989 2017 1199 2060 quste'num,
1241 2025 1314 2049 non
1359 2013 1575 2060 praecipitur
1619 2013 1773 2058 aliquod

991 2063 1216 2105 membrum,
1241 2061 1289 2097 ad
1307 2061 1486 2104 litteram,
1508 2060 1607 2103 erui,
1631 2061 1698 2096 sed
1715 2070 1776 2096 oc-

990 2109 1090 2145 casio
1112 2108 1305 2155 peccandi.
1329 2109 1455 2144 Potest
1482 2108 1582 2143 enim
1610 2118 1693 2143 esse
1714 2117 1772 2143 oc-

990 2156 1090 2192 casio
1113 2167 1155 2191 cx
1173 2161 1340 2202 aspectu,
1361 2159 1397 2191 et
1413 2159 1500 2190 tunc
1516 2155 1646 2190 oculus
1667 2165 1773 2190 scau-

991 2203 1146 2247 dalizat3
1171 2207 1207 2239 et
1237 2213 1321 2238 cum
1349 2203 1447 2238 bona
1475 2202 1515 2237 fit
1544 2201 1770 2246 intentione,

991 2255 1081 2287 tunc
1100 2250 1327 2286 scandalizat
1360 2249 1489 2286 oculus
1516 2248 1658 2285 dexter.
1688 2248 1770 2294 Vel,

991 2301 1114 2345 potest
1144 2308 1226 2334 esse
1255 2296 1402 2333 occasio
1443 2307 1486 2332 ex
1524 2299 1713 2340 contactu,
1733 2299 1770 2332 et

991 2356 1076 2381 cum
1099 2346 1196 2381 bona
1225 2343 1452 2388 intentione,
1476 2346 1511 2380 et
1542 2347 1633 2379 tunc
1658 2353 1770 2379 scan-

992 2392 1128 2429 dalizat
1163 2403 1298 2428 manus
1333 2392 1499 2428 dextera.
1545 2389 1770 2436 Hujusmodi

992 2450 1081 2486 ergo
1099 2439 1129 2476 si
1151 2439 1422 2483 scandalizant,
1440 2437 1651 2484 abjicienda
1665 2440 1769 2480 sunt,

991 2487 1079 2534 quia
1099 2487 1287 2533 fugiendae
1315 2490 1403 2523 sunt
1430 2484 1646 2521 occasiones
1677 2494 1771 2530 pee-

339 2545 346 2570 :
372 2546 390 2566 >›
423 2535 500 2569 baec
529 2535 816 2577 Chrysostomus.
845 2534 917 2570 Sed
950 2520 953 2566 i
992 2535 1115 2571 candi.
1139 2537 1179 2570 Et
1198 2538 1321 2581 potest
1347 2532 1464 2578 accipi
1487 2531 1699 2577 exemplum
1726 2530 1773 2567 de

993 2582 1206 2618 visitatione
1239 2583 1352 2623 bona,
1375 2580 1431 2616 vel
1461 2589 1573 2625 opere
1606 2580 1702 2614 bono
1723 2578 1770 2615 de

991 2640 1155 2675 genere3
1179 2629 1282 2665 verbi
1303 2627 1439 2674 gratia,
1461 2626 1491 2662 si
1509 2625 1647 2671 aliquis
1669 2624 1770 2661 vadit

991 2677 1039 2713 ad
1062 2676 1261 2723 collegium
1278 2674 1478 2711 mulierum
1501 2683 1615 2709 causa
1633 2671 1775 2718 praedi-

992 2724 1167 2768 cationis,
1191 2724 1246 2759 vel
1268 2721 1412 2759 consilii
1434 2720 1562 2763 dandi,
1578 2720 1633 2756 vel
1655 2719 1685 2755 si
1707 2719 1771 2756 dat

992 2772 1271 2818 eleemosynam
1307 2768 1419 2805 alicui
1459 2766 1624 2814 mulieri,
1655 2770 1692 2804 et
1726 2777 1773 2804 ex
