1902 3126
164 179 224 214 190
655 172 801 207 PRIMAE
838 170 994 206 PARTIS
1032 169 1168 204 CAPUT
1204 167 1290 201 XXI

166 245 257 292 quid
283 254 306 281 a
331 244 407 280 Deo
428 241 670 289 percipimus,
699 251 775 276 non
802 238 942 276 nostris

166 291 311 330 meritis
321 290 595 327 adscribamus:
608 302 625 320 »
639 288 718 324 haec
731 288 938 323 Anselmus.

219 342 260 375 16
278 339 421 374 Fieunffi
440 338 620 372 BApnsm.
643 356 688 360 —
711 334 792 371 Fuit
816 337 941 370 autem

167 385 381 432 Baptismus
404 383 442 419 in
475 383 568 419 mari
601 393 722 426 aeneo,
750 381 787 417 id
813 383 883 424 est,
905 379 943 415 in

167 432 349 469 lavatorio
388 430 651 477 praefiguratus
668 456 677 473 ,
717 428 816 474 quod
856 429 942 463 ante

166 478 297 525 templi
336 477 532 513 introitum
582 475 825 521 Jerosolymae
863 475 944 509 erat

169 526 406 563 collocatum.
430 523 650 561 Sacerdotes
665 522 764 558 enim
777 520 839 566 qui
856 523 943 555 tem-

166 573 270 619 plum
291 570 439 608 Domini
459 569 664 616 ingressuri
686 572 807 611 erant,
830 567 868 602 in
889 566 943 601 la-

170 629 282 656 vacro
299 618 362 654 illo
375 629 414 654 se
427 618 552 654 lavare
569 627 719 652 necesse
731 614 942 655 habebant;

168 665 222 702 ita
242 675 372 702 omnes
399 664 460 710 qui
485 664 614 699 volunt
639 663 780 698 intrare
812 660 851 695 in
869 669 944 695 coe-

168 713 263 749 leste
294 712 474 757 templum
502 709 664 752 Domini,
702 717 854 743 necesse
877 706 944 741 ha-

168 760 262 796 bant
291 760 395 805 prius
433 768 499 804 per
542 756 774 801 Baptismum
812 751 943 788 lavari.

169 805 372 844 Duodecim
388 805 501 841 boves
515 803 609 839 aenci
625 803 695 837 hoc
707 811 809 836 mare
824 801 948 844 porta-

169 854 285 896 bunt;
312 851 399 896 quia
422 849 617 886 duodecim
636 846 803 893 Apostoli
826 844 948 891 Bapti-

170 910 294 936 smum
315 897 448 935 Christi
472 907 538 942 per
558 899 676 930 totum
691 893 870 928 mundum
892 891 947 927 di-

171 946 396 983 lataverunt.
414 942 650 979 Lavatorium
667 940 948 975 circumtectum

173 996 210 1029 et
241 995 414 1028 ornatum
444 993 525 1024 erat
554 987 712 1033 speculis
733 985 947 1028 mulierum,

170 1042 211 1076 ut
247 1035 452 1082 ingressuri
489 1035 669 1080 templum
696 1033 890 1076 viderent,
918 1032 948 1067 si

170 1084 335 1130 aliquam
374 1083 560 1118 maculam
599 1081 655 1116 vel
698 1078 949 1115 indecentiam

169 1132 354 1168 haberent
377 1141 385 1173 ;
432 1130 484 1165 sic
537 1129 748 1173 Baptismus
791 1125 952 1171 requirit

169 1176 409 1215 conscientiae
422 1175 704 1222 perfectionem,
722 1172 865 1219 peccati
879 1172 952 1208 dis-

168 1225 400 1271 plicentiam,
420 1227 457 1259 et
473 1222 595 1258 cordis
609 1220 887 1257 contritionem.
903 1239 951 1246 -

169 1272 272 1308 Istud
292 1273 406 1307 etiam
428 1270 629 1315 figuratum
651 1272 707 1304 est
726 1267 765 1303 in
782 1268 951 1302 Naaman

172 1320 264 1365 Syro
285 1317 416 1364 gentili
435 1321 472 1353 et
486 1316 649 1362 leproso,
665 1316 727 1360 qui
744 1314 950 1360 adjussum

173 1365 297 1402 Elisaei
321 1364 458 1411 septies
479 1364 516 1399 in
541 1363 707 1400 Jordane
733 1360 950 1407 baptizaba—

171 1416 247 1458 tur,
269 1415 306 1448 et
326 1411 378 1447 sic
399 1413 445 1447 ah
467 1410 569 1446 omni
591 1410 696 1455 lepra
707 1419 775 1444 sua
794 1407 949 1443 munda-

171 1460 295 1496 batur.
318 1459 390 1494 Per
417 1462 608 1502 septenam
637 1467 744 1500 aquae
773 1453 950 1491 Jordanis

167 1505 347 1543 lotionem
363 1504 618 1551 praefiguravit
637 1503 790 1538 Elisaeus
806 1504 949 1547 septem

170 1552 387 1589 mortalium
421 1555 659 1598 peccatorum
686 1549 725 1584 in
757 1548 948 1593 Baptismo

169 1599 414 1637 ablutionem.
440 1599 533 1634 Caro
567 1598 734 1632 Naaman
765 1596 864 1630 sacta
892 1597 949 1629 est

172 1650 216 1683 ut
234 1657 320 1682 caro
338 1645 460 1691 pueri,
480 1646 760 1689 itapeccatores
779 1640 949 1677 efficiun-

170 1697 233 1730 tur
246 1691 374 1728 mundi
390 1691 485 1727 sicut
495 1690 706 1737 parvuli.——
717 1688 818 1724 Istud
834 1689 947 1723 etiam

171 1740 456 1787 praefiguratum
483 1742 539 1773 est
565 1739 601 1772 in
628 1735 788 1772 transitu
814 1735 947 1771 Jorda-

172 1787 246 1832 nis,
274 1786 423 1832 quando
462 1784 529 1820 filii
567 1784 680 1819 Israel
716 1782 950 1818 intraverunt

172 1838 313 1871 terram
326 1830 587 1879 promissionis
600 1843 607 1874 3
620 1832 706 1876 quia
718 1829 950 1875 priustrans-

171 1880 295 1917 ierunt
313 1880 531 1922 Jordanem,
557 1878 717 1922 figuram
739 1876 948 1921 Baptisma-

171 1928 233 1963 tis.
257 1926 317 1963 Sic
336 1929 484 1972 oportet
515 1935 647 1960 omnes
674 1934 740 1969 per
758 1924 949 1958 lavacrum

172 1973 354 2020 Baptismi
380 1971 554 2015 transire,
584 1971 645 2016 qui
667 1970 882 2006 desiderant
902 1968 949 2004 ad

173 2025 314 2057 terram
333 2018 592 2066 promissionis
624 2016 831 2063 pervenire.
854 2016 951 2050 Arca

174 2066 417 2109 Testamenti,
441 2076 524 2111 quae
554 2064 593 2100 in
626 2063 749 2099 medio
775 2061 950 2098 Jordauis

175 2115 312 2157 stabat,
334 2114 537 2154 Christum,
563 2111 623 2156 qui
645 2111 683 2146 in
703 2109 868 2146 Jordane
883 2109 948 2144 ba—

172 2160 370 2207 ptizandus
391 2162 486 2203 erat,
519 2158 720 2203 figurabat.
745 2155 951 2192 Duodecim

172 2207 330 2254 lapides,
344 2216 436 2251 quos
449 2206 608 2251 populus
623 2203 706 2240 tulit
721 2204 766 2239 de
777 2202 951 2238 Jordanis

174 2254 296 2297 alveo,
313 2263 382 2298 pro
412 2251 619 2287 memoriali
645 2253 841 2297 perpetuo,
862 2253 952 2286 sunt

172 2299 373 2338 duodecim
406 2298 585 2344 Apostoli,
617 2298 680 2343 qui
717 2307 782 2342 per
819 2297 950 2332 orbem

171 2351 360 2432 teerrarum
385 2344 574 2381 testificati
603 2348 690 2380 sunt
715 2342 950 2390 Baptismum

202 2392 324 2431 bristi.

226 2456 266 2487 17
289 2441 511 2476 SAcmfflmvri
532 2440 765 2474 BAPTISMATIS
791 2450 953 2475 msiNuA-

174 2499 247 2533 rio,
268 2498 467 2523 INSTITUTIO
490 2497 530 2521 ET
545 2496 793 2521 coxrnfflxrio.
812 2507 857 2511 —
871 2486 950 2522 Cir-

174 2546 217 2572 ca
236 2533 434 2581 praemissa
456 2536 513 2569 est
534 2532 725 2568 sciendum
750 2532 849 2577 quod
876 2534 949 2568 Do-

172 2582 297 2619 minus
323 2579 556 2625 Baptismum
591 2589 699 2614 suum
728 2578 948 2624 insinuavit,

172 2627 349 2672 instituit,
378 2627 662 2671 institutumque
697 2625 946 2661 confirmavit.

173 2675 447 2712 Instituendum
472 2672 675 2709 insinuavit
699 2673 814 2708 verbo
835 2675 872 2707 et
892 2672 950 2707 fa-

175 2725 270 2759 cto:
303 2722 432 2765 verbo,
471 2730 555 2756 cum
591 2719 682 2755 dixit
715 2718 947 2754 Nicodemo:

172 2771 258 2808 Nisi
285 2771 367 2815 quis
394 2771 542 2804 renatus
566 2767 682 2811 fuerit
714 2776 759 2802 ece
789 2776 888 2811 aqua
918 2768 951 2802 et

1016 239 1161 284 Spiritu
1192 239 1336 279 Sancto,
1368 238 1461 278 etc.;
1491 233 1603 279 facto,
1637 234 1790 280 quando

1017 286 1225 331 baptizatus
1236 286 1291 320 est
1307 294 1328 319 a
1339 284 1357 319 J
1362 291 1497 318 oanne.
1511 302 1548 307 -
1565 281 1730 317 Instituit
1739 281 1791 318 fa-

1018 335 1076 368 cto
1093 335 1131 368 et
1151 332 1265 367 verbo
1285 342 1292 366 :
1313 330 1424 373 sacto,
1445 327 1596 374 quando
1618 327 1792 374 discipuli

1019 379 1259 425 baptizabant
1284 377 1366 423 ejus
1391 374 1638 419 auctoritate3
1660 375 1791 420 verbo,

1018 426 1166 471 quando
1188 424 1287 460 misit
1307 423 1511 469 discipulos
1526 422 1573 459 ad
1587 421 1795 468 praediean-

1018 474 1120 515 dum,
1142 475 1179 508 et
1199 470 1476 516 baptizandum.
1505 491 1545 495 —
1577 468 1796 505 Institutum

1019 518 1268 561 confirmavit,
1291 521 1328 552 et
1347 517 1445 552 facto
1466 519 1503 552 et
1521 516 1658 552 verbo:
1678 515 1793 559 facto,

1019 565 1167 610 quando
1185 564 1231 599 de
1246 564 1326 609 ejus
1340 562 1632 608 latere,sanguis
1644 565 1681 599 et
1696 571 1796 615 aqua

1018 612 1206 653 exierunt3
1228 611 1357 653 verbo,
1385 611 1536 655 quando
1563 612 1647 655 post
1676 609 1796 656 ipsius

1017 656 1332 694 resurrectionem
1369 655 1471 691 misit
1507 655 1724 701 discipulos,
1756 655 1797 691 in

1018 704 1200 740 mundum
1232 702 1462 746 universum,
1501 701 1722 748 praedicare,
1758 705 1796 737 et

1018 752 1221 797 baptizare.

1072 801 1112 833 18
1127 799 1219 833 Am
1235 798 1470 833 SACRAMENTA
1490 807 1633 836 QUANDO
1663 806 1705 830 m·
1730 806 1797 831 cun

1019 844 1234 880 INSTITUTA?
1254 865 1299 869 —
1320 843 1399 887 Hic,
1424 843 1544 888 gratia
1565 843 1677 888 hujus
1699 841 1796 878 tanti

1021 890 1262 933 sacramenti,
1283 889 1423 926 scilicet
1440 889 1617 935 Baptismi
1637 888 1759 935 primo
1773 898 1797 925 a

1021 938 1168 974 Christo
1189 936 1348 981 incitati,
1375 937 1422 972 de
1454 937 1699 972 sacramentis
1724 935 1797 971 ali-

1022 985 1112 1030 quid
1132 984 1337 1020 videamus.
1360 984 1467 1019 Circa
1484 994 1567 1029 quae
1587 981 1796 1027 sciendum,

1023 1031 1122 1076 quod
1140 1031 1302 1067 coelestis
1322 1030 1490 1066 medicus
1510 1029 1664 1066 humani
1680 1039 1796 1075 gene-

1021 1078 1073 1114 ris
1114 1078 1360 1124 reparativus,
1399 1077 1464 1113 tali
1503 1077 1614 1113 modo
1651 1075 1798 1113 sanavit

1023 1128 1220 1172 aegrotum,
1246 1125 1341 1160 sicut
1370 1124 1512 1170 optime
1544 1124 1795 1170 competebat.

1022 1174 1195 1218 AEgrotus
1231 1173 1344 1208 homo
1381 1175 1450 1216 est,
1484 1172 1638 1207 morbus
1670 1173 1798 1207 autem

1023 1219 1216 1265 originalis
1237 1219 1347 1264 culpa
1363 1222 1432 1254 est.
1455 1218 1567 1264 Origo
1588 1228 1675 1254 vero
1697 1217 1798 1254 illius

1023 1267 1157 1312 culpae,
1193 1266 1280 1301 licet
1314 1265 1571 1312 principaliter
1607 1265 1720 1301 suerit
1755 1275 1799 1300 ex

1023 1324 1210 1349 consensu
1230 1312 1400 1356 rationis,
1419 1312 1654 1348 occasionem
1669 1315 1798 1347 tamen

1024 1362 1185 1407 sumpsit
1215 1370 1258 1395 ex
1280 1359 1451 1396 sensibus
1477 1358 1613 1396 carnis.
1645 1359 1702 1395 Ad
1726 1359 1800 1395 hoc

1024 1418 1113 1453 ergo
1149 1407 1249 1453 quod
1286 1407 1522 1442 medicamen
1574 1406 1800 1452 respondeat

1023 1455 1169 1498 morbo,
1205 1453 1370 1499 oportuit
1402 1454 1502 1499 quod
1541 1464 1616 1489 non
1653 1455 1800 1489 tantum

1023 1505 1121 1537 esset
1141 1500 1359 1546 spiritualis,
1374 1511 1506 1536 verum
1528 1499 1640 1536 etiam
1656 1499 1798 1546 aliquid

1022 1549 1179 1584 haberet
1217 1547 1263 1583 de
1303 1547 1542 1583 sensibilibus
1576 1547 1718 1592 signis;
1758 1550 1799 1583 ut

1023 1595 1118 1631 sicut
1137 1594 1332 1630 sensibilia
1357 1594 1508 1630 fuerunt
1528 1593 1664 1630 animae
1691 1603 1797 1630 occa-

1022 1643 1077 1677 sio
1098 1641 1263 1685 labendi,
1284 1641 1337 1676 ita
1357 1644 1481 1676 essent
1502 1640 1535 1676 ei
1561 1641 1707 1677 occasio
1737 1651 1798 1677 re-

1023 1687 1219 1734 surgendi3
1237 1691 1439 1734 propterea
1470 1687 1656 1723 medicina
1677 1687 1798 1724 nostri

1021 1736 1185 1772 vulneris
1207 1734 1382 1770 convenit
1401 1734 1441 1770 in
1462 1733 1726 1770 ecclesiasticis
1742 1744 1798 1770 sa-

1022 1781 1236 1818 cramentis.
1272 1781 1435 1817 Instituit
1464 1784 1589 1817 autem
1616 1782 1714 1817 Deus
1738 1792 1797 1818 sa-

1022 1832 1216 1865 cramenta
1237 1828 1486 1864 diversimode
1507 1839 1515 1862 :
1537 1828 1711 1873 quaedam
1732 1831 1799 1864 sci-

1022 1876 1108 1912 licet
1126 1879 1213 1911 ante
1235 1876 1438 1910 adventum
1466 1885 1588 1918 suum,
1611 1877 1650 1910 ut
1669 1875 1797 1911 Matri-

1023 1922 1206 1964 monium,
1241 1925 1277 1957 et
1301 1921 1596 1964 Poenitentiam;
1625 1922 1692 1958 sed
1717 1922 1797 1958 haec

1022 1970 1095 2005 duo
1119 1969 1356 2004 confirmavit
1373 1967 1412 2002 iu
1438 1968 1535 2014 Lege
1561 1969 1798 2014 Evangelica,

1023 2019 1060 2052 et
1074 2014 1348 2051 consummavit
1362 2015 1452 2050 dum
1464 2014 1604 2061 nuptiis
1617 2015 1798 2061 interfuit,

1024 2066 1060 2098 et
1081 2063 1169 2098 dum
1187 2061 1443 2107 poenitentiam
1463 2062 1695 2107 praedicavit.
1717 2063 1799 2100 Alia

1024 2109 1190 2156 quinque
1228 2112 1464 2144 sacramenta
1501 2109 1603 2145 solus
1632 2109 1800 2147 Christus

1024 2156 1186 2192 initiavit
1207 2167 1215 2191 ι
1236 2157 1468 2202 Baptismum
1489 2155 1655 2201 quidem,
1677 2156 1802 2203 ipsum

1025 2203 1276 2249 suscipiendo,
1287 2206 1324 2238 et
1334 2202 1470 2238 deinde
1483 2203 1642 2240 formam
1651 2203 1775 2240 dando
1787 2216 1797 2248 ;

1025 2249 1373 2294 Confirmationem,
1390 2260 1541 2285 manum
1555 2251 1720 2296 parvulis
1734 2251 1801 2287 im-

1024 2297 1220 2344 ponendo;
1250 2297 1483 2340 Unctionem,
1517 2297 1719 2344 discipulos
1751 2298 1800 2335 ad

1025 2344 1232 2380 curandum
1253 2344 1450 2386 mittendo,
1466 2343 1529 2390 qui
1541 2343 1715 2381 infirmos
1733 2356 1799 2381 un·

1024 2392 1164 2437 gebant
1183 2391 1264 2427 oleo
1283 2402 1292 2435 ;
1316 2390 1493 2427 Ordinem
1514 2401 1614 2436 vero,
1633 2394 1798 2438 potesta-

1023 2443 1100 2474 tem
1117 2437 1260 2483 ligandi
1281 2440 1318 2474 et
1336 2437 1517 2482 solvendi,
1538 2449 1581 2474 ac
1596 2438 1800 2475 confitendi

1024 2485 1265 2521 concedendo
1281 2497 1291 2529 3
1333 2488 1608 2522 sacramentum
1645 2486 1775 2522 altaris
1790 2513 1800 2529 ‚

1024 2532 1225 2568 tribuendo
1255 2531 1542 2577 Eucharistiam,
1564 2532 1798 2568 conficiendo

1024 2582 1061 2632 et
1082 2579 1207 2615 dando
1231 2578 1438 2625 discipulis,
1463 2579 1683 2615 imminente
1707 2580 1796 2615 Pas-

1025 2636 1145 2678 smne,
1168 2629 1444 2662 sacramentum
1461 2625 1634 2672 Corporis
1652 2629 1689 2662 et
1709 2627 1800 2662 San·

1023 2683 1148 2718 guinis
1174 2672 1244 2709 sui.
1267 2672 1439 2708 Instituta
1464 2683 1611 2718 quoque
1632 2676 1718 2709 sunt
1738 2683 1799 2709 sa-

1025 2723 1230 2763 cramenta,
1242 2719 1437 2765 multiplici
1455 2719 1500 2755 de
1514 2730 1637 2756 causa.
1657 2721 1797 2763 Primo,

1022 2770 1176 2812 propter
1189 2766 1490 2802 humiliationem
1510 2777 1518 2802 :
1541 2776 1679 2813 magna
1696 2766 1795 2803 enim
