1897 3167
484 150 530 181 ut]
570 149 867 184 CONCEPTIONE
904 150 1090 183 JOANNIs
1132 149 1466 183 l'llAEtIURSOlllS.
1759 147 1798 179 ‘27

838 361 1020 408 CAPUT
1055 362 1112 407 lV

544 508 593 536 DE
624 508 890 537 CONCEPTIONE
920 508 1083 538 JOANNIS
1112 507 1398 538 PRAECURSOtus.

845 633 952 669 Lucae
972 642 1054 679 cap.
1077 633 1105 668 1.

202 784 211 805 ι
239 770 290 804 Di:
315 769 495 803 Limnai-x
522 768 775 803 Pnffifflssnsoms
804 778 927 803 PATRE.

150 836 194 842 —
217 817 301 852 Fuit
327 819 445 850 autem
473 817 510 849 in
531 815 657 849 diebus
679 813 765 857 illis,
789 814 930 850 scilicet

149 862 187 898 in
221 862 353 899 diebus
389 862 556 900 Herodis.
579 863 676 906 regis
701 862 836 897 Judaeae
873 872 931 897 sa-

147 910 270 946 cerdos
294 909 445 955 quidam
472 911 614 944 nomine
646 910 858 949 Zacharias,
885 909 927 944 de

148 959 224 993 vice
263 957 383 999 Abia;
423 960 455 992 et
504 967 597 991 mcor
644 957 748 991 illius
787 958 930 991 nomine

146 1005 347 1045 Elisabeth,
380 1004 423 1039 de
456 1003 604 1048 filiabus
638 1003 776 1039 Aaron.
811 1005 929 1039 Erant

148 1055 268 1088 autern
307 1051 411 1086 ambo
444 1051 541 1094 justi
577 1054 661 1085 ante
696 1052 822 1090 Deum,
851 1061 927 1086 non

146 1098 239 1135 sicut
258 1098 476 1144 hypocritas,
493 1097 555 1143 qui
578 1097 726 1144 fingunt
742 1097 927 1144 justitiam

145 1149 232 1182 ante
254 1145 450 1189 mundum,
475 1145 676 1180 incedentes
698 1146 736 1180 in
762 1146 927 1180 omnibus

145 1193 345 1234 mandatis,
368 1196 548 1238 quantum
573 1192 621 1228 ad
648 1191 926 1228 observantiam

147 1239 347 1276 moralium
380 1242 668 1285 praeceptorum,
692 1243 724 1274 et
747 1240 928 1284 J'zcstifica—

147 1288 305 1323 tionibus
334 1288 492 1326 Domini,
517 1289 696 1331 quantum
724 1286 771 1322 ad
799 1287 926 1322 obser-

147 1333 313 1371 vantiam
332 1333 656 1376 ceremonialium,
672 1335 749 1368 sine
766 1334 924 1378 querela,

144 1385 326 1434 quantum
359 1381 406 1416 ad
433 1380 735 1416 observationem
764 1380 926 1425 judicia-

144 1430 248 1472 hum,
278 1429 366 1474 quia
396 1427 550 1473 pacifice
585 1427 632 1463 ad
668 1427 857 1473 proximos
888 1438 926 1463 se

146 1476 347 1512 habebant.
385 1478 432 1511 Et
470 1486 540 1510 non
580 1478 657 1510 erat
696 1476 773 1509 illis
811 1476 924 1519 filius,

144 1526 296 1569 propter
331 1522 582 1565 sterilitatem,
611 1532 694 1567 quae
725 1525 781 1557 est
813 1532 927 1557 causa

143 1569 316 1617 specialis
335 1568 498 1612 mulieri,
520 1572 557 1604 et
577 1572 821 1612 senectutem,
842 1579 925 1614 quae

142 1620 199 1653 est
221 1627 334 1653 causa
361 1615 572 1653 communis
593 1615 673 1651 viro
697 1618 734 1651 et
760 1615 923 1652 mulieri.

143 1666 191 1701 Ex
203 1675 277 1711 quo
293 1667 448 1711 apparet
465 1663 658 1709 conceptio
679 1663 926 1699 Praecursoris

143 1711 382 1755 miraculosa,
403 1713 489 1757 quia
508 1721 583 1746 non
603 1710 671 1746 suit
691 1714 837 1746 tantum
858 1720 926 1756 per

143 1763 331 1803 naturam,
355 1759 420 1795 sed
440 1769 508 1806 per
531 1761 705 1794 naturam
726 1758 848 1803 gratia
869 1757 924 1793 di-

142 1806 228 1842 vina
255 1806 436 1853 adJutam.
460 1808 532 1842 Iste
554 1805 721 1841 herodes
747 1805 792 1841 de
819 1808 924 1852 patre

144 1853 307 1890 Idumaeo
334 1853 566 1890 descendens
598 1852 666 1888 fuit
696 1852 922 1898 alienigena,

142 1904 179 1937 et
190 1901 269 1954 jam
287 1904 475 1947 sceptrum
491 1901 656 1937 ablatum
669 1899 738 1935 fuit
752 1900 799 1936 de
812 1900 922 1945 Juda,

140 1951 178 1984 et
192 1948 278 1985 ideo
296 1952 444 1995 tempus
458 1948 640 1984 adventus
657 1946 793 1984 Christi
806 1947 923 1983 insta-

143 1996 224 2039 bat;
264 1995 351 2041 quia
388 1996 503 2032 Jacob
542 1994 757 2041 patriarcha
790 1994 923 2041 spiritu

142 2042 360 2089 prophetico
385 2042 535 2089 signum
562 2042 747 2078 adventus
782 2041 921 2078 Christi

141 2090 378 2137 praedixerat,
412 2090 562 2136 quando
601 2099 759 2135 regnum
782 2089 922 2125 Judaeae

139 2137 186 2174 ad
229 2137 481 2184 alienigenam
526 2137 749 2173 translatum
789 2140 888 2173 esset
912 2165 920 2180 ,

137 2184 267 2221 dicens
294 2197 301 2221 :
331 2187 409 2223 Non
445 2186 633 2228 auferetur
661 2188 843 2230 sceptrum
879 2184 922 2220 de

137 2233 248 2274 Juda,
279 2236 313 2268 et
352 2233 429 2268 duae
452 2233 496 2268 de
527 2233 663 2276 femore
697 2232 788 2276 ejus,
812 2232 923 2267 donec

139 2282 261 2315 veniat
296 2282 361 2325 qui
386 2280 584 2316 mittendus
604 2283 677 2321 est,·
700 2283 733 2314 et
751 2281 830 2325 ipse
852 2281 922 2314 erit

139 2329 361 2373 exspectatio
382 2327 562 2363 Gentium.
581 2328 623 2362 Et
637 2325 830 2362 sciendum
846 2325 920 2371 hic,

139 2373 348 2420 quod‚cum
367 2375 512 2420 Moyses
528 2373 680 2409 unicum
700 2372 922 2410 instituisset

138 2431 326 2457 summum
367 2422 599 2458 sacerdotem
625 2449 633 2464 ,
674 2421 733 2456 cui
773 2424 920 2457 mortuo

140 2479 235 2504 unus
255 2479 324 2515 per
346 2468 516 2504 ordinem
550 2468 780 2512 succederet,
803 2469 919 2505 David

139 2515 920 2562 volensampliarecultumdomusDomini,

136 2563 183 2599 de
213 2563 342 2610 viginti
367 2567 527 2609 quatuor
553 2562 717 2607 familiis,
751 2573 834 2609 quae
857 2563 921 2600 de-

138 2610 361 2647 scenderant
385 2612 431 2646 ab
450 2612 590 2654 Aaron,
606 2609 768 2646 instituit
789 2610 921 2657 viginti

137 2661 299 2704 quatuor
315 2658 550 2694 sacerdotes:
564 2668 676 2704 super
691 2668 784 2704 quos
795 2661 922 2694 tamen

135 2716 233 2742 unus
254 2707 439 2742 maximus
471 2709 553 2741 erat
579 2709 616 2741 et
650 2715 818 2742 summus
841 2716 920 2741 om-

141 2751 257 2792 nium,
277 2753 338 2798 qui
375 2753 570 2789 dicebatur
595 2752 772 2799 Princeps
797 2764 920 2789 sacer-

1007 767 1150 803 dotum.
1193 764 1355 802 Instituit
1387 764 1516 809 etiam,
1553 768 1593 800 ut
1630 765 1792 802 vicissim

1008 814 1265 849 ministrantes
1306 823 1373 858 per
1409 812 1686 848 hebdomadam
1713 842 1721 856 ,
1771 826 1792 850 a

1008 862 1165 897 sabbato
1200 870 1318 906 usque
1340 859 1376 895 in
1397 860 1610 902 sabbatum,
1634 859 1670 895 in
1698 864 1792 896 tem-

1008 919 1097 954 pore
1136 907 1226 943 vicis
1266 918 1342 943 suaz
1384 906 1520 951 singuli
1559 907 1792 943 castimonia·

1006 956 1215 998 studerent,
1229 965 1297 990 nec
1314 953 1464 990 interim
1485 953 1523 988 in
1543 954 1695 990 domum
1710 965 1794 1001 pro-

1006 1002 1127 1049 priam
1154 1002 1355 1045 intrarent,
1392 1000 1518 1037 sedin
1552 1001 1792 1038 domunculis

1006 1050 1107 1086 circa
1130 1049 1314 1095 templum
1336 1047 1563 1092 constitutis,
1587 1058 1669 1093 quae
1701 1050 1791 1086 Exe-

1005 1097 1083 1132 dra)
1105 1098 1349 1139 vocabantur,
1373 1097 1566 1131 cubarent.
1594 1097 1636 1131 Et
1658 1107 1790 1132 secun-

1005 1145 1094 1180 dum
1129 1148 1250 1179 sortes
1280 1144 1384 1179 dedit
1413 1143 1546 1188 cuique
1585 1142 1675 1178 vicis
1715 1156 1791 1180 suae

1005 1191 1296 1234 hebdomadam,
1328 1193 1363 1226 et
1391 1195 1521 1226 octava
1549 1201 1630 1226 sors
1659 1191 1792 1227 cecidit

1005 1249 1117 1284 super
1144 1238 1290 1281 Abiam‚
1316 1238 1363 1273 de
1398 1248 1470 1283 quo
1495 1237 1690 1273 descendit
1721 1238 1791 1274 iste

1004 1286 1214 1321 Zacharias.
1240 1284 1419 1321 Similiter
1449 1284 1495 1319 de
1518 1284 1617 1320 trihu
1644 1285 1789 1322 Levita-

1006 1344 1089 1368 rum
1122 1332 1255 1378 viginti
1293 1335 1453 1377 quatuor
1492 1331 1630 1367 Levitze
1665 1336 1788 1377 erant,

1005 1384 1044 1416 ut
1066 1380 1134 1426 ipsi
1179 1390 1327 1425 quoque
1360 1379 1493 1414 eodem
1516 1379 1626 1414 modo
1651 1379 1788 1424 sortiti,

1000 1428 1106 1473 juxta
1129 1437 1273 1462 morem
1299 1425 1520 1469 sacerdotis,
1545 1425 1688 1461 octenis
1710 1426 1788 1463 die-

1004 1476 1073 1510 bus
1092 1474 1319 1509 ministrent.
1334 1475 1483 1508 Factum
1495 1476 1547 1508 est
1560 1476 1694 1516 autem,
1708 1485 1787 1509 cum

1005 1524 1042 1556 in
1059 1522 1186 1557 ordine
1202 1523 1292 1556 vicis
1313 1531 1387 1555 suae
1403 1521 1604 1555 sacerdotio
1622 1522 1790 1565 fungere-

1005 1573 1076 1609 tur,
1101 1568 1306 1604 secundum
1331 1567 1557 1612 exigentiam
1579 1567 1690 1603 sortis
1712 1579 1788 1604 suae

1004 1619 1159 1660 octavae,
1183 1617 1274 1650 eaeiit
1301 1615 1347 1650 de
1373 1615 1486 1650 domo
1512 1613 1575 1651 ubi
1602 1625 1641 1650 se
1669 1625 1790 1651 sacer-

1004 1663 1192 1699 dotalibus
1218 1662 1385 1698 vestibus
1416 1661 1550 1705 induit,
1588 1665 1629 1697 ut
1666 1664 1788 1698 inccn-

1002 1721 1082 1746 sum
1119 1713 1279 1756 poneret.
1308 1712 1493 1754 inqressns
1538 1711 1577 1744 in
1616 1711 1788 1754 templum

1002 1759 1161 1799 Domini,
1187 1758 1335 1794 decima
1361 1756 1421 1792 die
1448 1755 1588 1792 mensis
1623 1756 1786 1802 septimi,

1004 1805 1041 1841 id
1059 1809 1115 1841 est
1155 1805 1391 1851 septembris.
1430 1806 1477 1839 Et
1498 1803 1649 1839 interim
1673 1806 1789 1840 omnis

1003 1853 1199 1888 multitudo
1220 1853 1352 1898 populi
1372 1855 1450 1886 erat
1471 1862 1578 1886 orans
1595 1853 1701 1894 foris,
1725 1863 1787 1887 ex-

1003 1904 1062 1936 tra
1095 1899 1292 1946 templum,
1320 1898 1408 1945 quia
1437 1909 1511 1934 non
1538 1902 1620 1934 erat
1645 1897 1788 1935 licitum

1002 1947 1140 1993 populo
1163 1946 1310 1993 ingredi
1330 1945 1527 1992 templum,
1556 1946 1620 1981 sed
1642 1949 1787 1982 tantum

1002 1995 1160 2038 atrium3
1182 1996 1270 2029 hora
1286 1996 1424 2029 incensi
1445 1993 1643 2030 offerendi.

1052 2056 1069 2078 2
1092 2043 1170 2078 Nox
1191 2053 1270 2077 rmT
1292 2053 1430 2077 sununs
1458 2052 1648 2076 sxcsnnos.
1671 2059 1717 2067 —-
1737 2041 1787 2076 Ex

1001 2089 1059 2125 his
1079 2089 1228 2125 videtur
1247 2088 1446 2125 Zacharias
1474 2088 1588 2124 fuisse
1609 2087 1787 2124 sacerdos

1000 2137 1169 2183 simplex.
1198 2147 1273 2172 non
1295 2146 1484 2178 summus;
1511 2134 1599 2181 quia
1618 2135 1678 2170 hic
1699 2135 1789 2171 dici-

1002 2189 1061 2221 tur
1081 2184 1180 2230 quod
1216 2183 1408 2229 ingressus
1437 2182 1506 2218 suit
1531 2183 1712 2228 templum
1739 2182 1786 2218 ad

1000 2231 1217 2278 ponendum
1253 2231 1448 2266 incensum
1484 2233 1630 2266 tantum
1670 2241 1678 2265 z
1715 2230 1786 2266 hoc

999 2283 1125 2315 autem
1147 2278 1290 2314 licitum
1311 2281 1392 2314 erat
1414 2277 1626 2313 minoribus
1658 2288 1784 2313 sacer-

1001 2327 1164 2371 dotibus,
1193 2326 1397 2362 secundum
1429 2325 1529 2370 quod
1563 2323 1653 2360 dicit
1685 2326 1784 2371 Apo-

999 2375 1117 2410 stolus
1140 2386 1147 2409 :
1170 2376 1212 2410 In
1235 2375 1355 2419 primo
1379 2373 1526 2418 quidem
1553 2372 1785 2408 tabernaculo

1000 2422 1163 2467 quotidie
1187 2421 1390 2456 introibant
1415 2420 1618 2455 sacerdotes
1643 2421 1784 2463 sacrifi-

1000 2471 1135 2505 ciorum
1144 2470 1349 2504 ministeria
1361 2471 1666 2508 consummantes,-
1680 2466 1782 2511 quia,

999 2519 1151 2563 peracto
1179 2515 1364 2552 sacrificio
1395 2514 1432 2550 in
1473 2514 1582 2551 altari
1607 2513 1782 2549 holocau-

1001 2568 1159 2607 storum,
1182 2563 1282 2609 quod
1300 2566 1381 2599 erat
1402 2561 1440 2597 in
1463 2561 1572 2604 atrio,
1595 2560 1657 2597 ubi
1678 2560 1783 2595 mini-

1001 2612 1172 2647 strabant
1192 2610 1409 2646 sacerdotes
1449 2609 1627 2651 minores,
1645 2617 1783 2659 ,sacer-

1001 2658 1069 2694 dos
1096 2658 1157 2704 qui
1186 2657 1236 2694 ibi
1259 2657 1554 2698 ministraverat,
1576 2654 1783 2700 accipiebat

1000 2716 1140 2751 prunas
1175 2705 1221 2741 de
1255 2704 1364 2741 altari
1394 2704 1714 2745 holocaustorum,
1747 2706 1783 2738 et

1000 2754 1147 2789 intrans
1168 2752 1328 2799 primam
1359 2754 1504 2797 partem
1530 2748 1674 2795 templi,
1696 2758 1781 2795 quae
