1876 3126
125 191 186 225 356
586 186 733 219 PRIMAE
770 186 928 220 PARTIS
965 185 1102 220 CAPUT
1140 186 1269 221 XLIII.

123 260 328 303 silentium,
352 257 477 294 docuit
499 268 566 293 nos
585 256 715 292 laudes
737 256 902 302 turpium

124 309 267 353 fugere.
280 306 398 349 Unde,
410 316 495 341 secu
503 305 615 340 ndum
627 305 809 343 Senecam,
824 307 902 339 tam

123 355 231 390 triste
258 357 294 389 et
315 357 392 388 tam
416 356 526 398 turpe
546 351 654 387 nobis
683 351 794 386 debet
821 361 902 386 esse

124 400 268 438 laudari
287 411 308 436 a
324 399 510 446 turpibus,
530 408 642 444 quam
658 397 689 433 si
705 398 903 434 laudemur

124 450 172 485 ob
196 447 335 493 turpia.

172 499 191 539 4
209 496 447 530 DAEMONIACUS
468 505 491 528 A
506 503 659 528 mABom
680 503 750 528 EUM
765 503 902 527 niscan-

122 554 235 578 PENTE
267 552 477 577 LIBERATUR.
509 561 554 566 -
581 541 624 575 Et
653 539 800 584 spiritui
830 539 900 574 im—

121 590 264 625 mundo
278 590 417 634 Jubens
436 586 510 623 ait:
528 589 602 622 Eoei
618 587 663 621 ab
679 597 715 621 eo
733 585 897 622 homine.

119 638 344 672 Daemonium
374 637 499 671 autem
526 645 605 669 eum
625 634 833 679 projecisset
854 635 900 668 il-

121 685 196 719 lum
212 686 250 718 in
269 683 427 718 medium
442 682 647 726 discerpens
665 691 756 719 eum,
774 690 900 725 quam-

120 733 201 766 tum
240 730 287 765 ad
324 729 582 772 afflictionem,
622 731 654 762 et
691 728 900 761 eoeclamans

119 787 203 813 voce
219 788 366 820 manna.
378 778 471 811 eaeiit
488 776 533 810 ab
551 786 602 812 eo,
614 776 778 818 nihilque
793 775 826 808 ei
840 784 899 807 no-

120 827 208 865 cuit,
236 827 418 869 quantum
442 823 489 859 ad
517 821 805 857 mutilationem.
833 819 899 855 Ubi

118 873 362 914 Hieronymus
401 883 411 905 .-
448 883 465 903 «
499 868 657 914 Spiritus
683 866 900 913 discerpens

117 918 326 962 hominem,
340 916 480 953 exiitab
494 927 550 951 eo.
565 913 753 960 Appropin
762 916 898 959 quante

118 966 254 1007 salute,
271 962 547 1010 appropinquat
564 968 599 996 et
614 960 782 996 tentatio.
806 961 899 995 Pha-

117 1022 199 1055 rao,
225 1011 401 1046 dimissus
425 1011 471 1045 ab
504 1008 632 1051 Israel,
662 1007 900 1053 persequitur

118 1059 246 1094 Israel.
272 1057 448 1093 Diabolus
467 1059 701 1100 contemptus
723 1054 841 1100 surgit
862 1053 897 1089 in

120 1105 301 1142 scandala
338 1115 345 1139 ε
384 1117 401 1136 »
439 1103 520 1138 haec
552 1104 805 1145 Hieronymus.
840 1102 899 1137 Sic

118 1153 233 1189 etiam
261 1150 395 1187 accidit
419 1149 677 1196 spiritualiter,
706 1150 793 1193 quia
819 1147 898 1183 dia-

116 1200 227 1236 bolus
248 1209 347 1244 saepe
366 1197 405 1233 in
422 1197 584 1233 medium
605 1195 754 1242 projicit
771 1205 901 1241 pecca—

115 1250 198 1282 tum
229 1246 385 1291 alicujus
406 1244 453 1280 ad
481 1245 561 1289 ejus
585 1242 895 1286 infamationem;

118 1298 155 1330 et
177 1304 260 1328 cum
292 1295 464 1338 peccator
491 1290 592 1326 videt
620 1301 658 1325 se
686 1290 896 1333 contusum,

117 1340 274 1376 dimittit
292 1342 499 1386 peccatum,
528 1336 750 1383 cogiturque
772 1336 899 1372 diabo-

116 1388 174 1424 lus
211 1388 257 1423 ab
290 1397 334 1422 eo
366 1385 477 1422 exire.
511 1385 614 1420 Unde
641 1384 677 1419 in
708 1383 895 1419 Psalmis:

115 1436 229 1479 Imple
247 1435 361 1477 facies
383 1444 503 1468 eorum
521 1433 737 1475 iynomz'nia,
758 1434 789 1465 et
805 1442 898 1475 quee-

117 1486 199 1517 rent
216 1492 340 1516 nomen
357 1485 471 1519 tuum,
486 1481 646 1514 Domine.
664 1477 898 1514 Verecundia

119 1530 235 1572 6111111,
261 1538 373 1574 quam
402 1527 516 1563 habet
541 1529 716 1572 peccator
743 1525 788 1560 de
811 1535 896 1570 pec-

118 1579 215 1619 cato,
241 1579 297 1611 est
313 1574 419 1611 valde
441 1573 541 1610 utilis
563 1574 608 1608 ad
632 1571 896 1607 dimittendum

117 1626 327 1670 peccatum.
351 1624 507 1667 Propter
525 1620 623 1665 quod
641 1619 730 1655 dicit
749 1621 896 1662 Seneca,

118 1670 218 1716 quod
233 1680 309 1704 non
325 1668 571 1704 dimittendus
586 1671 641 1702 est
657 1667 790 1711 pudor,
811 1665 898 1711 quia

118 1716 299 1764 quamdiu
323 1717 357 1750 in
375 1715 500 1751 animo
516 1713 705 1749 duraverit
723 1712 894 1758 alicujus,

118 1764 190 1800 erit
209 1764 317 1799 bonae
339 1762 417 1808 spei
439 1762 554 1797 locus.
587 1762 659 1796 Per
679 1761 750 1795 hoc
773 1764 897 1795 autem

119 1811 218 1857 quod
241 1810 457 1855 discerpens
478 1819 563 1844 eum
586 1807 673 1843 exiit
693 1808 739 1843 ab
759 1817 816 1850 eo,
839 1806 897 1842 in-

116 1857 298 1904 telligitur
319 1856 418 1902 quiid
438 1856 561 1891 nullus
583 1855 765 1890 liberatur
781 1864 802 1889 a
823 1854 900 1889 dia-

115 1905 218 1948 bolo,
254 1903 323 1939 nisi
357 1903 593 1947 discerpatur
621 1912 689 1947 per
718 1911 897 1946 compnn-

115 1951 278 1988 ctionem
297 1954 333 1986 et
346 1949 607 1986 contritionem
624 1948 841 1984 salutarem.
857 1950 900 1983 Et

116 1998 328 2045 specialiter
348 1998 418 2033 hoc
439 1997 484 2032 de
507 1997 631 2032 carnis
652 1995 741 2031 vitio
764 1995 898 2030 intelli-

117 2046 231 2092 gitur,
264 2044 350 2091 quia
381 2044 511 2079 vitium
541 2042 692 2079 carnale
722 2053 799 2077 non
824 2042 895 2077 nisi

118 2093 242 2130 carnis
273 2091 478 2127 afflictione
514 2094 680 2133 curatur,
712 2092 751 2124 ut
787 2100 795 2124 ε
830 2091 899 2124 Per

118 2151 198 2186 quae
213 2141 295 2185 quis
307 2142 443 2184 peccat,
455 2149 519 2184 per
533 2139 605 2173 haee
620 2140 653 2172 ei
670 2140 896 2181 torqueatur.

117 2189 172 2223 De
189 2187 262 2222 alio
281 2191 407 2221 autern
427 2196 448 2221 a
466 2185 770 2229 daemone,quem
789 2183 898 2219 disci-

117 2234 194 2281 puli
224 2233 359 2279 ejiCere
388 2243 462 2267 non
493 2234 706 2278 potuerant,
727 2232 894 2275 obsesso,

119 2281 258 2318 dicitur
280 2292 288 2315 ε
311 2282 358 2316 Et
382 2281 503 2322 facins
524 2283 575 2313 est
604 2281 697 2313 sicut
719 2282 895 2320 mortuus,

118 2331 173 2364 iia
199 2332 239 2363 ut
268 2328 375 2362 multi
403 2327 561 2361 dicerent
586 2338 595 2360 :
618 2326 711 2367 Quia
735 2329 897 2360 mortuns

119 2379 183 2411 est.
204 2375 308 2411 Unde
325 2374 543 2417 Greqorius:
563 2387 580 2405 «
599 2373 707 2408 Velut
727 2375 897 2408 mortuus

119 2422 256 2469 quippe
278 2420 502 2463 ostenditur,
526 2418 589 2465 qui
607 2430 630 2454 a
651 2419 804 2464 maligni
826 2420 898 2465 spi-

118 2470 212 2506 ritus
239 2470 424 2515 potestate
453 2467 653 2509 liberatur;
682 2466 768 2511 quia
794 2467 895 2510 quis-

119 2518 203 2563 quis
229 2517 308 2562 jam
339 2518 491 2551 terrena
517 2513 704 2549 desideria
732 2513 894 2558 subjicit,

116 2564 231 2600 vitam
266 2563 304 2598 in
332 2573 371 2598 se
409 2561 569 2597 carnalis
601 2560 895 2596 conversationis

117 2610 332 2656 exstinguit,
354 2612 391 2646 et
417 2609 556 2644 mundo
585 2611 752 2643 mortuus
779 2617 893 2653 appa-

115 2663 188 2702 ret,
222 2659 310 2704 quia
336 2666 553 2702 possessore
586 2665 716 2702 pravo,
739 2653 801 2700 qui
828 2664 895 2699 per

114 2705 310 2741 immunda
324 2703 512 2740 desideria
528 2713 567 2738 se
583 2702 762 2748 agitabat,
776 2705 891 2737 caret.

114 2753 231 2796 Quem
263 2751 368 2787 multi
409 2754 596 2786 mortuum
633 2750 774 2792 dicunt,
807 2748 893 2794 quia

113 2799 358 2846 spiritualiter
378 2797 500 2834 vivere
523 2796 817 2841 nesciunt,eum‚
830 2795 892 2842 qui

974 256 1141 293 carnalia
1167 257 1266 293 bona
1290 267 1367 292 non
1399 256 1581 301 sequitur,
1610 254 1751 290 exstin-

974 307 1072 340 ctum
1113 303 1279 340 funditus
1318 303 1552 339 arbitrantur
1583 313 1590 337 :
1625 315 1642 335 »
1672 302 1753 338 haec

975 352 1179 395 Greyorizw.
1205 350 1241 387 Si
1263 361 1351 397 ergo
1373 361 1394 386 a
1415 349 1581 395 maligno
1611 348 1751 385 libera-

973 401 1032 434 tus
1062 402 1118 434 est
1145 402 1326 441 mortuus,
1348 397 1517 443 sequitur
1543 395 1657 442 quod,
1689 394 1753 441 qui

973 456 1048 480 non
1082 449 1138 481 est
1165 445 1302 480 mundo
1328 449 1511 488 mortuus,
1546 454 1623 479 non
1649 445 1706 478 est
1731 452 1754 478 a

974 492 1139 537 maligno
1168 492 1366 536 liberatus;
1396 492 1494 536 quod
1516 494 1570 527 est
1595 490 1753 526 verbum

972 538 1141 574 terribile
1163 539 1344 574 mundum
1375 538 1630 584 diligentibus.
1649 539 1753 572 Jesus

973 590 1092 621 autem
1134 589 1254 620 tenens
1292 596 1439 619 manum
1483 587 1560 628 ejus
1600 585 1755 620 elevavit

973 644 1065 673 eum,
1088 635 1120 667 ei
1141 633 1305 666 surremit
1327 642 1335 666 z
1360 631 1440 676 ipse
1460 631 1560 667 enim
1583 633 1751 677 prostra-

974 679 1019 714 tis
1042 689 1194 714 manum
1212 677 1336 713 auxilii
1353 678 1524 723 porrigit,
1543 678 1623 723 ipse
1640 677 1753 714 elisos

973 725 1095 771 erigit.
1120 725 1188 760 Ubi
1211 725 1425 759 Ambrosius
1447 738 1457 759 .-
1480 739 1497 757 «
1520 724 1673 770 Mystice
1691 735 1754 760 au-

972 775 1062 816 tem,
1074 771 1135 817 qui
1153 771 1188 806 in
1199 781 1390 817 synagoga
1402 772 1564 808 habebat
1579 771 1754 818 spiritum

972 819 1222 861 immundum,
1250 819 1410 864 populus
1439 822 1493 854 est
1519 820 1750 864 Judaeorum,

973 865 1034 911 qui
1056 865 1257 901 innodatus
1278 865 1416 901 diaboli
1436 865 1580 911 laqueis
1599 865 1752 902 simula-

972 916 1048 948 tam
1085 913 1253 958 corporis
1298 912 1522 948 munditiam
1561 912 1753 948 interioris

973 959 1109 995 mentis
1134 959 1308 995 sordibus
1332 959 1567 1005 inquinabat.
1592 961 1635 995 Et
1654 959 1754 995 hene

974 1007 1145 1052 spiritum
1184 1006 1419 1042 immundum
1453 1007 1631 1051 habehat,
1664 1005 1754 1052 quia

974 1054 1152 1099 Spiritum
1176 1054 1351 1089 Sanctum
1376 1054 1565 1090 amiserat.
1596 1052 1753 1089 Introie—

973 1104 1031 1136 rat
1069 1102 1171 1136 enim
1216 1100 1400 1144 diabolus,
1443 1101 1540 1137 unde
1584 1100 1754 1137 Christus

973 1147 1126 1184 exierat.
1147 1162 1161 1180 »
1184 1147 1252 1184 Ubi
1268 1151 1304 1183 et
1322 1149 1541 1193 Theophilus
1561 1163 1568 1183 ;
1591 1162 1610 1181 «
1629 1147 1753 1184 Scien-

972 1196 1062 1231 dum
1086 1199 1142 1230 est
1159 1195 1286 1238 etiam,
1309 1195 1408 1240 quod
1428 1194 1535 1231 multi
1561 1205 1660 1230 nunc
1680 1194 1754 1230 dae-

972 1242 1100 1278 monia
1122 1243 1275 1285 habent,
1294 1252 1424 1277 omnes
1442 1242 1583 1278 scilicet
1601 1240 1664 1288 qui
1679 1241 1754 1277 dae-

972 1289 1185 1325 moniorum
1204 1288 1391 1325 desideria
1416 1289 1598 1335 implent;
1629 1291 1668 1324 ut
1693 1288 1753 1324 fu-

971 1337 1060 1372 riosi
1082 1337 1222 1372 habent
1237 1336 1465 1372 daemonium
1482 1336 1561 1380 irae,
1583 1338 1620 1371 et
1636 1335 1689 1371 sie
1706 1336 1753 1372 de

972 1383 1118 1419 ceteris
1143 1397 1159 1416 »
1184 1384 1253 1419 Sed
1271 1382 1452 1419 Dominus
1468 1382 1505 1418 in
1521 1392 1752 1429 synagogam

971 1431 1085 1474 venit,
1109 1441 1192 1466 cum
1214 1441 1319 1466 mens
1339 1429 1504 1466 hominis
1530 1430 1643 1466 fuerit
1663 1440 1751 1466 con-

971 1481 1140 1525 gregata,
1162 1481 1198 1513 et
1218 1481 1305 1513 tune
1320 1476 1409 1513 dicit
1424 1476 1586 1513 daemoni
1605 1476 1752 1513 inhabi-

970 1525 1078 1567 tanti,
1101 1525 1331 1569 obmutesce,
1354 1527 1390 1560 et
1412 1523 1538 1560 statim
1559 1523 1752 1570 egreditur

971 1574 1017 1608 ab
1040 1583 1097 1608 eo.

1018 1624 1036 1654 5
1058 1620 1232 1655 (31111151115
1251 1630 1373 1654 nomm
1392 1618 1538 1654 Smorns
1557 1619 1681 1664 PETRI,
1702 1629 1748 1654 AD

970 1678 1212 1702 REFECTIONEM
1242 1677 1443 1709 SUMENDAM,
1468 1677 1608 1701 INTRAT.
1632 1686 1675 1691 —
1702 1667 1751 1702 Et

968 1716 1137 1759 protinus
1171 1713 1405 1756 eqredienteS.
1437 1714 1619 1748 Dominus
1650 1713 1749 1758 ejus-

972 1771 1043 1806 que
1076 1759 1264 1804 discipuli,
1299 1760 1342 1794 de
1370 1770 1571 1804 synayoya,
1609 1758 1751 1796 scilicet

970 1811 1055 1854 post
1084 1806 1405 1853 praedicationem,
1438 1809 1473 1841 et
1505 1806 1584 1852 ejus
1608 1806 1748 1842 confir·

972 1854 1190 1896 mationem,
1204 1864 1271 1899 per
1285 1852 1467 1889 daemonis
1481 1852 1749 1898 expulsionem,

972 1904 1139 1937 introirit
1158 1903 1268 1937 Jesus
1288 1902 1327 1935 in
1348 1901 1492 1935 domum
1517 1901 1690 1944 Simonis,
1709 1903 1752 1936 ut

972 1948 1021 1984 ibi
1050 1948 1293 1984 refectionem
1322 1947 1508 1993 acciperet
1535 1950 1619 1993 post
1644 1947 1750 1984 labo-

971 2007 1065 2031 rem.
1090 1997 1259 2031 Salvator
1280 1994 1379 2029 enim
1409 1998 1533 2030 noster
1553 2004 1638 2030 cum
1664 2005 1749 2030 cor-

972 2054 1040 2089 pus
1066 2042 1242 2088 passibile
1275 2042 1322 2077 ad
1350 2044 1517 2077 nostram
1545 2041 1751 2088 accepisset

973 2091 1146 2131 salutem,
1168 2089 1370 2134 aliquando
1393 2088 1606 2125 declinabat
1625 2089 1673 2124 ad
1692 2088 1748 2124 lo-

972 2149 1014 2173 ca
1036 2136 1276 2173 familiarium
1296 2137 1365 2172 sibi
1387 2139 1423 2171 ct
1444 2135 1678 2180 devotorum,
1700 2135 1750 2172 ad

972 2185 1137 2230 quietem
1165 2183 1377 2219 habendam
1404 2186 1488 2229 post
1513 2182 1683 2218 laborem
1712 2184 1750 2218 et

972 2231 1250 2277 fatigationem;
1276 2233 1312 2266 et
1337 2230 1408 2266 isto
1435 2229 1546 2265 modo
1572 2229 1676 2266 venit
1701 2229 1750 2266 ad

972 2279 1072 2315 Petri
1106 2278 1272 2321 domum,
1308 2288 1373 2313 seu
1398 2276 1614 2323 hospitium.
1643 2276 1749 2313 Unde

972 2327 1130 2371 Cyrillus
1160 2338 1169 2360 :
1200 2339 1218 2358 «
1244 2326 1377 2371 Aspice
1404 2328 1530 2360 autem
1558 2324 1746 2369 quomodo

970 2377 1098 2409 manet
1115 2383 1230 2419 penes
1251 2371 1371 2408 virum
1390 2371 1541 2417 inopem
1563 2370 1745 2416 Christus,

971 2420 1033 2466 qui
1055 2423 1302 2466 spontaneam
1323 2422 1579 2465 paupertatem
1598 2428 1666 2464 pro
1683 2428 1748 2454 no-

969 2469 1026 2503 bis
1049 2478 1182 2513 passus
1201 2471 1271 2510 est,
1287 2469 1327 2502 ut
1345 2466 1533 2501 discamus
1554 2475 1638 2501 cum
1656 2475 1746 2511 pau-

968 2515 1121 2560 peribus
1142 2512 1371 2557 conversari,
1392 2523 1461 2548 nec
1481 2522 1659 2557 spernere
1680 2511 1746 2548 de-

969 2572 1120 2607 pressos
1141 2565 1177 2596 et
1196 2571 1392 2607 pauperes.
1416 2573 1434 2592 >³
1454 2559 1560 2595 Unde
1580 2562 1617 2595 et
1636 2559 1747 2604 Chry-

968 2613 1145 2644 sostomus
1183 2621 1193 2643 :
1230 2622 1249 2640 ‹<
1285 2609 1327 2643 Et
1360 2606 1539 2642 nimirum
1577 2605 1747 2651 excogita

968 2656 1098 2700 quales
1125 2658 1233 2691 erant
1258 2655 1391 2690 domus
1420 2653 1648 2700 piscatorum
1675 2653 1744 2688 ho-

967 2713 1063 2746 rum,
1092 2703 1157 2738 sed
1182 2707 1309 2738 tamen
1335 2712 1411 2737 non
1437 2700 1662 2747 dedignatus
1687 2701 1746 2735 est

968 2750 1034 2785 sub
1062 2750 1150 2785 vilia
1169 2748 1321 2795 tuguria
1341 2748 1568 2795 piscatorum
1585 2746 1743 2791 intrare,

966 2796 1141 2832 erudiens
1168 2807 1250 2841 nos,
1277 2806 1346 2842 per
1370 2794 1511 2842 omnia,
1538 2795 1744 2830 humanum
