1902 3126
464 162 513 194 DE
550 159 729 194 JEJUNIO
768 160 819 193 ΕΤ
855 161 1220 196 TENTATIONIBUS
1260 162 1429 197 DOMINI.

121 230 265 267 tionem
280 233 412 276 sponte
425 229 680 276 proficiscens,
693 227 901 264 Considera

121 278 182 314 hic
211 276 479 323 benignitatem
512 278 549 311 et
574 274 795 322 patientiam
827 276 899 311 Do-

119 324 233 368 mini;
268 323 437 371 permisit
469 323 568 358 enim
605 332 644 357 se
677 322 835 367 portari,
863 325 899 357 et

120 372 346 409 contrectari
361 371 408 406 ab
422 369 486 405 illa
498 371 656 405 cruenta
671 369 804 413 bestia,
815 380 898 415 quae

119 429 228 456 suum
255 422 293 454 et
319 416 486 453 omnium
513 416 721 452 amicorum
743 427 898 453 suorum

118 465 339 512 sanguinem
368 463 531 500 sitiebat.
560 464 634 499 Nec
665 463 816 508 mirum,
839 475 898 500 se-

117 513 280 550 cundum
299 511 525 555 Greqorium,
543 511 574 546 si
595 521 635 547 se
657 511 704 547 ab
726 511 788 547 illo
811 522 898 557 per-

115 559 220 597 misit
238 557 337 601 duci,
357 557 421 603 qui
442 568 481 594 se
502 558 657 605 pertulit
675 568 698 594 a
718 559 899 595 membris

116 606 217 644 illius
237 605 420 651 crucifigi.
444 608 492 642 Et
509 608 655 647 statuit,
677 616 720 642 ac
738 606 897 642 colloca-

114 653 182 698 vit,
203 664 283 689 eum
303 663 418 699 supra
434 655 676 699 pinnaeulum
699 656 838 699 templi,
859 657 899 690 ut

115 710 203 738 eum
245 701 290 737 de
330 711 428 736 vana
468 700 589 746 gloria
629 704 792 737 tentaret
831 701 895 737 ibi.

116 748 317 786 Sciendum
329 752 455 784 autem
467 749 567 794 quod
586 748 776 793 intemplo
790 752 899 784 erant

115 798 194 833 tres
214 795 431 831 mansiones
454 806 461 830 :
486 795 620 841 prima,
639 796 898 842 pavimentum

115 853 234 889 usque
251 843 299 879 ad
318 842 479 888 primum
499 842 726 887 tabulatum,
746 843 824 878 sive
843 854 900 878 so-

113 889 265 934 larium,
294 889 505 926 altitudinis
552 890 709 937 triginta
754 890 898 926 cubito-

114 948 219 982 rum3
243 938 422 981 secunda,
438 948 461 973 a
479 937 601 983 primo
623 937 761 974 solario
780 948 899 983 usque

116 986 165 1022 ad
191 985 411 1029 secuudum,
438 984 595 1030 triginta
620 985 734 1021 etiam
764 985 900 1021 cubitis

116 1032 691 1078 alta;tertia,usqueadtertium
703 1031 898 1076 solarium,

116 1080 218 1126 quod
238 1084 319 1115 erat
336 1083 475 1115 tectum
493 1080 621 1126 templi
640 1091 713 1115 non
734 1090 901 1115 camera-

114 1129 209 1171 tum,
225 1127 291 1163 sed
312 1127 483 1173 planum,
503 1127 713 1163 altitudinis
735 1127 898 1173 quadra-

115 1173 221 1220 ginta
263 1174 490 1210 cubitorum.
532 1175 731 1218 Quodlibet
772 1179 897 1210 autern

115 1221 297 1258 solarium
320 1222 482 1257 babebat
501 1221 540 1257 in
562 1221 719 1258 circuitu
737 1222 899 1257 exterius

113 1279 231 1305 unum
250 1269 604 1313 deambulatorium,
622 1273 659 1305 et
679 1269 751 1305 ista
769 1270 897 1305 ambu-

114 1315 264 1360 latoria,
289 1316 496 1351 secundum
525 1316 744 1361 Magistrum
772 1315 811 1350 in
842 1316 898 1351 hi—

113 1363 256 1407 storiis,
270 1362 447 1399 dicuntur
459 1362 672 1409 pinnacula,
686 1374 798 1408 super
810 1374 899 1408 quo-

113 1420 198 1447 rum
216 1421 333 1446 unum
354 1409 541 1445 Christum
561 1410 690 1446 statuit
709 1411 895 1454 diabolus,

114 1460 152 1494 et
179 1458 274 1494 sorte
299 1457 334 1493 iu
362 1457 616 1502 eminentiori,
637 1458 695 1493 vel
721 1458 816 1494 sorte
837 1458 896 1493 in-

112 1504 258 1549 feriori,
274 1504 336 1541 ubi
357 1504 496 1541 Scrihae
514 1509 550 1541 et
572 1505 789 1542 sacerdotes
807 1506 897 1541 allo-

112 1553 328 1599 quebantur
354 1553 548 1598 populum,
575 1553 796 1599 exponendo
827 1554 895 1588 Le-

113 1609 200 1645 gem
244 1599 408 1635 Domini.
449 1601 493 1636 Et
534 1604 625 1636 nota
639 1627 648 1644 ‚
687 1600 895 1636 secundum

112 1647 292 1687 Glosscnm
321 1647 421 1692 quod
453 1647 491 1682 in
523 1657 567 1683 eo
605 1647 701 1690 loco,
720 1647 895 1684 diabolus

113 1693 304 1731 Christum
326 1694 372 1730 de
391 1704 489 1731 vana
507 1694 629 1741 gloria
648 1696 833 1740 tentabat,
856 1695 895 1730 in

112 1751 186 1788 quo
216 1742 355 1777 multos
389 1752 458 1788 per
491 1752 627 1778 vanam
661 1742 822 1787 gloriam
854 1742 894 1778 in

111 1789 291 1825 cathedra
315 1789 513 1825 doctorum
536 1790 749 1836 deceperat.
776 1792 820 1825 Et
844 1790 893 1826 si—

110 1836 200 1872 mile
233 1835 365 1872 volens
401 1838 597 1883 explorare
631 1838 731 1884 quod
763 1848 892 1883 supra,

109 1883 272 1920 tentavit
293 1894 378 1920 eum
395 1884 442 1920 de
460 1895 556 1920 vana
575 1884 714 1931 gloria:
734 1888 781 1921 Et
795 1886 895 1921 dimit

110 1933 145 1967 ei
165 1944 176 1966 .-
198 1932 242 1968 Si
260 1933 378 1966 Filius
392 1934 457 1967 Dei
475 1943 523 1974 es,
543 1935 692 1968 mittete
706 1934 892 1976 deorsum,-

109 1978 219 2025 quasi
245 1978 347 2014 dicat
377 1990 384 2013 ε
422 1979 566 2015 Virtute
600 1979 754 2026 propria
785 1984 893 2026 potes

111 2025 195 2062 sine
222 2025 387 2072 periculo
409 2029 445 2062 te
466 2027 615 2062 mittere
641 2027 834 2071 deorsum,
855 2032 894 2063 et

110 2073 224 2110 etiam
236 2078 388 2120 propter
400 2073 649 2110 ministerium
661 2075 891 2119 Angelorum

108 2120 178 2157 tibi
199 2121 507 2165 servientium,et
524 2125 562 2157 te
583 2121 889 2157 custodientium.

108 2167 306 2214 cogitabat
332 2169 432 2215 quod
465 2169 494 2205 si
519 2179 587 2215 per
615 2180 705 2205 aera
730 2169 890 2205 volando

108 2214 192 2251 siue
220 2215 372 2252 laesione
398 2217 659 2261 descenderet,
682 2216 795 2252 Filius
825 2217 890 2252 Dei

108 2267 227 2306 esset;
244 2265 437 2310 suasitque
455 2267 493 2300 ut
510 2264 686 2300 deorsum
708 2275 748 2300 se
770 2264 889 2300 mitte-

108 2313 231 2353 ret,ut
246 2310 297 2346 sic
312 2312 480 2347 cadendo
497 2316 534 2348 et
549 2322 623 2347 nou
641 2322 681 2347 se
700 2311 888 2355 laedendo,

108 2356 281 2393 homiues
309 2358 551 2404 mirarentur,
579 2362 616 2395 et
641 2360 762 2405 ipsum
792 2363 888 2395 tam—

107 2413 221 2450 quam
245 2405 307 2440 Dei
332 2405 463 2442 Filium
483 2410 718 2451 reverentur,
740 2409 777 2442 et
799 2406 888 2442 inde

108 2451 346 2488 occasionem
367 2453 490 2489 inanis
510 2453 641 2500 gloriae
661 2457 887 2498 assumeret,

108 2508 194 2535 cum
221 2501 344 2535 omnis
370 2500 501 2537 civitas
527 2501 699 2537 laudaret
728 2512 829 2545 eum,
850 2505 889 2537 et

107 2546 382 2592 magnificaret.
400 2549 493 2584 Vere
507 2548 696 2585 diabolica
713 2559 795 2593 vox,
805 2559 888 2595 quae

106 2603 186 2630 non
199 2594 247 2630 ad
268 2595 350 2630 coeli
366 2606 578 2639 ascensum,
588 2596 655 2632 sed
669 2596 716 2632 ad
730 2596 888 2632 descen-

107 2650 193 2678 sum
209 2647 402 2688 provocat,
421 2647 458 2679 et
476 2647 640 2680 mentem
658 2643 823 2680 hominis
842 2643 889 2680 de

106 2687 232 2725 altiori
258 2690 379 2735 gradu
408 2691 628 2727 meritorum
652 2691 888 2738 praecipitare

106 2737 314 2773 contendit.
356 2739 437 2774 Non
477 2738 577 2775 enim
618 2749 714 2786 quos
751 2738 890 2786 decipit

109 2792 258 2820 sursum
282 2786 486 2822 ascendere
507 2790 650 2832 monet,
668 2786 736 2823 sed
755 2786 794 2823 in
813 2786 890 2823 ima

1703 163 1761 198 199

973 234 1166 281 provocat,
1185 234 1221 266 et
1248 232 1427 267 deorsum
1453 241 1564 268 ruore
1597 230 1752 276 suadet3

975 286 1062 321 quia
1080 282 1184 322 optat
1199 289 1329 314 omnes
1343 278 1563 324 ‹·adere,‹·1ui
1580 289 1619 314 se
1639 277 1754 315 sentit

973 332 1051 368 prce
1064 324 1238 360 omnibus
1251 325 1443 361 cecidisse.
1458 326 1601 361 Diaboli
1615 326 1754 372 quippe

974 373 1044 413 est,
1081 374 1224 407 stantes
1260 372 1436 408 deorsum
1476 373 1647 415 mittere3
1690 372 1756 410 Dei

973 418 1276 463 autemjacentes
1288 430 1436 455 sursum
1448 421 1606 463 erigere.
1622 420 1756 456 Dicens

973 467 1101 500 autem
1120 476 1129 500 :
1151 465 1254 501 Mitte
1282 470 1317 501 te
1340 467 1532 509 deorsum,
1553 467 1755 504 iufirmita-

973 514 1050 547 tem
1081 522 1188 548 suam
1222 512 1456 556 manifestat3
1492 514 1579 559 quia
1615 514 1754 551 nemini

974 562 1098 605 potest
1126 570 1277 603 nocere,
1307 559 1379 595 nisi
1406 562 1484 605 ipse
1509 562 1687 597 deorsum
1715 573 1755 598 se

976 606 1132 643 miserit.
1150 608 1243 643 Nam
1261 608 1341 653 ipse
1353 606 1415 652 qui
1433 618 1563 643 onmes
1580 609 1754 645 deorsum

974 654 1109 690 cadere
1129 654 1334 698 desiderat,
1353 655 1582 700 persuadere
1605 655 1757 700 quidem

974 705 1116 747 potest3
1139 702 1378 749 praecipitare
1400 712 1474 737 nou
1493 705 1629 747 potest.
1654 703 1758 738 Unde

974 750 1248 794 Chrysostomus
1269 763 1280 785 .·
1305 763 1324 783 α
1343 751 1425 785 Non
1452 748 1544 784 dixit
1569 748 1691 792 mitto,
1713 760 1760 785 ne

974 797 1050 832 vim
1086 796 1210 833 facere
1243 797 1440 840 videatur3
1479 796 1545 832 sed
1583 794 1688 831 mitte
1724 799 1760 831 te

973 842 1148 880 deorsum
1184 843 1289 889 dixit,
1320 847 1361 880 ut
1393 844 1625 886 ostenderet,
1658 843 1761 888 quod

974 891 1231 937 unusquisque
1256 895 1443 935 nostrum,
1463 890 1637 927 libertate
1658 889 1759 925 arbi-

974 937 1034 972 trii
1058 942 1095 974 et
1114 939 1322 975 voluntatis
1349 950 1425 975 suae
1452 938 1577 984 culpa,
1601 936 1699 973 cadit
1720 936 1760 973 in

975 990 1148 1022 mortem.
1178 987 1282 1022 Illius
1306 990 1364 1022 est
1397 985 1550 1031 quidem
1582 985 1757 1030 suadere,

974 1032 1039 1067 sed
1056 1037 1226 1070 nostrum
1241 1037 1297 1069 est
1313 1032 1578 1079 persuasiones
1593 1033 1674 1078 eJ'us
1692 1042 1758 1078 per

975 1079 1083 1125 Legis
1104 1080 1382 1117 observantiam
1406 1090 1600 1125 superare.
1624 1092 1642 1113 »

1026 1130 1066 1162 ιδ
1088 1129 1268 1164 Uimi->Lus
1289 1139 1382 1163 mm:
1399 1140 1440 1163 ET
1460 1137 1680 1162 INCOMPLETE
1698 1136 1758 1162 AL-

973 1184 1087 1209 LEGAT
1111 1176 1348 1211 Scmpwmn.
1369 1196 1414 1200 —
1430 1174 1523 1217 Quia
1541 1184 1630 1209 vero
1652 1172 1759 1209 Chri-

973 1226 1053 1257 stus
1080 1233 1194 1268 supra
1215 1234 1304 1259 usus
1332 1225 1388 1258 est
1411 1221 1650 1265 auctoritate,
1672 1220 1758 1257 ideo

971 1268 1053 1314 ipse
1072 1270 1337 1306 auctoritatem
1360 1268 1517 1305 assumit
1539 1268 1757 1314 Scripturae,

972 1319 1009 1351 et
1032 1317 1103 1352 hoe
1129 1328 1205 1353 non
1236 1321 1276 1353 ut
1306 1318 1464 1352 virtutes
1490 1318 1696 1359 construat,
1720 1317 1759 1351 et

971 1362 1126 1407 doceat;
1147 1365 1213 1400 sed
1231 1369 1267 1400 ut
1284 1374 1435 1400 errores
1455 1364 1616 1407 ingerat,
1636 1366 1673 1398 et
1693 1362 1758 1398 fal-

972 1408 1036 1444 lat.
1070 1411 1176 1447 Unde
1210 1411 1406 1457 subjungit
1441 1422 1449 1446 :
1485 1412 1671 1454 Scriptum
1705 1412 1758 1445 est

971 1458 1066 1491 enim
1103 1458 1150 1494 de
1186 1461 1235 1503 te,
1265 1458 1406 1494 scilicet
1442 1457 1481 1493 in
1522 1456 1724 1493 Psalmista
1745 1468 1754 1492 :

971 1504 1066 1546 Quia
1086 1505 1241 1550 Amyclis
1264 1508 1342 1541 suis
1366 1505 1560 1540 mandavit
1583 1505 1627 1540 de
1649 1508 1694 1545 te,
1717 1506 1760 1540 ut

975 1557 1199 1590 conservent
1217 1556 1253 1589 te
1273 1563 1296 1589 a
1316 1556 1556 1596 nocumento,
1575 1554 1608 1586 et
1625 1552 1664 1586 in
1684 1561 1759 1586 ma-

969 1603 1077 1637 nibus
1104 1602 1231 1636 tollent
1255 1603 1301 1642 te,
1331 1599 1568 1642 deducendo,
1593 1609 1637 1634 ne
1661 1599 1757 1641 forte

969 1649 1133 1694 offendas
1153 1649 1202 1683 ad
1223 1647 1384 1693 lapidem
1403 1647 1530 1692 pedem
1548 1649 1664 1686 tuum,
1678 1654 1757 1681 ma·

968 1696 1047 1732 lum
1083 1695 1325 1731 incurrendo.
1358 1695 1489 1730 Manus
1523 1692 1755 1739 Angelorum

969 1743 1106 1780 dicitur
1141 1744 1201 1779 hic
1236 1745 1404 1788 potestas
1439 1751 1570 1777 eorum
1602 1740 1754 1786 duplex,

969 1791 1113 1827 scilicet
1134 1802 1144 1826 ι
1168 1792 1334 1835 potestas
1352 1788 1527 1825 servandi
1548 1798 1571 1824 a
1588 1788 1702 1840 malo,
1717 1790 1755 1823 et

969 1838 1217 1885 promovendi
1227 1837 1275 1873 ad
1286 1838 1427 1873 bonum
1438 1848 1446 1881 3
1459 1836 1619 1882 itaquod
1631 1844 1754 1887 prima

968 1889 1025 1922 est
1047 1885 1213 1930 sinistra,
1229 1884 1394 1921 secunda
1411 1884 1555 1919 dextra.
1576 1884 1750 1935 Auctor1-

965 1937 1024 1970 tas
1045 1935 1125 1969 haec
1147 1944 1223 1969 non
1240 1936 1297 1968 est
1312 1932 1361 1968 ad
1377 1930 1627 1977 propositum,
1647 1939 1750 1975 quta,

967 1981 1177 2017 secundum
1196 1982 1469 2023 Hieronymum,
1483 1988 1561 2013 non
1579 1976 1753 2021 intelligi-

967 2032 1028 2063 tur
1041 2028 1088 2064 de
1104 2027 1253 2063 Christo
1266 2025 1478 2072 capite‚sed
1493 2025 1539 2060 de
1555 2023 1751 2068 membris,

966 2075 1004 2110 id
1041 2079 1111 2120 est,
1146 2075 1192 2110 de
1225 2074 1392 2120 quolibet
1423 2073 1542 2118 justo.
1581 2070 1752 2107 Christus

965 2121 1069 2158 enim
1096 2132 1170 2157 non
1197 2124 1370 2167 portatur
1390 2119 1564 2156 manibus
1586 2118 1751 2163 Angelo-

965 2180 1065 2213 rum,
1079 2169 1145 2205 sed
1160 2169 1241 2215 ipse
1261 2169 1384 2205 Verbo
1399 2166 1548 2203 virtutis
1569 2176 1646 2201 suae
1666 2175 1751 2212 por-

965 2221 1021 2253 tat
1045 2216 1235 2263 Angelos,
1264 2219 1301 2252 et
1327 2225 1480 2251 omnem
1505 2217 1748 2257 creaturam;

966 2275 1034 2300 uec
1063 2264 1207 2310 indiget
1232 2263 1464 2308 Angelorum
1497 2261 1655 2306 auxilio,
1684 2259 1751 2306 qui

965 2312 1087 2358 major
1102 2315 1160 2347 est
1173 2311 1340 2356 Angelis.
1355 2311 1418 2346 Est
1433 2320 1523 2356 ergo
1540 2307 1746 2345 auctoritas

965 2359 1041 2403 illa,
1063 2359 1270 2396 secundum
1289 2359 1470 2398 Glossam,
1491 2357 1543 2392 sic
1561 2365 1750 2407 exponen-

964 2406 1137 2452 da,quod
1153 2405 1308 2453 Angelis
1322 2405 1400 2442 suis
1415 2403 1748 2454 administratoriis

962 2454 1158 2500 spiritibus
1185 2455 1284 2490 Deus
1309 2451 1501 2489 mandavit
1523 2452 1569 2487 de
1594 2454 1643 2492 te,
1667 2459 1746 2501 vnjo

960 2502 1079 2548 J'usto,
1103 2501 1331 2548 quicumque
1348 2500 1422 2543 sis;
1439 2503 1478 2535 ut
1498 2498 1631 2549 tollant
1651 2499 1689 2531 te
1706 2505 1745 2548 Ψ

966 2549 1140 2586 manibus
1175 2550 1272 2593 suis,
1300 2549 1339 2584 id
1375 2551 1452 2590 est,
1479 2545 1627 2581 auxiliis
1663 2553 1744 2579 suls

964 2597 1178 2641 sustollant,
1187 2600 1226 2632 et
1235 2596 1288 2632 ita
1299 2594 1511 2632 custodiant
1524 2596 1575 2635 te,
1586 2601 1633 2627 ne
1648 2590 1746 2626 sorte

964 2645 1136 2681 offendas
1162 2644 1310 2691 pedem,
1337 2642 1375 2678 id
1401 2642 1660 2692 esu-mentem
1685 2636 1744 2674 vel

964 2692 1144 2729 affectum
1165 2691 1315 2733 mentis,
1338 2689 1385 2725 ad
1411 2686 1649 2739 lapidem-td
1674 2687 1746 2737 est,

964 2740 1012 2776 ad
1022 2739 1175 2786 aliquod
1186 2737 1456 2775 offendiculum
1469 2736 1624 2781 peccati.
1639 2733 1749 2778 Lapis

962 2787 1065 2824 enim
1079 2787 1216 2824 dicitur
1229 2785 1336 2832 quasi
1349 2783 1481 2820 laedens
1492 2781 1634 2828 pedem,
1643 2779 1747 2817 unde
