1861 3167
90 216 137 257 in
179 216 389 264 Psalinos,
428 216 550 267 juxta
588 227 766 255 sensum
812 217 1026 270 praecipue
1076 217 1359 270 spiritualem.
1404 217 1563 260 Claruit
1604 220 1718 262 circa

91 299 255 328 annum
280 286 452 328 Domini
484 286 602 328 1330.

142 494 240 534 Haec
269 504 379 534 nova
414 493 542 534 editio
575 494 804 535 conformis
847 498 910 533 est
949 492 1161 533 volumini
1198 492 1411 543 impresso
1455 492 1716 545 Antuerpiae,

89 564 202 616 apud
223 564 432 605 Joannem
452 564 777 616 Keerhergium‚
807 575 920 604 anno
945 562 1172 614 MDLXXII,
1205 562 1402 613 plui-ihus
1426 567 1569 604 tamen
1592 576 1716 604 men-

90 633 154 674 dis
166 635 412 686 expurgatis
427 647 476 675 ex
493 635 750 675 editionibus
762 634 996 675 Venetiana
1014 633 1116 672 anni
1134 632 1362 681 MDLXXH,
1381 637 1421 673 et
1438 633 1721 684 Lugdunensi

89 706 194 745 anni
222 706 486 747 MDLXXVII.
515 705 801 756 Distinguitur
834 709 978 744 antem
1009 704 1061 743 ah
1090 703 1184 743 aliis
1216 716 1279 743 :10
1308 703 1412 751 Quia
1442 707 1581 744 textus
1605 703 1717 745 Scri-

88 778 225 826 pturae
262 787 406 825 sacrae,
443 775 615 827 qnando
654 774 704 814 de
741 774 870 814 verbo
903 774 957 813 ad
989 774 1170 813 verbum
1211 773 1275 814 vel
1309 774 1414 824 fere,
1437 773 1718 827 adhibentur,

88 846 171 887 alio
195 859 351 897 genere
371 846 641 897 characteris,
655 858 787 898 quem
810 848 963 886 vocant
982 845 1198 893 italicam,
1223 844 1424 896 impressi
1444 847 1558 885 sunt.
1576 845 1720 892 Quoad

88 917 158 958 SS.
183 918 360 957 Patrum
390 921 430 957 et
460 917 644 957 aliorum
673 917 909 956 Auctorum
941 919 1096 965 textus,
1120 914 1156 954 si
1185 926 1341 967 paucos
1372 915 1557 967 excipias
1588 915 1720 956 nimis

88 988 363 1041 adulteratos,
402 989 509 1029 nihi]
547 989 594 1029 in
625 989 686 1028 eis
718 986 1070 1028 substituendum
1097 989 1172 1026 aut
1202 985 1528 1026 immutandum
1549 984 1720 1026 censui-

86 1072 201 1110 mus,
228 1060 328 1101 licet
347 1073 458 1113 saepe
478 1060 635 1101 melius
657 1058 900 1099 habeantur
917 1058 967 1098 in
988 1057 1296 1098 recentioribus
1315 1056 1589 1109 editionibus,
1610 1069 1650 1097 v.
1676 1069 1718 1109 g.

85 1132 399 1172 Mona-chorum
418 1131 588 1171 Ordinis
609 1130 653 1172 S.
675 1129 892 1170 Benedicti
913 1141 935 1169 e
957 1129 1291 1180 Congregatione
1322 1128 1362 1169 S.
1393 1128 1544 1178 Mauri,
1568 1132 1686 1168 etc...
1708 1142 1719 1181 ;

87 1203 218 1242 satius
240 1202 358 1241 enim
378 1201 521 1241 visum
542 1204 620 1251 est,
641 1199 770 1240 verba
787 1200 963 1239 Patrum
984 1199 1189 1248 inserere,
1210 1202 1335 1251 prout
1356 1198 1447 1250 ipse
1468 1197 1718 1250 Ludolphus

84 1271 131 1312 in
163 1273 260 1312 Mss.
299 1272 457 1324 quibus
495 1283 602 1311 usus
634 1274 712 1320 est,
749 1281 798 1309 ea
826 1268 1001 1319 legerat.
1037 1270 1080 1310 20
1105 1269 1210 1316 Quia
1243 1268 1464 1321 quodlibet
1492 1271 1634 1319 caput,
1666 1267 1720 1308 ad

85 1345 294 1397 majorem
332 1355 479 1382 reruni
517 1341 868 1393 intelligentiam,
913 1340 1037 1380 certis
1082 1338 1128 1378 in
1170 1340 1364 1380 numeris
1409 1339 1600 1379 divisum
1640 1343 1718 1392 est,

85 1415 288 1467 appositis
325 1415 488 1466 ubique
521 1414 650 1464 notis,
676 1414 723 1452 in
758 1413 915 1465 quibus
953 1423 1028 1464 pro
1061 1423 1322 1463 unoquoque
1354 1411 1495 1463 operis
1522 1423 1721 1463 paragra-

85 1486 183 1539 pho,
210 1498 387 1526 sensum
411 1486 550 1537 ipsius
579 1483 792 1536 Ludolphi
823 1483 950 1534 quasi
978 1482 1230 1523 medullitus
1257 1482 1502 1523 confertum
1523 1481 1714 1532 habeas;

86 1559 197 1599 varii
236 1564 383 1598 autem
422 1555 838 1607 locupletissimique
868 1553 1049 1604 Indices,
1074 1551 1315 1605 specialiter
1348 1557 1388 1595 et
1423 1552 1473 1593 de
1494 1564 1620 1605 novo,
1642 1565 1716 1605 pro

84 1629 216 1670 hacce
232 1629 419 1670 editione
435 1627 594 1676 excusi,
616 1626 668 1665 ad
689 1625 848 1665 calcem
867 1624 1144 1675 adjiciuntur.

137 1701 187 1740 Et
223 1712 341 1740 nunc
376 1700 422 1738 in
461 1700 617 1749 lucem,
657 1697 847 1736 maximo
887 1694 1179 1735 emolumento
1227 1693 1459 1736 Christiani
1509 1696 1715 1747 nominis,

84 1772 258 1825 prodeat
279 1771 370 1811 haec
387 1770 564 1810 historia
582 1769 681 1808 Jesn
712 1767 882 1818 Christi,
905 1779 1001 1818 qnae
1031 1765 1216 1805 fideliter
1244 1770 1283 1805 et
1307 1766 1425 1806 velut
1448 1767 1493 1806 in
1523 1767 1715 1819 imagine

85 1848 338 1895 praesentem
377 1841 551 1881 cuilibet
590 1838 849 1879 Salvatorem
895 1837 1115 1888 exhibenS,
1155 1838 1277 1890 culus
1324 1838 1467 1878 omnis
1506 1838 1614 1879 actio
1657 1844 1718 1879 est

85 1920 230 1956 nostra
250 1912 491 1963 instructio,
526 1912 678 1951 fortius
711 1915 751 1951 et
784 1910 959 1949 suavius
987 1920 1139 1950 omnes
1173 1909 1227 1948 ad
1256 1907 1348 1961 ejus
1373 1909 1593 1962 sequelam
1619 1908 1715 1950 alli-

85 1987 194 2037 ciat;
225 1986 330 2025 dixit
353 1985 471 2025 enim
501 1997 510 2023 2
546 1983 626 2032 Qut
659 1983 854 2035 sequitur
882 1993 965 2031 me,
991 1992 1082 2022 ozon
1108 1980 1307 2022 ambulat
1336 1981 1383 2022 in
1408 1981 1619 2035 tenebris;
1645 1978 1739 2023 sed'

87 2056 249 2100 habebit
271 2056 419 2097 lumen
442 2055 554 2095 vitae.

230 2221 462 2274 Nongenti‚
477 2222 524 2263 in
540 2222 646 2263 festo
667 2221 920 2275 Epiphaniae
939 2222 986 2262 D.
1008 2221 1057 2264 N.
1080 2223 1116 2264 J.
1139 2224 1199 2275 C„
1220 2234 1334 2264 anno
1359 2223 1476 2264 1877.

1144 2467 1178 2495 L.
1207 2466 1249 2495 M.
1276 2465 1482 2496 RIGOLLOT.
