1876 3126
513 172 740 208 SERMONIS
778 173 820 206 lx

96 245 208 281 nomo
235 248 410 280 terrenus
438 243 504 278 fiat
529 241 619 278 civis
641 241 678 277 in
700 241 808 277 cmlo.
832 243 875 277 Et

96 292 177 328 haee
209 290 401 327 contentio
434 294 491 325 est
529 290 627 325 bona
660 293 696 324 et
729 292 873 332 sancta,

95 339 218 386 qualis
245 338 313 374 suit
354 338 390 373 in
425 336 572 383 legione
609 336 872 378 Thebaeorum,

95 386 194 422 inter
219 396 312 432 quos
345 387 426 420 erat
463 384 509 419 de
533 382 708 428 gloriosse
744 382 876 418 mortis

95 433 367 470 acceleratione
404 429 607 466 contentio.
649 430 721 466 Sed
764 429 876 466 hodie

95 483 152 517 est
167 478 356 516 contentio
376 478 421 513 de
442 477 539 522 aliis,
565 477 653 522 quia
675 478 720 513 de
754 477 876 523 majo-

95 527 206 564 ritate
236 529 272 562 et
307 524 540 569 excellentia,
573 525 617 560 (le
647 524 878 570 acquirenda

93 572 266 620 pecunia,
298 572 343 608 de
376 571 515 616 injuria
546 572 812 615 remordenda,
841 575 879 608 et

92 619 307 667 hujusmodi
329 619 478 655 similia.
503 619 644 656 Deinde
663 619 785 655 reddit
802 630 879 655 mo-

91 667 245 704 nitionis
273 666 382 702 dirtae
407 667 609 710 rationem,
636 666 764 702 dicens
789 678 796 702 :
822 668 877 702 Ita

92 725 183 761 ergo
217 717 352 750 intrate
386 726 450 760 per
485 718 679 759 anqustam
714 718 874 760 portam,

91 773 169 799 non
185 772 253 808 per
273 762 412 805 latam;
438 764 526 807 quia
558 763 635 796 lata
666 765 722 797 est
753 766 874 807 porta,

92 813 126 845 et
143 811 305 855 spatiosa
331 811 404 847 via,
426 820 506 854 ‹111oe
539 809 640 844 ducit
680 809 729 844 acl
755 809 876 854 perdi-

91 858 237 898 tionem,
260 860 293 892 et
313 858 421 891 multi
445 860 530 891 sunt
557 858 622 901 qui
647 858 789 891 intrant
812 867 878 902 per

90 915 182 940 eam.
210 904 324 947 Quam
346 907 503 948 angusta
514 907 623 949 porta
641 907 673 939 et
694 907 796 939 arcta
818 906 877 938 ria

92 955 159 993 est,
181 962 262 997 qua?
299 952 401 986 ducit
443 952 492 986 acl
525 953 663 993 υἰίαιης
707 954 740 986 et
766 952 879 996 pauci

91 1002 178 1034 sunt
215 1001 280 1043 qui
312 1000 501 1034 inveniunt
533 1000 633 1033 eam!
669 999 795 1040 Porta,
824 998 879 1032 in-

92 1056 245 1092 gressus
277 1049 346 1089 ost,
384 1045 508 1090 quoad
535 1044 778 1090 incipientes3
804 1045 876 1089 via,

93 1103 318 1139 progressus
358 1096 427 1136 est,
465 1092 589 1138 quoad
620 1091 875 1137 proficientes,

92 1139 151 1176 vel
179 1139 410 1176 deficientes.
429 1141 471 1174 Et
492 1140 586 1175 bene
602 1138 693 1174 dixit
714 1140 812 1174 viam
829 1140 877 1175 ad

91 1187 207 1223 vitam
225 1190 424 1233 angustam
443 1197 525 1222 esse
544 1190 578 1222 et
594 1186 876 1228 a1·t·tani,aliam

91 1245 181 1271 vero
209 1234 323 1270 latam
349 1238 385 1269 et
412 1233 631 1280 spatiosam.
659 1235 750 1269 Nam
775 1234 875 1279 jeju-

91 1292 197 1325 nare,
219 1281 389 1326 xigilare,
412 1292 433 1317 a
468 1281 592 1317 carnis
622 1281 822 1317 desideriis
841 1285 877 1317 et

91 1329 346 1375 voluptatibus
368 1328 575 1372 abstinere,
597 1328 789 1375 propriam
810 1340 876 1364 vo-

90 1376 275 1412 luntatem
297 1387 372 1412 non
393 1376 531 1419 facere,
555 1376 612 1411 cui
634 1387 708 1411 non
728 1376 877 1412 videtur

89 1427 290 1470 angustum
325 1427 359 1458 et
388 1424 562 1459 arctum?
582 1425 628 1459 At
663 1434 752 1459 vero
782 1423 875 1459 deli-

90 1470 191 1507 ciose
207 1470 437 1507 manducare
458 1475 494 1506 et
510 1471 652 1513 bibere,
665 1470 875 1516 ceterisque

90 1518 214 1554 carnis
237 1518 436 1554 desideriis
457 1522 494 1554 et
512 1518 767 1563 voluptatibus
785 1519 874 1554 obe-

90 1565 186 1609 dire,
206 1576 247 1601 ac
274 1565 455 1601 voluntati
482 1576 558 1601 sure
590 1565 628 1600 in
662 1566 764 1601 nullo
786 1576 874 1601 con-

90 1612 290 1656 tradicere,
314 1612 373 1649 cui
408 1624 484 1648 non
520 1612 668 1647 videtur
694 1613 812 1648 latum
839 1615 875 1648 et

89 1660 331 1706 spatiosum?
369 1660 441 1696 Sed
459 1688 467 1703 ‚
501 1660 596 1695 heu!
638 1670 704 1705 per
759 1660 874 1696 latam

88 1707 189 1744 viam
213 1707 319 1753 quasi
357 1718 487 1743 omnes
519 1706 742 1751 incedimus,
768 1711 804 1742 et
828 1707 874 1742 de

89 1758 250 1801 angusta
275 1754 383 1801 pauci
414 1764 602 1789 curamus.
627 1754 731 1790 Unde
765 1755 875 1799 Chry-

87 1806 265 1838 sostomus
288 1815 298 1837 .·
325 1815 341 1835 (ι
363 1801 431 1845 Qui
449 1802 544 1847 jussi
569 1812 699 1837 sumus
716 1812 784 1848 per
804 1812 873 1837 an-

89 1852 240 1895 gustam
266 1853 416 1895 portam
449 1849 640 1893 incedere,
661 1859 728 1895 per
756 1849 873 1885 latam

89 1907 240 1943 semper
260 1896 480 1932 incedimus.
500 1898 544 1931 Et
563 1896 729 1942 quidem,
752 1896 781 1932 si
804 1897 871 1932 ho-

86 1943 208 1980 mines
235 1943 351 1980 seculi
378 1944 494 1979 latam
513 1943 626 1987 viam,
651 1943 873 1989 spatiosam-

87 2001 161 2037 que
199 1991 436 2037 gradiantur,
471 2002 549 2026 non
586 1990 694 2026 valde
732 1990 872 2026 mirum

87 2042 158 2075 est.
182 2040 254 2074 Eos
269 2042 396 2074 autem
410 2037 471 2084 qui
486 2037 659 2074 videntur
678 2038 873 2074 sustulisse

88 2096 236 2122 crucem
255 2096 359 2122 suam
383 2089 419 2121 et
439 2085 546 2131 sequi
569 2084 773 2130 Christum,
795 2096 870 2121 non

89 2143 157 2179 per
184 2134 283 2169 hanc
326 2134 440 2169 latam
473 2137 509 2168 et
541 2132 746 2179 spatiosam
778 2132 875 2169 velle

88 2181 278 2224 incedere,
301 2192 375 2216 non
402 2180 467 2216 tibi
496 2179 710 2226 prodigium
739 2179 872 2216 videa-

88 2229 169 2265 tur!
199 2228 367 2274 Denique
392 2227 583 2271 monachi,
608 2238 693 2263 cum
723 2227 769 2263 de
799 2238 876 2263 mo-

90 2275 266 2312 nasteriis
294 2275 506 2321 requirunt,
530 2278 566 2311 et
587 2275 633 2311 de
653 2274 744 2310 locis
766 2274 873 2311 habi-

90 2322 273 2359 tationum
300 2326 607 2369 percunctantur,
629 2325 717 2358 ante
747 2321 875 2358 omnia

88 2369 297 2416 inquirunt,
320 2370 350 2405 si
386 2370 534 2416 requies
573 2369 620 2405 sit
652 2369 691 2404 in
718 2369 814 2413 loco,
843 2369 873 2405 si

88 2417 282 2454 abundent
315 2417 457 2461 omnia,
485 2417 516 2453 si
546 2427 731 2463 aquarum
765 2416 874 2463 copia

87 2465 306 2508 conssuant;
331 2465 396 2500 sed
418 2468 454 2500 et
480 2464 510 2500 si
531 2464 578 2500 de
601 2475 727 2499 eremo
754 2463 876 2510 requi-

88 2515 189 2556 rant,
212 2511 324 2547 etiam
351 2511 400 2547 ibi
423 2515 510 2548 ante
533 2511 661 2547 omnia
680 2512 725 2547 de
746 2511 874 2557 requie

89 2562 263 2602 tractant,
283 2564 318 2595 et
341 2559 386 2594 de
407 2558 688 2605 opportunitate
710 2558 876 2595 ministe-

89 2606 134 2642 rii
152 2606 372 2652 corporalis.
389 2608 472 2642 Jam
489 2617 576 2642 vero
595 2605 624 2641 si
643 2606 689 2642 ad
707 2606 873 2652 aliquam

88 2653 409 2700 dispensationem
446 2653 658 2697 vocaveris,
700 2658 763 2689 aut
801 2653 870 2689 ali-

88 2700 178 2748 quid
209 2701 405 2737 ministerii
430 2700 546 2737 divini
580 2701 776 2753 injungere
811 2712 872 2737 vo-

90 2748 218 2792 lueris,
240 2748 362 2795 prima
392 2749 518 2785 statim
546 2748 756 2784 sollicitudo
787 2748 868 2795 ejus

89 2799 125 2832 et
141 2795 262 2843 prima
285 2797 399 2832 verba
420 2797 501 2843 ejus
530 2795 582 2831 ita
614 2799 703 2832 sunt
726 2807 733 2831 :
755 2795 791 2833 Si
811 2799 867 2833 est

859 174 1004 207 MONTE
1051 171 1315 206 CONCLUSIO.
1675 169 1731 204 331

953 242 1003 277 ibi
1026 242 1188 288 requies,
1208 253 1280 288 quo
1308 241 1473 277 eundum
1495 243 1565 285 est,
1586 239 1615 275 si
1639 239 1739 276 inve-

954 289 1106 325 niantur
1121 300 1165 325 ea
1186 301 1268 334 quw
1291 288 1503 325 necessaria
1521 290 1605 324 sunt
1621 287 1737 323 abun-

954 336 1101 379 danter,
1124 336 1152 372 si
1172 337 1262 371 niliil
1285 336 1381 372 desit
1402 346 1531 371 eorum
1555 346 1637 380 quas¹
1660 334 1736 370 lata

953 383 1013 418 via
1047 387 1083 418 et
1103 383 1268 429 spatiosa
1295 383 1495 429 deposcit?
1518 382 1612 425 Quid
1639 381 1735 427 agis,

953 441 974 465 o
992 430 1120 474 homo,
1145 430 1231 475 quid
1255 430 1445 476 loqueris?
1466 431 1616 465 Ars-tam
1638 428 1734 464 viam

954 481 991 513 et
1011 481 1209 523 angustam
1227 478 1355 522 jussus
1380 488 1420 513 es
1443 477 1652 519 ambulare,
1675 481 1733 512 ut-

954 523 1043 569 quid
1086 524 1131 559 de
1173 525 1405 559 abundantia
1446 522 1736 570 percunctaris?

955 572 1026 607 Per
1043 574 1239 617 angustam
1253 571 1409 615 januam
1432 571 1590 606 transire
1609 571 1736 616 jussus

954 629 1008 662 es,
1032 618 1164 664 utquid
1179 619 1324 664 amplos
1337 618 1498 663 requiris
1517 618 1737 662 ingressus?

954 667 1068 702 Estne
1101 665 1242 711 aliquid
1271 664 1342 700 ista
1367 665 1647 710 permutatione
1668 675 1735 700 ne-

954 713 1076 759 quius,
1101 716 1206 748 estne
1232 711 1373 757 aliquid
1394 712 1465 747 ista
1491 711 1738 757 perversitate

954 761 1119 797 deterius
1135 760 1152 795 ‘?
1171 762 1211 795 Et
1233 759 1402 805 quidem,
1423 758 1483 804 qui
1507 758 1739 804 principibus

955 808 1069 844 seculi
1107 807 1335 847 ministrant,
1376 807 1510 842 horum
1551 805 1644 840 nihil
1677 816 1736 840 re-

955 855 1122 901 quirunt,
1148 855 1213 891 sed
1234 857 1380 890 tantum
1412 852 1440 888 si
1479 851 1570 889 lucri
1600 852 1737 888 habeat

954 902 1096 948 aliquid
1116 901 1335 948 temporalis
1358 900 1501 936 militiae
1521 900 1602 945 ejus
1619 899 1735 935 locus.

956 950 1050 993 Quid
1079 949 1107 985 si
1131 950 1251 985 solum
1277 959 1359 984 esse
1383 946 1642 994 cognoverint,
1660 947 1740 993 J'am

955 998 1078 1033 nullus
1105 996 1289 1041 refugitur
1317 996 1437 1038 labor,
1467 995 1611 1030 nullum
1637 993 1739 1040 peri—

956 1045 1080 1080 culum
1112 1044 1266 1087 vitatur,
1291 1043 1394 1078 nulla
1429 1041 1637 1087 indignitas
1677 1051 1742 1077 ex-

956 1096 1121 1136 cusatur,
1153 1091 1304 1127 servilia
1338 1089 1467 1133 etiam,
1491 1089 1519 1124 si
1558 1089 1604 1125 ab
1633 1087 1740 1134 inge-

957 1150 1031 1175 nuo
1047 1140 1314 1184 deposcantur,
1330 1137 1454 1172 officia
1473 1147 1549 1172 non
1573 1135 1738 1180 negabit.

957 1185 1288 1231 Peregrinationes
1310 1195 1459 1230 quoque
1482 1182 1738 1230 longissimas,

956 1233 1262 1280 periculosasque
1298 1242 1372 1267 non
1407 1235 1575 1277 respuet,
1604 1233 1738 1266 contu-

956 1281 1102 1325 melias,
1120 1280 1320 1323 cruciatus,
1339 1279 1636 1325 permutationes
1649 1281 1741 1313 tem-

954 1339 1088 1374 porum
1120 1328 1214 1364 seret
1241 1339 1249 1362 :
1273 1326 1402 1363 omnia
1432 1336 1497 1372 spe
1533 1324 1641 1361 lucri.
1663 1325 1740 1360 Nee

955 1376 1060 1411 timet
1082 1386 1128 1411 ne
1149 1376 1245 1411 sorte
1265 1375 1312 1411 ab
1339 1374 1421 1419 ipsa
1445 1371 1650 1409 miserabili
1674 1381 1739 1418 spe

954 1423 1165 1469 decipiatur
1196 1433 1239 1458 ac
1271 1421 1434 1465 decidat,
1459 1431 1527 1456 nec
1559 1421 1735 1455 immatu-

955 1480 1034 1505 ram
1062 1469 1272 1516 peregrinis
1308 1468 1399 1504 locis
1426 1471 1586 1503 mortem
1615 1470 1651 1502 et
1672 1477 1734 1502 su-

954 1517 1069 1553 bitam
1090 1516 1334 1563 pertimescit,
1358 1515 1637 1562 separationem
1657 1524 1739 1549 suo-

954 1575 1052 1608 rum,
1090 1564 1260 1610 conjugis
1296 1563 1408 1599 etiam
1447 1573 1491 1598 ac
1530 1561 1737 1597 liberorum

954 1611 1165 1647 absentiam
1204 1610 1452 1647 tolerabiliter
1478 1609 1632 1655 patitur,
1661 1618 1736 1643 non

952 1659 1100 1705 patriae,
1140 1669 1216 1694 non
1249 1668 1422 1693 carorum
1446 1656 1614 1692 mollitur
1641 1655 1738 1691 asfe-

953 1706 1111 1750 ctu;sed
1127 1705 1314 1742 desiderio
1339 1708 1375 1740 et
1399 1703 1605 1749 cupiditate
1627 1712 1737 1748 pecu-

954 1754 1028 1790 niae
1067 1753 1169 1789 velut
1206 1763 1340 1789 amens
1371 1753 1508 1797 agitur,
1536 1754 1574 1786 et
1608 1760 1738 1786 amore

953 1802 1035 1847 ejus
1074 1800 1264 1844 incensus,
1305 1799 1396 1835 nibil
1428 1798 1570 1834 laboris
1612 1797 1737 1838 sentit,

954 1848 1048 1885 nihil
1069 1848 1212 1884 doloris
1236 1846 1426 1892 intelligit.
1449 1847 1523 1882 Nos
1548 1856 1568 1881 e
1588 1848 1738 1881 contra-

952 1896 1023 1940 rio,
1040 1896 1102 1941 qui
1121 1906 1196 1931 non
1216 1894 1416 1941 pecuniam
1435 1892 1653 1939 quaerimus,
1672 1891 1739 1927 sed

954 1943 1203 1989 sapientiam;
1228 1953 1296 1978 nec
1322 1945 1477 1984 terram,
1505 1940 1571 1976 sed
1599 1939 1735 1975 coelum

952 1990 1129 2037 petimus,
1153 1993 1189 2024 et
1209 1989 1257 2025 ad
1288 1988 1372 2024 coeli
1405 1987 1552 2023 divitias
1579 1985 1738 2022 festina—

954 2048 1051 2082 mus,
1082 2047 1176 2082 quas
1215 2046 1338 2081 neque
1373 2035 1501 2070 oculus
1538 2033 1643 2077 vidit,
1666 2043 1733 2069 ne-

953 2096 1024 2131 que
1060 2083 1163 2120 auris
1201 2082 1358 2126 audivit,
1391 2093 1472 2128 quae
1500 2092 1568 2117 nec
1599 2082 1636 2116 in
1671 2090 1736 2116 cor

953 2131 1115 2168 hominis
1141 2131 1416 2173 ascenderunt,
1445 2130 1539 2173 haec,
1566 2129 1733 2174 inquam,

954 2182 1182 2225 qurerentes,
1205 2188 1242 2214 et
1267 2188 1335 2224 pro
1363 2176 1421 2212 his
1448 2176 1541 2212 coelo
1566 2175 1638 2223 ipsi
1659 2175 1734 2210 vim

952 2231 1129 2274 parantes
1159 2225 1314 2268 inferre,
1337 2225 1383 2260 de
1408 2223 1539 2270 requie
1567 2222 1736 2269 corporis

952 2273 1264 2321 percunctamur!
1287 2271 1380 2308 Vide
1407 2271 1480 2307 illis
1501 2273 1642 2317 quanto
1665 2269 1736 2305 mi-

954 2321 1116 2357 seriores
1153 2330 1282 2356 sumus
1319 2323 1355 2355 et
1392 2319 1596 2354 molliores.
1637 2317 1732 2361 Quid

952 2369 1059 2415 dicis,
1081 2380 1101 2404 o
1121 2369 1248 2411 homo,
1270 2366 1360 2413 quid
1381 2366 1494 2412 agis?
1515 2366 1657 2402 Coelum
1673 2374 1735 2410 pa-

954 2427 1017 2453 ras
1037 2416 1255 2460 ascendere,
1277 2419 1314 2451 et
1338 2424 1494 2460 regnum
1519 2412 1600 2448 ctrli
1628 2411 1732 2447 inva-

955 2464 1057 2508 dere,
1081 2467 1115 2500 et
1138 2462 1349 2507 interrogas
1377 2472 1421 2497 ne
1449 2471 1522 2506 qua
1545 2458 1611 2494 tibi
1634 2457 1733 2511 disti-

954 2511 1072 2548 cultas
1091 2514 1263 2547 occurrat
1287 2510 1322 2545 in
1343 2509 1476 2544 itinere
1494 2519 1501 2551 3
1523 2517 1568 2542 ne
1590 2505 1730 2552 quidm

954 2559 1014 2595 via
1043 2558 1108 2595 tibi
1137 2568 1312 2604 asperum
1343 2555 1502 2598 arcidat,
1535 2557 1599 2589 aut
1626 2552 1729 2588 labo-

952 2606 1113 2642 riosuml
1141 2607 1185 2641 Et.
1216 2616 1290 2640 non
1323 2601 1529 2641 erubescis,
1558 2611 1631 2636 non
1658 2610 1728 2646 pu-

952 2654 1043 2690 dore
1073 2662 1290 2700 oppressus,
1320 2652 1389 2686 sul»
1423 2654 1563 2685 terram
1596 2651 1728 2683 temet-

950 2701 1072 2748 ipsum
1099 2699 1265 2737 defodis!
1303 2698 1338 2734 Si
1374 2697 1475 2733 enim
1507 2694 1634 2731 onmia
1662 2693 1727 2746 tihi

950 2749 1050 2785 mala
1087 2749 1344 2788 occurrerent,
1381 2744 1411 2780 si
1450 2743 1627 2779 universa
1662 2742 1728 2793 ubi

946 2796 1113 2844 pericula
1150 2793 1404 2836 imminerent,
1427 2790 1457 2828 si
1489 2789 1670 2834 convitia,
1698 2799 1730 2825 si
