1943 3141
123 208 164 242 50
655 200 800 234 PRIMAE
835 199 994 236 PARTls
1032 199 1173 233 CAPUT
1209 199 1252 232 Vl

124 276 279 325 spiritus
315 273 417 311 emm
455 271 622 316 infantis,
645 281 723 307 non
749 271 910 308 valentis

126 326 305 367 clamare,
322 331 391 357 nec
407 319 511 366 loqui
528 329 618 356 voce
637 317 804 365 propria,
825 319 913 356 fecit

126 373 289 409 clamare
298 372 457 405 matrem
466 377 557 404 voce
567 368 912 413 magnaAEaec-lama-

125 422 180 455 ‘vit
204 422 328 455 autem
347 426 429 452 voce
448 425 596 460 magma,
610 418 690 450 tum
708 413 745 449 in
765 413 912 460 signum

125 476 274 512 magnae
307 462 532 507 affectionis,
557 464 637 498 tum
664 460 754 507 quia
779 471 914 506 magna

126 513 193 551 Dei
213 513 315 549 dona
335 510 524 557 cognovit,
542 512 622 546 tum
644 508 730 555 quia
750 507 853 544 illum
873 507 912 543 in

125 564 235 598 utero
268 559 435 603 tenebat,
476 558 539 604 qui
575 567 643 592 vox
677 555 791 592 Verbi
817 558 911 591 erat.

126 607 242 652 Quasi
263 617 352 654 ergo
376 616 512 652 magna
534 603 570 639 vi
601 603 788 639 Elisabeth
811 602 913 638 intus

127 658 330 698 commota,
350 664 427 690 non
449 653 571 689 solum
593 649 785 696 Virginem
807 660 911 686 resa-

127 702 275 747 lutavit,
296 712 426 738 verum
444 701 558 736 etiam
575 709 665 734 voce
685 708 823 742 magna
843 697 916 732 cla-

126 749 258 795 mavit,
282 759 358 785 non
394 752 471 784 tam
505 747 684 789 clamosa⁷
707 755 819 791 quam
853 744 915 780 de-

127 800 216 834 vota
244 808 252 832 :
282 795 371 843 quia
395 806 471 831 non
507 794 664 835 clamor,
706 792 772 828 sed
809 802 916 827 amor

130 848 242 881 sonat
274 845 311 879 in
333 853 424 879 aure
444 841 522 878 Dei.
547 841 653 876 Unde
674 839 746 874 ista
768 838 914 883 magni-

129 892 221 929 tudo
250 891 370 937 magis
407 893 463 925 est
498 887 744 931 intelligenda
770 887 915 922 ratione

130 938 342 976 devotionis
378 935 582 980 interioris,
610 945 720 980 qnam
751 934 833 970 soni
857 944 917 969 ex-

129 986 295 1023 terioris
317 984 472 1021 Devotio
491 982 588 1019 enim
605 992 762 1028 magnus
776 982 918 1017 clamor

133 1037 204 1078 est,
225 1033 278 1069 ita
299 1036 337 1069 ut
360 1042 479 1077 usque
502 1031 540 1066 iu
570 1029 703 1066 coelum
728 1029 914 1064 audiatur.

130 1082 240 1125 Quid,
265 1080 385 1125 inquit
414 1078 593 1114 Dominus
620 1076 737 1122 Moysi
762 1075 916 1119 tacenti,

133 1130 270 1165 clamas
288 1128 337 1162 ad
353 1128 434 1161 me?
458 1125 521 1171 qui
540 1128 665 1160 tamen
683 1134 757 1159 non
780 1124 917 1159 clama-

134 1176 198 1212 bat
217 1175 264 1211 ad
288 1175 406 1210 Deum
426 1173 591 1208 clamore
613 1170 703 1215 oris,
730 1171 795 1206 sed
820 1169 917 1206 desi-

135 1222 240 1259 derio
281 1221 418 1257 cordis.
475 1219 579 1255 Unde
635 1219 868 1262 Auyustz'nas
909 1229 918 1251 :

138 1270 330 1306 «Clamor
364 1268 411 1303 ad
445 1265 646 1303 Dominum
683 1268 739 1301 est
764 1263 920 1300 intentio

137 1316 275 1361 cordis,
305 1318 341 1351 et
369 1317 568 1360 flagrantia
590 1311 815 1356 dilectionis,
836 1311 923 1358 quia

138 1375 288 1410 semper
308 1362 448 1409 petitur
469 1361 568 1407 quod
588 1364 750 1406 optatur.
773 1374 791 1391 >³

187 1415 206 1447 5
228 1414 431 1447 Bexssnicm
462 1411 596 1453 MAmA,
636 1418 924 1447 BssxenlcTcsocE

140 1471 293 1495 FRL'CTUs
316 1469 428 1493 lLth's
449 1478 493 1482 —
514 1459 561 1492 Ec
581 1457 681 1491 (lz'oez't
703 1455 891 1490 Elisabeth
915 1464 922 1488 :

138 1507 335 1544 Benedicta
373 1510 411 1540 {a
444 1507 539 1539 intes»
571 1505 753 1543 mulieres,
782 1502 819 1537 id
854 1504 924 1544 est,

143 1565 258 1600 super
278 1563 409 1589 omncs
431 1551 620 1594 mulieres,
641 1554 677 1585 et
699 1551 796 1585 inter
816 1550 927 1584 bene-

142 1601 275 1644 dictas,
314 1599 577 1636 benedictione
611 1597 783 1642 insignis.
820 1596 927 1631 Nulla

143 1649 243 1685 enim
263 1651 375 1683 tantae
390 1657 564 1691 uniquam
588 1644 718 1691 gratize
738 1643 926 1690 particeps

142 1696 225 1740 fuit,
255 1698 317 1731 aut
345 1704 426 1730 csse
459 1693 610 1739 poterit.
634 1691 837 1727 Benedicta
872 1701 926 1734 eS,

142 1747 257 1789 atque
281 1740 454 1787 ampliori
475 1739 738 1777 benedictione
760 1738 927 1774 cumula-

142 1789 244 1827 heris
263 1801 271 1833 ;
293 1793 324 1824 ec
345 1789 550 1824 benedictas
566 1787 611 1822 sit
630 1789 773 1831 fractas
792 1787 928 1821 ventris

144 1839 215 1878 tui,
236 1847 304 1883 per
324 1847 434 1882 quom
462 1834 671 1871 benedictio
694 1835 793 1869 venit
814 1832 896 1868 aliis
919 1844 926 1867 :

144 1884 221 1931 qui,
247 1883 454 1920 secundum
483 1883 582 1928 quod
621 1883 748 1925 homo,
771 1879 927 1917 benedi-

145 1935 224 1968 ctus
254 1936 310 1967 cst
336 1929 597 1967 benedictione
624 1929 768 1976 gratiae,
790 1928 926 1974 quippe

144 1979 278 2026 plenus
302 1979 400 2014 dono
435 1978 603 2013 omnium
637 1976 936 2018 charismatunn,

146 2026 368 2063 benedictus
406 2026 519 2061 etiam
570 2025 607 2059 in
665 2023 929 2060 bencdictione

146 2074 276 2120 glorite
300 2101 308 2118 ‚
350 2073 556 2109 secundum
597 2071 696 2117 quod
744 2072 843 2107 Dens
883 2071 928 2105 ab

147 2124 306 2164 aeteruO,
335 2124 371 2156 et
397 2130 513 2165 usque
550 2119 589 2154 in
625 2122 823 2154 aeternum.
850 2119 931 2153 Non

147 2168 236 2215 quia
272 2172 311 2203 tu
345 2167 555 2211 benedicta,
593 2165 677 2202 idco
711 2165 930 2201 benedictus

148 2216 291 2251 fructus
310 2215 450 2250 ventris
467 2215 539 2257 tui3
562 2214 627 2249 sed
648 2213 734 2258 quia
755 2213 816 2248 ille
838 2223 932 2258 pra}-

147 2262 249 2298 venit
261 2266 297 2298 te
312 2263 349 2297 in
370 2260 691 2297 benedictionibus
704 2259 928 2303 dulcedinis,

150 2310 234 2346 ideo
263 2313 304 2345 tu
327 2309 538 2345 benedicta.
558 2308 763 2343 Benedicta
795 2308 928 2350 arbor3

148 2356 370 2394 benedictus
402 2359 437 2391 et
459 2355 604 2391 arboris
625 2356 781 2390 fructus.
812 2356 930 2390 Dene-

146 2404 247 2440 dicta
257 2403 361 2449 virga
375 2403 420 2439 de
431 2402 556 2438 ratic-e
569 2404 675 2438 Jesse
689 2410 697 2446 ς
710 2402 931 2438 benedictus

147 2455 184 2488 et
205 2451 349 2496 ssosqui
369 2451 414 2486 de
436 2450 497 2486 tali
518 2449 643 2485 radice
665 2449 845 2485 ascendit.
868 2451 932 2484 Βο-

146 2499 297 2534 nedicta
312 2498 394 2533 tali<
408 2502 544 2541 materf,
563 2497 781 2533 benedictus
797 2501 831 2531 et
847 2496 932 2532 talis

150 2546 264 2582 filius.
289 2545 490 2581 Benedicta
510 2549 565 2580 cst
584 2545 699 2580 Maria
722 2545 768 2579 ab
791 2544 931 2589 Angelo

153 2604 291 2639 supra,
328 2592 415 2639 quia
452 2592 719 2638 triumphantis
759 2590 932 2626 Eccles1ae

154 2641 305 2677 ruinam
340 2639 544 2686 reparavit3
572 2640 717 2675 sedhic
739 2639 786 2674 ab
816 2638 932 2674 Elisa-

156 2689 275 2732 beth,
320 2689 406 2733 quia
441 2687 663 2723 militantem
702 2685 902 2721 Ecclesiam
925 2713 933 2729 ,

160 2736 266 2780 quasi
290 2735 368 2781 jam
409 2739 595 2771 mortuam
630 2733 834 2770 suscitavit.
867 2734 934 2769 L'bi

157 2783 257 2818 Beda
289 2795 298 2817 :
326 2797 356 2821 ,ιι
380 2783 517 2818 Eadem
551 2793 641 2818 voce
661 2782 707 2818 ab
731 2781 933 2824 Elisabeth,

159 2840 231 2876 qua
253 2841 274 2865 a
295 2829 467 2865 Gabriele
482 2829 734 2866 benedicitur:
753 2833 936 2875 qnatenus

986 274 1023 309 et
1051 269 1206 318 Angelis
1240 272 1278 306 et
1306 268 1524 306 hominibus
1550 270 1769 308 veneranda

988 321 1232 355 monstretur.
1272 330 1291 349 »
1334 318 1380 353 Et
1421 317 1630 353 notandum
1666 319 1769 364 quod

988 365 1153 412 quinque
1173 365 1316 401 fructus
1342 363 1570 410 colliguntur
1589 375 1633 401 ex
1657 365 1769 402 beata

986 412 1141 459 Virgine
1155 411 1325 458 :primus
1344 415 1401 448 est
1415 413 1570 457 ventris,
1583 415 1621 449 et
1634 411 1697 449 hic
1711 416 1770 449 est

988 459 1196 506 generatio,
1231 470 1300 505 per
1339 470 1449 505 quam
1484 461 1648 503 fructum
1686 462 1771 496 vitae

989 508 1356 552 communicavimu83
1392 507 1582 543 secundus
1605 510 1665 543 est
1692 507 1770 544 sru-

989 556 1070 590 ctus
1104 555 1257 598 mentis,
1297 556 1334 589 et
1366 554 1426 589 hic
1461 557 1519 590 est
1544 555 1771 601 compassio,

987 612 1101 653 quam
1141 602 1256 637 habet
1287 600 1334 636 ad
1373 601 1549 645 afflictos,
1581 604 1619 638 et
1658 611 1772 648 super

988 652 1225 696 peccatores3
1248 647 1383 684 tertius
1403 650 1459 683 est
1477 649 1569 693 oris,
1585 651 1623 684 et
1639 647 1701 684 hic
1715 651 1774 685 est

989 696 1109 733 oratio
1127 707 1135 739 ;
1159 698 1318 741 quartus
1339 698 1396 731 est
1416 695 1556 741 operis,
1579 698 1617 731 et
1636 695 1698 732 hic
1717 698 1776 732 est

989 742 1198 790 protecti03
1238 742 1389 789 quintus
1426 745 1482 778 est
1523 741 1706 788 nominis,
1737 745 1775 779 et

989 792 1050 827 hic
1074 794 1130 827 est
1151 790 1314 834 devotio,
1340 801 1424 836 quae
1444 790 1606 826 habetur
1637 801 1681 826 ex
1706 790 1774 827 be—
1820 787 1829 793 “

988 838 1137 875 nedicto
1170 837 1324 874 nomine
1354 838 1449 883 ejus,
1473 839 1587 874 etiarn
1612 848 1636 874 a
1655 837 1773 874 scele-

988 886 1095 928 ratis,
1117 885 1171 921 ita
1195 888 1236 921 ut
1257 884 1295 920 in
1319 885 1494 922 omnibus
1527 884 1707 932 periculis
1728 885 1774 921 ab

991 933 1166 970 omnibus
1186 932 1396 968 invocetur.

1039 985 1058 1017 6
1079 982 1200 1016 MARIA
1222 992 1267 1016 AD
1291 990 1462 1015 DIVERSOS
1483 991 1632 1015 DIVERSE
1654 991 1774 1016 νΕΝιΤ.

991 1048 1036 1055 --
1055 1030 1104 1064 Et
1124 1028 1219 1063 uncle
1243 1029 1306 1063 hoc
1325 1028 1429 1069 mihi,
1452 1030 1493 1063 ut
1516 1029 1639 1063 veniat
1661 1030 1780 1063 mater

992 1078 1138 1111 Domini
1157 1077 1228 1111 mei
1254 1075 1302 1110 ad
1328 1077 1408 1110 me?
1429 1075 1469 1110 Id
1511 1077 1565 1110 est
1596 1085 1670 1120 qua
1692 1084 1778 1110 mea

989 1122 1150 1169 Justitia‚
1174 1122 1310 1168 quibus
1336 1121 1430 1157 meis
1455 1121 1563 1158 sactis
1583 1121 1642 1158 vel
1668 1120 1783 1158 meri-

992 1170 1040 1206 tis
1060 1170 1196 1206 accidit
1214 1171 1286 1205 hoc
1306 1169 1413 1214 mihi,
1436 1169 1578 1205 scilicet
1601 1168 1720 1205 sterili
1743 1171 1780 1204 et

995 1217 1088 1260 seni,
1111 1221 1148 1253 et
1182 1217 1385 1253 secundum
1409 1216 1685 1263 reputationem
1709 1216 1780 1252 ho-

996 1265 1141 1300 minum
1170 1263 1393 1308 maledictae,
1417 1268 1456 1299 ut
1483 1267 1603 1300 mater
1629 1263 1781 1300 Domini

997 1311 1084 1356 mei,
1107 1311 1248 1347 scillcet
1268 1311 1381 1357 Virgo
1408 1311 1585 1347 foecunda
1610 1315 1648 1347 et
1665 1311 1781 1348 bene-

997 1359 1110 1403 dicta,
1151 1358 1294 1395 veniret
1321 1359 1373 1394 sic
1398 1358 1604 1403 humiliter,
1630 1358 1782 1402 devote,

999 1410 1036 1443 et
1050 1410 1280 1450 reverenter,
1293 1407 1341 1442 ad
1358 1417 1417 1442 me
1438 1416 1586 1442 servam
1606 1409 1644 1442 et
1663 1404 1784 1442 ancil·-

998 1455 1073 1490 lam
1099 1454 1229 1490 suam?
1251 1453 1360 1497 Quasi
1384 1453 1483 1490 dicat
1510 1466 1516 1489 :
1546 1453 1684 1490 nullus.
1706 1454 1780 1489 Ne-

1000 1513 1073 1548 que
1110 1501 1209 1537 enim
1241 1501 1434 1545 sanctitas,
1475 1511 1596 1547 neque
1632 1499 1783 1546 religio,

1002 1560 1121 1594 neque
1142 1547 1321 1585 nobilitas
1341 1548 1467 1594 aliqua
1486 1549 1558 1584 hoc
1575 1547 1668 1584 mihi
1689 1557 1784 1594 prae-

1000 1596 1108 1639 stitit,
1128 1600 1168 1632 ut
1188 1599 1293 1631 tanto
1314 1597 1472 1640 honore,
1499 1599 1679 1642 tantaque
1698 1596 1784 1632 bea-

1000 1643 1160 1680 titudIne
1187 1643 1318 1679 fierem
1346 1643 1459 1690 digna
1480 1671 1488 1687 ‚
1517 1643 1583 1679 sed
1610 1643 1692 1679 sola
1715 1641 1784 1679 Dei

1001 1690 1136 1737 gratia.
1164 1692 1240 1736 Ego
1268 1690 1392 1737 potius
1419 1690 1532 1726 debui
1567 1690 1623 1726 ire
1651 1690 1699 1726 ad
1729 1693 1782 1733 te,

1001 1739 1067 1775 sed
1081 1738 1285 1784 tuatuique
1304 1738 1369 1773 tilii
1386 1737 1593 1782 humilitas,
1606 1741 1644 1774 te
1661 1736 1785 1784 coegit

1001 1785 1129 1822 venire
1167 1785 1215 1821 ad
1254 1796 1326 1821 me.
1361 1787 1405 1821 Et
1434 1785 1640 1821 notandum
1681 1784 1786 1831 quod

1003 1837 1123 1869 mater
1139 1832 1289 1869 Domini
1308 1833 1409 1868 venit
1425 1834 1471 1869 ad
1487 1836 1788 1879 peccatores-per

1002 1880 1316 1927 compassionem,
1341 1880 1383 1916 in'
1401 1884 1583 1926 quantum
1604 1883 1662 1916 est
1680 1889 1793 1915 ama-

1000 1940 1080 1964 ram
1119 1939 1229 1967 mare,
1272 1928 1365 1963 dans
1403 1927 1456 1964 cis
1492 1926 1785 1964 amaritudinem

1002 1975 1258 2019 contritionis}
1288 1975 1387 2011 venit
1415 1975 1463 2011 ad
1489 1985 1691 2022 oppressos
1717 1984 1788 2020 per

1002 2022 1289 2069 protectionem,
1326 2023 1363 2058 in
1401 2026 1583 2068 qnantum
1616 2024 1787 2062 Domina,

1005 2071 1166 2107 liberans
1204 2081 1287 2114 eos3
1323 2071 1425 2106 venit
1460 2071 1507 2105 ad
1535 2073 1690 2106 moestos
1719 2078 1791 2115 per

1003 2117 1332 2163 consolationem,
1374 2117 1412 2153 in
1446 2119 1628 2163 quantum
1664 2117 1786 2158 stella,

1002 2166 1199 2201 laetiticans
1238 2176 1315 2201 eos.
1355 2164 1459 2201 Unde
1512 2165 1745 2209 Auqustinus
1776 2175 1787 2198 :

1006 2228 1023 2245 α
1046 2216 1182 2249 Sancta
1212 2213 1344 2258 Maria,
1381 2223 1555 2248 succurre
1581 2210 1744 2255 miseris,
1766 2223 1786 2242 υ

990 2272 1088 2296 ccce
1115 2260 1301 2307 primum3
1330 2261 1452 2307 «J'uva
1476 2258 1749 2305 pusillanimes,
1767 2271 1787 2290 >›

1004 2319 1090 2344 ecce
1123 2308 1349 2352 secundum3
1382 2321 1398 2341 «
1431 2308 1557 2343 refove
1586 2306 1746 2350 flebiles,
1768 2318 1790 2338 »

1004 2366 1090 2392 ecce
1117 2355 1285 2391 tertium.
1311 2357 1355 2392 Et
1392 2366 1480 2391 vere
1504 2353 1704 2391 benedicta
1735 2362 1791 2397 es,

1005 2407 1040 2439 et
1063 2403 1283 2439 benedictus
1307 2403 1450 2439 fructus
1484 2401 1626 2438 ventris
1661 2400 1730 2445 tui,
1754 2403 1793 2436 et

1004 2450 1172 2486 admiror
1226 2451 1272 2486 de
1310 2450 1523 2487 humilitate
1564 2446 1793 2485 visitationis

1007 2502 1093 2542 tuzr,
1131 2503 1286 2544 propter
1316 2496 1639 2543 magnificentiam
1669 2495 1791 2531 virtu-

1005 2545 1067 2589 tis,
1090 2556 1172 2592 quie
1198 2549 1356 2592 apparet
1381 2545 1417 2581 in
1444 2548 1494 2580 te.
1517 2547 1608 2581 Ecce
1627 2545 1723 2578 enim
1749 2545 1792 2577 ut

1005 2595 1108 2637 facta
1157 2597 1209 2628 cst
1249 2604 1321 2628 'cose
1363 2593 1599 2628 salutationis
1639 2593 1710 2626 tua:
1749 2590 1791 2624 in

1007 2641 1158 2675 (acribus
1194 2642 1295 2681 meis,
1319 2641 1356 2676 id
1378 2643 1433 2676 cst
1464 2639 1503 2675 in
1543 2642 1604 2674 tuo
1627 2637 1792 2674 adventu

1009 2690 1045 2723 et
1066 2688 1307 2732 salutatione,
1334 2698 1409 2723 nou
1430 2687 1551 2723 solum
1566 2696 1650 2731 ego,
1668 2683 1735 2720 sed
1755 2686 1794 2719 et

1009 2737 1209 2770 eaesalcacz'c
1239 2737 1278 2771 in
1304 2735 1440 2779 qazcaz'o
1472 2735 1598 2779 infans
1630 2735 1669 2768 in
1691 2735 1793 2767 utero

1011 2792 1099 2822 meo,
1126 2782 1268 2819 scilicet
1293 2782 1504 2829 gratulatus
1531 2785 1600 2826 est,
1622 2784 1660 2816 et
1691 2777 1795 2825 quod

1012 2839 1100 2865 voce
1130 2841 1207 2866 non
1237 2830 1373 2877 potuit,
1403 2829 1540 2876 gaudio
1571 2830 1694 2864 fassus
1720 2828 1790 2862 est.
