1902 3126
156 230 214 264 180
648 225 789 261 PRIMAE
825 228 980 263 PARTIS
1016 227 1154 262 CAPUT
1191 228 1271 261 XX.

154 298 208 334 ris
227 307 353 333 massa
373 296 412 332 in
424 296 618 342 pulverem
635 300 691 333 est
706 297 935 343 redigenda,

155 345 195 380 in
228 344 362 388 cilicio,
395 344 494 389 quod
527 343 574 379 de
609 343 695 389 pilis
715 344 936 389 contexitur,

154 391 339 428 memoria
364 390 506 436 peccati
525 401 658 436 aspere
678 391 878 438 pungentis
893 392 938 427 si-

155 439 366 485 gnificatur.
391 437 496 473 Unde
516 437 709 482 Gregorius
731 452 741 473 .·
766 453 781 472 «
801 440 840 474 In
860 438 937 474 cili-

155 485 212 521 cio
240 485 376 531 quippe
408 483 591 530 asperitas
627 488 663 521 et
699 485 936 532 compunctio

153 536 407 579 peccatorum,
435 531 473 566 in
499 530 623 567 cinere
649 536 789 576 autem,
816 532 937 578 pulvis

153 578 366 615 ostenditur
413 581 669 623 mortuorum;
715 582 752 614 et
800 578 936 614 idcirco

153 629 354 671 utrumque
385 626 455 661 hoc
481 624 652 661 adhiberi
674 626 721 661 ad
748 625 935 671 pceniten-

151 672 245 708 tiam
267 672 374 715 solet,
394 676 435 707 ut
454 671 491 707 in
509 672 796 718 compunctione
810 671 934 716 cilicii,

152 729 425 765 cognoscamus
460 718 549 764 quid
579 729 646 764 per
666 719 811 764 culpam
844 718 936 754 seci-

150 777 250 811 mus,
282 770 318 802 et
339 766 376 801 in
403 766 528 801 favilla
548 765 697 809 cineris,
720 765 933 811 perpenda-

151 823 236 849 mus
259 812 345 858 quid
356 811 613 858 perjudicium
634 813 720 848 sacti
742 822 869 848 sumus
886 823 894 847 :
912 825 930 843 »

151 860 233 896 haec
255 861 462 903 Greyorius.

203 921 244 953 ις)
266 908 331 941 PiA
353 917 573 940 EXHORTATIO
594 917 638 940 An
667 916 929 942 POENiTENTIAM.

150 973 197 980 -—
223 952 523 990 Consolationein
552 962 642 998 ergo
669 951 707 986 in
737 951 795 987 his
818 952 930 997 habe,

150 1003 187 1036 et
223 999 383 1044 teipsum
406 998 444 1032 in
466 997 523 1032 his
544 1008 696 1041 exerce;
721 998 809 1044 quia
837 998 932 1034 cinis

149 1050 185 1082 et
213 1045 373 1081 cilicium
396 1047 481 1079 sunt
511 1055 618 1080 arma
651 1045 928 1090 poenitentium.

149 1092 307 1128 Maxime
332 1091 431 1126 enini
457 1090 495 1125 in
523 1091 604 1127 cibo
625 1096 662 1126 et
688 1096 789 1127 veste
810 1091 932 1128 consi-

148 1139 213 1174 stit
232 1139 338 1174 labor
350 1137 594 1183 poenitentiae.
619 1138 723 1175 Circa
739 1139 933 1184 praemissa

97 1182 103 1185 ¹
146 1196 236 1222 vero
257 1185 316 1221 liis
336 1184 505 1220 versibus
518 1185 660 1231 poteris
678 1186 828 1222 edoceri
851 1197 858 1222 :

146 1281 205 1317 Sit
223 1280 292 1315 tibi
307 1282 414 1326 potus
432 1290 542 1324 aqua,
562 1280 663 1315 cibus
676 1281 817 1321 aridus,
831 1291 933 1326 aspe-

724 1328 781 1373 [να
801 1330 929 1372 vestis,-

145 1375 257 1409 Dorso
294 1375 414 1417 virqa,
444 1373 560 1408 brevis
595 1383 755 1415 somnus,
784 1375 931 1411 durum-

695 1422 778 1467 [quc
800 1423 927 1458 cubile.

146 1468 261 1503 Flecte
279 1477 384 1511 qenu,
408 1466 518 1502 tunde
530 1471 668 1513 pectus,
687 1469 788 1503 nuda
805 1473 927 1514 caput,

793 1514 926 1562 [orans,

146 1561 289 1596 Haereat
315 1570 352 1595 os
373 1563 487 1604 terrae,
503 1571 602 1596 mens
621 1562 857 1606 coelo‚lin9ua
880 1564 928 1598 lo-

764 1609 927 1654 [quatur,

147 1653 213 1689 Gor
246 1653 380 1697 dictem
409 1655 458 1689 sit
491 1654 596 1698 larqa
619 1665 762 1696 manus,
781 1656 928 1700 Jejunia

769 1703 927 1748 [crebra5

146 1747 246 1782 Mens
286 1747 449 1792 humilis,
489 1748 645 1793 simplex
680 1749 816 1790 oculas,
845 1761 928 1786 caro

543 1796 707 1841 [munda
730 1798 834 1841 pium
853 1808 925 1839 cor,

145 1842 256 1876 Recta
290 1841 392 1886 sides,
432 1843 481 1878 sit
514 1844 621 1888 firma
651 1853 746 1888 spes,
782 1844 927 1879 dilectio

777 1890 929 1936 [semper

1011 300 1094 334 Haec
1115 300 1284 344 peccator
1307 308 1386 342 aye,
1408 307 1513 343 quem
1538 306 1618 332 vere
1640 298 1791 343 poem'tet

1010 394 1114 431 Nunc
1147 393 1272 439 potius
1306 401 1446 438 poenas,
1468 344 1792 472 'peccatisdpffligg

1011 486 1127 529 Quam
1169 489 1203 522 te
1236 486 1437 532 perpetuis,
1474 437 1794 521 αάάίοαΐ[]ΐιῗὶί<ιτῗὲ

1704 531 1790 578 [ira.

1010 578 1105 615 Audi
1144 578 1256 614 etiam
1294 579 1533 619 Bernardum,
1569 577 1633 624 qui
1667 577 1790 614 dicit:

1012 640 1031 658 <‹
1069 627 1165 662 Vere
1202 624 1389 671 poenitens
1428 625 1475 660 de
1500 628 1669 671 tempore
1695 624 1791 661 nihil

1009 672 1148 718 perdit,
1179 671 1266 716 quia
1286 675 1321 707 et
1353 671 1584 716 praeteritum
1604 674 1791 708 restaurat

1009 729 1077 764 per
1114 717 1391 761 contritionem,
1432 721 1468 753 et
1494 727 1661 763 praesens
1686 721 1790 755 tenet

1008 775 1075 811 per
1094 766 1233 801 bonam
1259 764 1531 811 operationem,
1560 767 1597 800 et
1622 764 1788 807 futurum

1007 815 1111 848 tenet
1134 823 1201 857 per
1223 811 1313 848 boni
1334 811 1513 857 propositi
1535 811 1788 848 constantiam

1007 862 1044 894 et
1075 858 1295 895 firmitatem
1336 870 1344 894 :
1391 871 1408 892 »
1445 858 1526 893 haec
1562 859 1785 896 Bernartius,

1005 905 1172 942 Viriliter
1206 916 1294 950 ergo
1335 909 1448 951 agant
1481 904 1723 950 poenitentes,
1751 908 1789 942 et

1005 963 1082 988 non
1101 952 1289 996 deficiant,
1304 955 1473 998 tempore
1499 951 1600 987 enim
1620 962 1687 988 suo
1706 961 1787 988 me-

1006 1003 1101 1043 tent,
1123 1011 1196 1034 non
1227 1000 1459 1035 deficientes.
1481 1000 1572 1034 Nam
1592 1001 1657 1044 qui
1675 1000 1785 1035 semi-

1005 1050 1096 1082 nant
1120 1048 1159 1081 in
1189 1047 1373 1090 lacrymis,
1394 1047 1434 1080 in
1455 1047 1697 1081 eoesuitatione
1713 1056 1786 1082 me-

1006 1097 1092 1129 tent.
1112 1093 1352 1129 Confortetur
1372 1103 1436 1128 cor
1457 1102 1588 1128 eorum
1609 1093 1646 1128 in
1665 1092 1786 1138 poeni-

1005 1139 1139 1183 tentia,
1163 1144 1200 1176 et
1226 1140 1469 1175 consolentur
1489 1139 1527 1175 in
1554 1150 1611 1184 ea,
1634 1150 1787 1185 speran-

1005 1190 1062 1223 tes
1089 1198 1175 1223 cum
1210 1187 1434 1232 Martyribus
1452 1189 1598 1232 partem
1632 1186 1785 1223 habere.

1006 1234 1111 1279 Quia,
1122 1234 1328 1270 secundum
1349 1235 1649 1277 chrysostomum,
1665 1233 1789 1270 viven-

1004 1285 1061 1317 tes
1086 1281 1124 1316 in
1145 1280 1368 1327 poenitentia
1388 1283 1545 1326 possunt
1562 1281 1787 1326 Martyribus

1003 1327 1228 1374 comparari.
1264 1327 1420 1363 Gravior
1451 1330 1507 1363 est
1539 1326 1639 1362 enini
1674 1327 1788 1374 longa

1002 1375 1104 1421 suga,
1133 1385 1245 1421 quam
1271 1375 1376 1410 velox
1400 1384 1514 1410 mors.
1543 1374 1616 1410 Sed
1643 1376 1679 1410 et
1705 1373 1787 1420 ipse

1002 1421 1181 1458 Dominus
1199 1432 1263 1457 eos
1292 1423 1422 1457 beatos
1448 1419 1688 1466 praenuntiat,
1714 1420 1785 1457 eis-

1002 1480 1073 1514 que
1122 1468 1418 1505 consolationem
1463 1467 1659 1514 promittit,
1699 1478 1783 1504 cum

1000 1515 1091 1552 dicit
1112 1527 1120 1551 :
1141 1518 1246 1552 Beati
1271 1517 1336 1561 qui
1355 1517 1490 1559 luqent,
1511 1517 1683 1560 quoniam
1707 1516 1784 1560 ipsi
1834 1539 1837 1543 -

1000 1564 1292 1598 consolabuntur.
1319 1562 1584 1598 Poenitentium
1610 1561 1708 1597 enim
1727 1562 1783 1598 lu-

1001 1613 1100 1646 ctum
1127 1609 1307 1645 Dominus
1333 1609 1503 1655 perpetui
1529 1608 1657 1654 gaudii
1680 1619 1784 1644 com-

1000 1660 1145 1702 pensat.
1171 1658 1221 1692 De
1246 1656 1475 1702 poenitentiae
1498 1666 1645 1701 quoque
1665 1654 1782 1691 laudi-

1000 1705 1084 1747 bus,
1113 1703 1165 1739 sic
1191 1703 1279 1738 dicit
1298 1704 1517 1748 Cyprianus:
1541 1715 1550 1737 :
1574 1715 1592 1735 «
1614 1703 1642 1739 Ο
1663 1701 1783 1747 poeni-

999 1750 1130 1794 tentia,
1153 1750 1241 1795 quid
1264 1750 1310 1785 de
1329 1753 1366 1785 te
1385 1749 1470 1785 novi
1488 1749 1674 1785 referam?
1694 1750 1781 1785 Om-

998 1797 1062 1833 nia
1082 1797 1196 1842 ligata
1219 1800 1258 1832 tu
1279 1796 1411 1840 solvis;
1443 1795 1569 1832 omnia
1597 1796 1725 1832 clausa
1743 1798 1785 1833 tu

999 1855 1166 1888 reseras3
1197 1844 1322 1879 omnia
1352 1844 1510 1879 adversa
1541 1847 1581 1879 tu
1608 1843 1781 1889 mitigas3

1000 1891 1127 1926 omnia
1141 1890 1331 1926 contraria
1344 1894 1385 1926 tu
1406 1900 1534 1934 sanas;
1549 1889 1676 1926 omnia
1690 1901 1782 1935 con-

999 1938 1081 1974 fusa
1104 1941 1143 1973 tu
1169 1937 1337 1982 lucidas3
1367 1937 1494 1973 omnia
1520 1937 1720 1984 desperata
1741 1940 1783 1974 tu

143 1935 291 1970 Ferreae
326 1936 487 1972 assiduis
517 1936 700 1982 precibus,
727 1937 841 1981 Justis
876 1941 928 1973 ta-

998 1984 1146 2020 animas
1169 1996 1176 2021 :
1197 1998 1215 2017 »
1239 1985 1318 2020 haec
1340 1985 1557 2031 Cyprianus.

727 1984 820 2029 [men
840 1995 923 2028 ora,-

889 2113 1059 2150 ORATIO

191 2207 401 2257 Terretme
422 2205 498 2258 vita
518 2217 616 2252 mea,
642 2217 731 2243 nam
757 2207 957 2253 diligenter
983 2208 1167 2254 discussa,
1189 2211 1346 2255 apparet
1365 2208 1457 2244 mihi
1481 2211 1544 2245 aut
1563 2212 1773 2257 peccatum,

141 2256 205 2289 aut
224 2253 398 2304 sterilitas
419 2256 455 2288 et
474 2253 725 2296 infructuosa3
750 2258 784 2291 et
813 2255 843 2291 si
868 2255 948 2302 quis
969 2256 1111 2292 fructus
1131 2256 1169 2292 in
1192 2267 1236 2292 ea
1255 2256 1416 2300 videtur,
1439 2259 1504 2292 aut
1539 2259 1597 2292 est
1619 2257 1772 2294 simula—

142 2303 218 2343 tus,
239 2303 302 2352 aut
321 2300 581 2352 'nuper-sectus,
601 2304 664 2336 aut
683 2302 809 2347 aliquo
838 2303 948 2339 modo
969 2307 1178 2350 corruptus.
1199 2302 1294 2347 Quid
1316 2314 1405 2349 ergo
1428 2303 1518 2339 mihi
1549 2306 1666 2340 restat
1685 2309 1774 2351 pec-

143 2350 274 2399 catori,
293 2357 363 2398 nisi
387 2350 425 2381 ut
444 2357 481 2381 in
504 2350 582 2383 tota
609 2347 684 2384 vita
707 2359 790 2384 mea
810 2350 954 2396 plorem
975 2353 1093 2386 totam
1111 2350 1226 2386 vitam
1251 2361 1373 2386 meam
1390 2351 1407 2385 ἱ)
1431 2351 1562 2387 Certus
1581 2361 1678 2396 sum,
1698 2353 1772 2388 Do-

141 2404 366 2446 nl'lsse‚.([ula
392 2397 543 2438 peccata
564 2405 647 2430 mea
668 2398 847 2432 ccternam
871 2400 1064 2433 merentur
1084 2398 1388 2443 damnationem3
1410 2397 1561 2442 certior,
1582 2399 1672 2444 quia
1692 2409 1773 2445 poe-

141 2444 300 2476 nitentia
336 2451 418 2475 moa
441 2451 517 2476 non
546 2441 755 2494 sufficitad
784 2443 1097 2489 satisfactionem3
1122 2445 1368 2488 certissimus,
1397 2445 1486 2490 quia
1510 2445 1770 2483 misericordia

140 2490 205 2540 tua
224 2490 375 2540 superat
398 2498 549 2523 omnem
567 2488 828 2526 offensionem.
853 2493 922 2527 Fac
940 2503 1028 2538 ergo
1050 2502 1196 2528 mecum
1214 2491 1526 2536 misericordiam,
1546 2495 1582 2528 et
1602 2493 1766 2529 concede

140 2535 233 2570 milii
252 2537 489 2587 peccatorum
509 2545 677 2571 meorum
697 2536 983 2585 indulgentiam,
1002 2539 1089 2585 quia
1110 2539 1285 2576 meritum
1301 2549 1428 2576 meum
1448 2538 1683 2587 indulgentia
1701 2542 1769 2576 tua

142 2584 211 2626 est,
230 2583 388 2618 Domine
409 2582 506 2618 Deus
527 2592 644 2619 meus·
667 2584 801 2620 Amen.
