1902 3126
410 226 460 258 DE
497 223 673 257 OFFICIO
710 222 762 256 ET
799 223 901 258 VITA
937 227 1119 261 JOANNlS
1161 231 1402 266 BAPTISTAE.
1678 238 1733 271 l-'sl

92 299 208 334 natus
244 293 408 332 ostendit
443 291 677 328 medicamen
717 292 875 337 vulneri,

92 345 247 391 peccato
292 339 550 387 poenitentiam
567 366 575 382 ,
613 337 762 374 veniam
802 339 875 375 ini-

91 389 242 437 quitati.
277 390 361 424 Hccc
400 388 457 422 est
492 385 615 432 prima
649 396 732 430 vox,
761 397 875 432 quam

91 438 259 474 clamans
280 434 315 470 in
337 434 485 469 deserto
507 432 717 479 proposuit,
742 436 779 469 et
804 445 876 469 νοω

92 484 247 521 turturis
282 481 413 516 audica
448 483 500 515 est
530 481 568 515 in
602 483 700 515 terra
733 485 873 523 nostra,

90 534 124 567 et
143 533 233 566 tunc
255 529 409 564 immisit
432 529 470 562 in
493 537 531 562 os
559 530 729 563 nostrum
754 531 874 564 canti-

90 588 170 614 cum
198 585 343 615 novum,
373 585 517 610 carmen
548 576 619 609 Deo
655 578 801 619 nostro3
839 579 877 611 et

89 625 241 660 resonat
270 621 307 657 in
329 632 394 657 ore
419 625 548 657 nostro
583 620 790 666 gratiarum
818 633 877 659 ac-

89 670 141 707 tio
160 698 169 715 ‚
206 672 242 705 et
281 680 350 704 vox
388 667 522 704 laudis.
566 669 876 714 Supercxaltatur

88 715 364 760 misericordia,
389 715 650 762 peccatoribus
691 716 873 761 parcitur,

88 767 223 811 regnat
247 763 381 810 pietas,
413 762 560 809 justitia
599 762 873 808 dissimulatur,

90 814 128 848 et
164 810 383 854 miserendi,
422 820 498 845 non
540 809 698 845 feriendi
739 811 875 856 quserit

89 859 326 895 occasionem
362 858 566 892 misericors
606 860 638 892 et
682 859 873 894 miserator

89 907 292 942 Dominus:
318 917 335 936 »
358 905 438 940 haec
469 906 596 939 Petrus
619 905 825 941 Ravennas.

137 969 157 1000 7
186 953 380 989 SAchms
410 953 562 987 Jimms
597 962 870 988 COMMENDATUR.

87 1020 133 1027 —
149 1001 207 1044 Et,
225 1004 264 1035 ut
279 999 500 1035 ostendatur
520 998 702 1034 idoneitas
716 999 873 1035 Joannis

87 1047 136 1083 ad
162 1046 444 1083 testificandum
467 1046 513 1081 de
534 1045 695 1089 Christo,
718 1056 761 1081 ex
785 1057 872 1081 san-

87 1095 214 1130 ctitate
236 1093 322 1129 vitre
346 1093 525 1128 describit
552 1092 791 1138 Evangelista
816 1093 870 1128 vi-

83 1145 161 1177 tam
181 1140 352 1178 Joannis.
376 1161 421 1165 —
441 1139 580 1183 Primo,
599 1140 646 1176 ab
669 1141 871 1187 asperitate

87 1189 213 1231 vestis,
243 1187 332 1234 quia
360 1188 536 1223 utebatur
571 1190 673 1222 veste
703 1197 837 1232 aspera
859 1216 869 1229 ‚

86 1235 229 1272 scilicet
250 1235 370 1270 cilicio
392 1245 458 1270 seu
480 1233 606 1270 tunica
627 1234 672 1270 de
693 1234 797 1270 duris
813 1245 873 1270 ca-

86 1282 273 1319 melorum
304 1281 422 1328 pilis:
455 1284 536 1326 Ipse
567 1285 687 1316 autem
716 1283 871 1317 Jommes

86 1330 241 1366 habebat
269 1331 518 1364 vestimentum
544 1329 587 1363 de
608 1329 697 1374 pilis
718 1330 871 1364 camelo-

85 1388 181 1413 rum.
204 1378 245 1412 In
273 1387 346 1422 quo
376 1386 585 1419 monemur,
611 1379 650 1411 ut
673 1375 720 1411 ad
752 1376 870 1412 refre-

86 1423 279 1460 nationem
290 1423 412 1458 carnis
429 1422 571 1468 asperis
589 1426 751 1458 utamur.
768 1423 870 1459 Unde

85 1472 330 1515 Hieronymus
364 1482 373 1504 :
399 1485 416 1502 «
440 1471 490 1505 De
515 1469 614 1516 pilis,
636 1468 773 1514 inquit,
802 1470 868 1505 ha-

85 1518 201 1554 bebat
239 1517 527 1560 vestimentum,
568 1527 643 1551 non
681 1517 726 1552 de
766 1517 865 1552 lana.

86 1565 196 1601 Aliud
219 1563 448 1600 austeritatis
476 1563 655 1599 indicium
677 1566 747 1607 est,
767 1563 867 1599 aliud

84 1611 240 1648 luxuriae
261 1610 486 1647 mollioris.»
506 1610 610 1645 Unde
628 1611 740 1646 etiam
758 1612 868 1655 Chry-

84 1663 289 1695 sostomus:
329 1657 493 1693 «Servis
526 1660 651 1693 autem
684 1657 750 1693 Dei
790 1669 866 1693 non

82 1706 257 1742 convenit
277 1706 416 1741 habere
436 1705 701 1741 vestimentum
717 1705 763 1740 ad
786 1715 866 1751 spe-

81 1753 176 1790 ciem
197 1752 366 1796 visionis,
388 1752 446 1788 vel
483 1751 529 1787 ad
554 1751 680 1787 carnis
701 1752 866 1789 delecta-

84 1803 267 1844 mentum,
291 1800 357 1835 sed
379 1803 525 1835 tantum
547 1799 594 1835 ad
616 1799 798 1835 nuditatis
816 1803 868 1836 te-

81 1850 289 1894 gmentum.
314 1847 484 1883 Habebat
501 1846 602 1882 enim
623 1848 786 1882 Joannes
809 1858 867 1883 ve-

83 1898 179 1931 stem
211 1905 287 1930 non
319 1894 470 1929 mollem
501 1904 622 1940 neque
650 1893 864 1939 delicatam,

82 1942 148 1979 sed
169 1941 370 1980 cilicinam,
392 1951 544 1986 gravem
564 1943 600 1976 et
616 1951 806 1987 asperam,
826 1945 864 1977 et

83 1992 339 2025 conterentem
364 1998 498 2034 corpus
524 1987 648 2034 potius
670 1998 783 2034 quam
810 1989 865 2024 so-

83 2039 246 2082 ventem,
266 2039 303 2071 ut
319 2036 364 2071 de
381 2036 517 2071 virtute
536 2036 673 2071 animae
690 2035 770 2081 ejus
787 2035 865 2081 ipse

85 2083 237 2120 habitus
258 2083 426 2129 corporis
448 2083 712 2128 loqueretur.»
733 2101 777 2108 —
799 2084 864 2119 Se-

83 2131 220 2175 cundo,
259 2141 281 2166 a
320 2129 552 2166 continentia
583 2129 865 2175 constringente

82 2178 207 2215 carnis
230 2177 435 2221 lasciviam,
458 2178 546 2223 quia
569 2177 729 2213 habebat
753 2181 785 2212 et
803 2188 865 2212 :o-

81 2236 167 2262 nam
183 2227 375 2272 pelliceam
399 2235 587 2270 asperam,
612 2224 649 2259 id
673 2228 729 2259 est
751 2223 864 2259 corri-

81 2272 182 2319 giam
207 2273 254 2308 de
288 2272 396 2308 siccis
426 2275 462 2308 ct
484 2272 608 2307 crudis
642 2270 864 2307 animalium

80 2320 242 2367 pellibus
266 2320 417 2362 factam,
440 2321 536 2355 circa
565 2319 703 2354 lumbos
722 2329 805 2354 suos
826 2320 863 2354 in

81 2366 218 2414 quibus
245 2371 301 2403 est
323 2367 431 2402 sedes
451 2366 620 2410 luxuria),
643 2366 690 2401 ad
713 2376 863 2401 carnem

80 2421 118 2451 et
140 2413 322 2450 luxuriam
339 2413 654 2457 mortificandam,
674 2413 761 2459 quia
779 2424 864 2449 car-

80 2471 166 2498 nem
207 2471 312 2497 suam
352 2460 533 2496 crucitixit
570 2471 652 2496 cum
692 2460 790 2496 vitiis
829 2464 865 2496 et

79 2508 404 2555 concupiscentiis,
430 2508 529 2554 quod
550 2518 680 2544 eorum
702 2511 758 2544 est
777 2519 862 2554 pro-

78 2557 219 2603 prium,
245 2557 307 2602 qui
336 2559 421 2591 sunt
448 2557 536 2591 Jesu
567 2555 718 2592 Christi.
758 2555 863 2591 Unde

81 2604 354 2649 chrysostomus
377 2616 386 2638 :
419 2616 435 2636 «
483 2603 722 2640 Consuetudo
764 2602 862 2639 enim

81 2654 161 2687 erat
183 2651 281 2698 apud
300 2650 452 2687 „ludaeos
473 2654 512 2686 ut
533 2650 636 2686 zonis
658 2649 776 2686 laneis
788 2654 865 2686 utc-

82 2703 229 2743 rentur,
254 2698 337 2734 ideo
358 2698 427 2734 iste
449 2699 553 2744 quasi
571 2697 703 2734 durius
723 2697 864 2743 aliquid

83 2744 206 2782 facere
229 2746 359 2781 volens
391 2757 483 2781 zona
508 2745 666 2791 pellicea
687 2746 863 2791 cingeba-

82 2795 156 2828 tur.
180 2808 197 2825 n
221 2793 316 2837 Quid
339 2792 464 2829 tunica
476 2796 511 2828 et
532 2803 626 2829 zona
643 2794 800 2829 ⁸loannis
813 2792 866 2829 al-

85 2839 248 2886 legorice
268 2842 496 2886 significent,
521 2843 623 2887 patet
654 2851 722 2887 per
753 2841 864 2886 Chry-

951 300 1161 337 sostomum,
1185 299 1245 344 qui
1274 301 1362 336 alibi
1398 304 1450 338 sic,
1480 304 1531 340 ait
1570 317 1577 340 :
1604 319 1620 339 «
1645 308 1734 344 Erat

948 343 1136 396 Joanncs,
1152 345 1222 379 hoc
1250 351 1305 382 est
1340 350 1407 385 Lex
1432 350 1465 386 in
1489 354 1651 397 Joanne,
1675 365 1734 391 ve-

950 393 1058 442 stitus
1074 391 1160 436 pilis
1176 394 1322 429 cameli.
1336 397 1412 431 Non
1428 402 1574 443 poterat
1590 401 1731 438 habere

950 439 1113 473 tunicam
1150 438 1196 474 de
1232 450 1344 485 agno,
1373 443 1417 478 dc
1454 455 1526 489 quc»
1562 447 1697 484 dicitur
1723 460 1731 484 :

949 485 1041 519 Ecce
1061 485 1191 528 Aonas
1203 488 1280 529 Dei,
1295 498 1370 522 ecce
1389 493 1454 533 qut?
1469 493 1567 528 tollit
1581 499 1733 538 peccata

949 532 1098 583 mundi,·
1124 532 1187 567 sed
1207 544 1337 569 zonam
1358 536 1552 581 pelliceam
1572 541 1735 578 hahebat

949 588 1048 614 clrca
1086 579 1235 615 lumbos
1257 591 1356 626 suos,
1384 584 1473 628 quia
1504 586 1624 622 =Iudai
1664 590 1735 625 hoc

948 625 1068 661 solum
1103 629 1236 672 putant
1272 633 1465 673 peccatum
1509 642 1591 667 csse
1634 636 1735 680 quod

949 682 1062 718 opere
1083 677 1252 719 peccant.
1274 676 1446 712 Ceterum
1468 679 1651 715 Dominus
1671 692 1735 717 no-

948 723 1025 755 ster
1045 721 1154 756 Jesus
1176 721 1344 758 Christus
1370 723 1407 759 in
1426 725 1648 772 Apocalypsi
1670 730 1734 764 Jo-

948 767 1057 802 annis
1077 767 1140 813 qui
1166 768 1316 805 videtur
1346 770 1446 807 inter
1467 775 1612 818 septem
1645 785 1733 811 can-

948 814 1118 867 delabra,
1137 816 1301 852 hahebat
1319 828 1446 854 zonam
1466 829 1634 864 auream,
1657 832 1734 858 non

947 872 986 896 ln
1011 861 1164 906 lumbis,
1201 863 1266 899 sed
1306 864 1345 899 in
1380 869 1545 911 pectore.
1583 868 1654 903 Lex
1695 869 1734 905 in

948 908 1085 945 lumbis
1121 909 1296 955 cingitur,
1337 916 1503 948 ceterum
1544 915 1730 962 Christus,

948 955 1017 991 hoc
1039 959 1094 992 est
1118 958 1378 1003 Evangelium,
1400 962 1436 995 et
1458 962 1733 1000 monachorum

946 1003 1080 1055 yirtus,
1102 1014 1174 1039 non
1198 1005 1317 1041 solum
1338 1005 1375 1041 in
1403 1007 1575 1052 libidine,
1601 1010 1665 1045 sed
1698 1014 1734 1046 et

946 1060 983 1084 1n
1005 1054 1130 1086 mente
1155 1053 1454 1089 commendatur.
1479 1054 1551 1090 Hic
1578 1067 1645 1092 icc
1668 1068 1730 1093 co-

946 1096 1065 1142 gitare
1091 1097 1243 1143 quidem
1266 1101 1428 1145 expedit,
1452 1100 1500 1137 ihi
1524 1102 1586 1148 qui
1611 1104 1730 1140 sorni·

945 1149 1052 1179 catus
1074 1145 1185 1181 suerit
1211 1149 1361 1182 tenetur
1381 1147 1419 1183 in
1449 1150 1619 1186 crimine.
1645 1164 1662 1182 »
1685 1172 1731 1177 -

945 1192 1069 1227 Tertio
1081 1193 1731 1242 ababstinentiaetxirtusparcimo-

946 1238 1020 1274 nia.
1035 1241 1128 1274 Esca
1140 1244 1257 1275 [cutem
1271 1241 1349 1286 ejus
1361 1247 1438 1277 erat
1453 1244 1609 1284 locustae,
1625 1244 1660 1280 id
1675 1249 1730 1281 est

946 1285 1072 1321 herbae
1095 1286 1146 1322 sie
1163 1288 1375 1333 appellatae,
1399 1293 1432 1325 ct
1452 1292 1521 1325 mel
1547 1293 1727 1334 silcestre,

946 1332 1011 1385 qui
1035 1334 1139 1369 cibus
1161 1345 1367 1380 pauperum
1387 1340 1442 1372 cst
1463 1336 1500 1372 in
1522 1340 1623 1374 terra
1649 1339 1727 1375 illa.

945 1381 1012 1415 Ubi
1035 1380 1228 1417 sciendum
1255 1383 1354 1427 quod
1376 1383 1528 1419 locusta]
1550 1386 1660 1431 plura
1679 1386 1728 1421 si-

944 1427 1137 1473 gnificant,
1149 1429 1194 1464 de
1211 1429 1424 1474 quibusiste
1438 1442 1568 1467 versus
1586 1436 1726 1469 exstat:

989 1499 1157 1540 Radices,
1180 1500 1309 1535 herbas
1327 1503 1360 1535 et
1381 1511 1478 1542 aces,
1502 1502 1561 1537 elic
1581 1513 1656 1538 esse
1677 1504 1725 1539 Io·

1572 1550 1723 1595 [custus.

942 1609 1034 1644 Sunt
1047 1607 1144 1644 enim
1158 1619 1276 1655 parva
1290 1609 1470 1647 animalia
1484 1622 1553 1658 per
1571 1613 1726 1650 modum

941 1657 1057 1692 saltus
1081 1656 1290 1702 volitantia,
1314 1668 1397 1703 quae
1421 1659 1665 1705 reperiuntur
1685 1660 1725 1697 in

941 1704 1090 1740 deserto
1128 1705 1284 1749 Judaeae‚
1313 1708 1350 1741 et
1383 1706 1476 1742 frixa
1514 1718 1597 1742 cum
1641 1708 1725 1744 oleo

941 1754 1028 1787 sunt
1054 1750 1159 1787 cibus
1188 1762 1413 1798 pauperum,
1436 1755 1499 1790 sed
1524 1765 1597 1790 non
1618 1755 1726 1791 vide-

940 1801 1001 1834 tur
1016 1798 1114 1844 quod
1129 1800 1295 1835 Joannes
1312 1801 1479 1846 Baptista
1492 1801 1725 1839 locustarum

941 1856 1072 1881 carnes
1100 1847 1355 1891 manducavit,
1382 1848 1443 1893 qui
1474 1859 1571 1894 pane
1609 1849 1724 1886 etiam

939 1893 1039 1928 vesci
1072 1893 1213 1938 renuit,
1248 1897 1286 1929 et
1320 1896 1419 1940 quod
1453 1896 1603 1932 frixuris
1634 1908 1724 1934 usus

941 1940 1001 1984 sit,
1022 1940 1083 1985 qui
1103 1940 1194 1976 nihil
1221 1944 1367 1977 coctum
1389 1943 1555 1988 acccpit;
1581 1947 1617 1979 ct
1637 1943 1724 1980 ideo

940 1987 1060 2033 magis
1091 1987 1239 2024 videtur
1266 1989 1461 2034 probabile
1492 1990 1538 2025 de
1560 1990 1644 2026 aliis
1666 1991 1723 2026 in-

939 2035 1056 2079 telligi
1079 2035 1230 2079 debere,
1253 2036 1354 2071 unde
1384 2036 1422 2072 in
1458 2037 1629 2083 partibus
1652 2039 1724 2073 illis

940 2082 1141 2127 quamdam
1174 2082 1329 2119 herbam
1366 2083 1565 2129 langustre,
1603 2085 1639 2121 id
1668 2089 1724 2121 cst

941 2129 1137 2172 locustam,
1160 2130 1355 2165 nominant
1376 2142 1383 2165 ε
1404 2142 1486 2177 qum
1504 2131 1641 2168 dicitur
1659 2132 1723 2169 illa

939 2187 1036 2220 esse,
1064 2187 1177 2222 quam
1212 2178 1342 2213 beatus
1372 2179 1538 2215 Joannes
1571 2179 1720 2216 edebat.

940 2224 1009 2259 Mel
1025 2228 1150 2259 autem
1171 2224 1341 2261 silvestre
1359 2235 1401 2261 ex
1418 2225 1551 2272 apibus
1568 2226 1605 2262 in
1620 2231 1722 2263 trun-

939 2271 990 2306 cis
1013 2272 1191 2307 arborum
1205 2271 1412 2318 reperitur;
1425 2273 1496 2319 vel,
1509 2275 1719 2310 seeundum

937 2319 1142 2360 Rabcmum,
1162 2324 1250 2355 sunt
1270 2319 1359 2356 solia
1377 2321 1555 2357 arborum
1579 2322 1666 2358 alba
1685 2326 1721 2358 ct

937 2369 1081 2410 tenera,
1105 2377 1187 2412 quae
1222 2367 1399 2403 manibus
1426 2369 1586 2404 contrita
1610 2380 1720 2415 sapo-

938 2424 1018 2449 rem
1053 2414 1193 2450 habent
1218 2414 1326 2461 quasi
1355 2415 1502 2461 mellis3
1532 2416 1721 2452 invenitur

939 2461 1051 2496 ctiam
1075 2461 1213 2498 ibidem
1236 2463 1309 2499 mel
1331 2473 1374 2498 ex
1395 2463 1615 2503 calamellis,
1636 2474 1718 2509 quae

939 2509 1145 2545 calamellae
1167 2512 1255 2545 sunt
1274 2509 1406 2546 calami
1423 2510 1523 2556 pleni
1539 2510 1662 2554 mello,
1683 2510 1717 2546 id

938 2559 1008 2600 est,
1034 2556 1080 2592 de
1108 2567 1218 2593 succo
1246 2557 1464 2593 dulcissimo
1494 2570 1504 2592 .·
1537 2561 1719 2593 vocantur

938 2603 1049 2639 etiam
1071 2603 1143 2640 alio
1172 2604 1323 2641 nomine
1344 2606 1596 2647 cannamelles,
1618 2605 1717 2649 quod

938 2661 1077 2687 nomen
1093 2662 1136 2687 ex
1157 2663 1273 2687 canna
1288 2655 1324 2688 et
1343 2653 1448 2687 melle
1465 2652 1717 2697 componitur,

939 2709 982 2734 co
1005 2699 1106 2745 quod
1124 2700 1256 2735 cannis
1283 2699 1359 2735 sive
1385 2698 1634 2735 arundinibus
1654 2699 1719 2734 hu-

935 2746 1103 2791 jusmodi
1124 2746 1257 2782 calami
1294 2749 1379 2782 sunt
1411 2746 1566 2781 similes.
1590 2747 1628 2780 ln
1650 2746 1721 2781 hoe

940 2793 1067 2839 itaque
1084 2794 1216 2830 beatus
1238 2795 1402 2830 ,Ioannes
1423 2797 1551 2839 aperto
1569 2793 1722 2829 demon-

945 2845 1053 2886 strat,
1065 2842 1166 2888 quod
1188 2851 1254 2888 pro
1271 2840 1387 2877 nihilo
1409 2840 1590 2877 mundum
1611 2841 1723 2878 istum
