1902 3126
647 181 696 214 DE
734 177 978 213 ΕΡῙΡΠΑΝΙΑ
1017 178 1192 212 DOMINI.
1702 184 1741 215 05

102 250 247 294 salutis,
279 249 341 296 qui
369 251 424 285 est
450 246 638 291 Christus;
675 249 714 283 et
755 246 877 299 ipsum

103 297 348 340 invenientes,
382 297 624 338 venerantur,
658 304 817 330 munera
844 304 877 330 ei

101 345 318 388 offerentes,
342 341 483 378 scilicet
507 351 640 377 aurum
668 341 876 385 charitatis,

101 395 138 428 et
158 393 244 428 thus
263 391 406 427 devotae
419 387 667 432 orationis,ac
685 389 877 435 myrrham

102 435 402 475 mortificationis
428 435 565 471 carnis.
589 435 728 472 Eodem
751 440 876 472 autem

98 485 160 522 die
199 495 282 521 cum
320 482 488 520 Christus
529 482 568 518 in
606 483 737 519 Judaea
779 487 879 520 esset

98 536 222 575 natus,
240 534 344 567 ortus
364 531 445 576 ejus
458 530 576 576 Magis
596 529 634 566 in
651 530 803 567 Oriente
821 534 878 566 est

97 578 301 616 nuntiatus.
327 577 512 614 Videbam
540 588 703 624 namque
729 577 877 614 stellam

96 636 246 670 novam,
262 624 299 661 in
322 635 395 672 qua
415 635 509 671 puer
526 625 746 671 apparebat,
763 636 878 672 supra

94 673 200 719 cujus
227 676 339 719 caput
375 682 462 708 crux
491 683 607 708 aurea
629 672 873 719 splendebat;

93 719 296 756 audierunt
317 730 447 756 vocem
477 719 546 755 sibi
577 720 765 756 dicentem
789 731 797 755 :
822 722 876 756 Ite

93 766 326 809 inJudaeam,
341 769 377 803 et
390 765 587 802 invenietis
603 766 652 803 ibi
669 770 798 803 natum
812 777 876 803 no-

94 824 179 850 vum
206 824 347 860 regem.
377 813 494 859 Igitur
515 813 553 849 in
572 814 743 850 Judaeam
770 814 875 850 sesti-

94 865 295 905 naverunt,
312 864 349 897 et
371 861 550 897 audacter
569 871 654 897 eam
676 860 875 906 intrantes,

93 907 184 955 Regi
202 908 286 944 coeli
308 912 397 944 nato
416 918 575 943 munera
595 908 826 945 obtulerunt.

143 959 184 991 16
208 956 352 991 Ficum:
391 957 585 991 MAGORUM.
628 974 670 981 —
706 954 750 990 Hi
784 966 874 1001 ergo

91 1005 170 1039 tres
190 1002 286 1048 Magi
307 1013 375 1049 per
402 1005 479 1038 tres
499 1002 674 1038 robustos
699 1002 875 1049 praefigu-

94 1050 163 1086 rati
182 1050 347 1093 suerunt,
363 1048 424 1095 qui
446 1049 524 1095 regi
547 1048 663 1085 David
677 1059 815 1095 aquam
830 1050 876 1086 de

91 1096 256 1134 cisterna
294 1097 514 1133 Bethlehem
541 1096 760 1133 attulerunt.
786 1099 876 1134 Tres

93 1143 154 1181 isti
198 1143 343 1181 robusti
383 1143 586 1180 exercitum
636 1143 875 1181 inimicorum

94 1202 169 1228 non
212 1191 406 1235 timentes,
447 1191 513 1227 sed
554 1190 713 1227 viriliter
751 1195 875 1228 castra

91 1249 224 1275 eorum
266 1242 523 1283 transeuntes,
560 1249 698 1285 aquam
737 1239 874 1276 hause-

92 1289 202 1330 runt;
229 1287 281 1322 sic
305 1290 381 1322 tres
405 1285 501 1332 Magi
522 1285 731 1332 potentiam
756 1288 873 1323 Hero-

92 1333 149 1369 dis
185 1344 262 1370 non
301 1333 562 1377 formidantes,
601 1333 667 1369 sed
693 1334 874 1370 audacter

90 1380 261 1417 Judaeam
289 1380 489 1425 intrantes,
512 1380 559 1416 de
589 1391 684 1416 novo
705 1391 794 1427 rege
816 1381 871 1417 in-

90 1431 390 1474 terrogaverunt.
419 1429 510 1464 Tres
537 1427 680 1463 robusti
702 1438 873 1473 perrexe-

91 1478 177 1511 runt
197 1475 236 1511 in
251 1475 471 1511 Bethlehem
488 1485 555 1521 pro
570 1485 668 1520 aqua
682 1475 869 1519 cisternae,

90 1531 203 1567 quam
218 1524 424 1558 hauserunt
440 1522 485 1558 de
501 1521 663 1557 cisterna
677 1523 845 1558 terrestri
860 1534 867 1567 ;

90 1571 166 1605 tres
186 1569 282 1616 Magi
307 1573 491 1605 venerunt
511 1568 548 1604 in
561 1569 781 1605 Bethlehem
800 1580 868 1615 pro

86 1626 185 1662 aqua
207 1616 338 1661 gratiae
360 1620 527 1660 aeternae,
549 1626 662 1662 quam
692 1627 867 1663 suscepe-

88 1666 173 1699 runt
199 1664 246 1700 de
269 1663 449 1709 pincerna
474 1663 631 1699 coelesti.
665 1663 868 1710 Figurabat

85 1720 176 1756 ergo
191 1710 256 1747 illa
267 1710 577 1747 Bethlehemitica
589 1710 753 1747 cisterna
767 1711 867 1758 quod

85 1757 123 1793 in
145 1758 364 1794 Bethlehem
398 1757 610 1794 nasciturus
640 1761 721 1794 erat
753 1759 866 1795 coele·

84 1804 151 1841 stis
172 1805 364 1851 pincerna,
390 1805 453 1851 qui
482 1805 702 1852 propinaret
727 1816 865 1852 aquam

83 1852 215 1899 gratiae
236 1852 338 1888 omni
367 1852 523 1896 sitienti,
545 1856 582 1889 et
601 1853 708 1889 daret
727 1864 865 1899 aquam

84 1899 168 1936 vitae
182 1910 258 1936 non
270 1899 437 1936 habenti.
450 1921 495 1926 —
508 1900 644 1946 Figura
655 1900 768 1946 hujus
781 1901 865 1937 novi

84 1946 184 1994 regis
206 1950 242 1983 et
262 1948 373 1993 hujus
404 1958 508 1983 novae
530 1947 748 1992 oblationis,
766 1959 863 1995 prae-

82 1997 294 2031 monstrata
307 1994 376 2030 suit
386 1994 424 2030 in
435 2005 552 2041 regno
565 1995 790 2031 Salomonis.
803 1997 866 2032 Sa-

82 2041 209 2078 lomon
235 2041 427 2078 residebat
453 2042 491 2077 in
517 2042 655 2078 throno
682 2042 728 2078 de
750 2043 864 2079 ebore

81 2088 366 2133 candidissimo,
390 2089 452 2135 qui
483 2089 639 2126 vestitus
663 2093 745 2126 crat
771 2101 862 2126 auro

81 2136 296 2182 purissimo.
313 2136 482 2173 Universi
493 2140 721 2183 regesterrae
735 2148 862 2184 regem

82 2184 322 2220 Salomonem
349 2184 475 2221 videre
509 2184 723 2231 cupiebant,
757 2190 795 2220 et
828 2185 861 2221 ei

82 2241 239 2268 munera
279 2231 553 2278 pretiosissima
591 2232 858 2278 apportabant.

81 2278 152 2315 Sed
171 2282 207 2315 et
228 2279 360 2324 regina
375 2280 472 2316 Saba
494 2279 585 2316 talia
602 2284 639 2316 et
657 2283 764 2315 tanta
775 2290 858 2316 mu-

80 2336 170 2362 nera
187 2326 221 2362 ei
242 2327 440 2371 offerebat,
459 2331 600 2373 quanta
621 2329 657 2363 et
675 2326 800 2372 qualia
821 2326 859 2363 in

77 2373 286 2410 Jerusalem
313 2374 393 2410 visa
428 2385 504 2410 non
537 2378 657 2411 erant.
686 2375 858 2410 Thronus

78 2430 166 2457 vero
193 2421 404 2458 Salomonis
431 2425 488 2458 est
507 2424 622 2458 Beata
646 2421 759 2467 Virgo
781 2423 858 2458 Ma-

79 2466 149 2512 ria,
171 2467 210 2504 in
235 2479 309 2514 quo
341 2468 531 2505 residebat
558 2471 667 2506 ,lesus
688 2468 858 2505 Christus

78 2525 167 2552 vera
187 2515 389 2562 sapientia3
414 2516 474 2552 hie
495 2517 654 2553 thronus
675 2516 794 2552 factus
811 2516 858 2553 de

80 2562 192 2599 ebore
232 2563 392 2600 candido
416 2567 454 2600 et
476 2574 567 2600 auro
607 2574 715 2610 puro.
759 2564 859 2600 Ebur

79 2614 233 2692 Bropter
251 2610 306 2648 sui
324 2612 526 2648 candorem
548 2615 585 2648 et
597 2611 856 2657 frigiditatem,

107 2662 253 2704 esignat
277 2658 472 2705 virginalis
496 2659 689 2695 munditiae
705 2658 856 2695 castita-

81 2706 170 2748 tem,
192 2705 258 2742 sed
278 2706 373 2742 ebur
399 2706 594 2753 antiquum
622 2706 659 2742 in
680 2706 858 2743 ruborem

80 2751 257 2788 vertitur:
277 2753 329 2789 sic
346 2753 457 2800 longa
472 2756 624 2791 castitas
639 2753 859 2800 martyrium

81 2803 287 2845 reputatur.
298 2802 438 2838 Aurum
453 2813 557 2847 vero,
574 2802 664 2849 quia
681 2801 718 2837 in
731 2801 859 2838 valore

959 246 1139 298 praeeellit
1168 257 1278 283 omne
1313 249 1522 295 metallum,
1550 251 1740 298 significat

958 294 1194 336 charitatem,
1223 304 1305 339 quae
1335 300 1387 331 est
1422 302 1541 334 mater
1569 300 1738 336 omnium

959 340 1151 376 virtutum.
1187 341 1303 377 Maria
1343 354 1432 389 ergo
1468 345 1603 382 dicitur
1632 348 1740 384 ebur-

959 398 1044 431 nea,
1070 391 1236 440 propten
1257 388 1475 434 virginalem
1503 394 1737 439 castitatem;

958 438 993 470 et
1025 446 1116 471 auro
1147 438 1293 479 vestita,
1323 441 1477 482 propter
1510 441 1739 485 perfectissi-

958 492 1058 518 mam
1079 481 1326 526 charitatem;
1354 487 1390 518 et
1414 484 1567 529 pulchre
1590 488 1740 534 virgini-

958 530 1024 565 tati
1054 528 1295 575 conjungitur
1324 530 1501 576 charitas,
1538 534 1624 579 quia
1660 536 1740 573 sine

958 577 1141 612 charitate
1162 587 1289 612 coram
1321 578 1397 613 Deo
1431 578 1523 614 nihil
1547 585 1741 626 reputatur

958 623 1166 670 virginitas.
1190 625 1364 660 Thronus
1392 625 1603 663 Salomonis
1627 640 1740 675 super

957 682 1020 707 sex
1035 672 1174 717 gradus
1189 675 1271 707 erat
1285 672 1480 717 exaltatus,
1492 677 1529 709 et
1544 675 1661 711 Maria
1679 687 1738 712 su·

957 718 1172 764 perexcellit
1201 720 1402 755 Beatorum
1431 730 1492 756 sex
1518 725 1653 766 status,
1672 723 1740 759 sci-

957 766 1043 802 licet
1068 777 1076 801 ε
1102 765 1422 811 Patriareharum,
1447 768 1737 815 Prophetarum,

956 813 1236 859 Apostolorum,
1277 815 1496 860 Martyrum,
1538 816 1737 854 Confesso-

957 871 1056 905 rum,
1084 863 1120 896 et
1156 859 1369 907 virginum.
1397 862 1603 899 Duodecim
1632 863 1738 901 lenu-

957 907 1029 943 culi
1054 917 1166 953 super
1187 918 1249 943 sex
1273 908 1412 954 gradus
1433 910 1612 946 thronum
1635 922 1739 947 exor-

959 955 1113 998 nabant,
1123 954 1211 1000 quia
1223 955 1421 991 duodecim
1431 957 1597 1002 Apostoli
1611 958 1738 995 Mariae

957 1004 1149 1048 tamquam
1172 1001 1326 1047 Regina}
1346 1003 1429 1038 coeli
1457 1003 1737 1051 ministrabant,

957 1048 1014 1084 vel
1032 1048 1120 1094 quia
1137 1048 1334 1085 duodecim
1357 1049 1584 1087 patriarchae
1606 1063 1738 1099 proge-

958 1096 1101 1132 nitores
1116 1095 1241 1132 Mariae
1263 1100 1382 1132 erant.
1407 1098 1610 1135 Summitas
1631 1101 1735 1136 thro-

958 1143 994 1179 ni
1012 1146 1093 1179 erat
1111 1143 1287 1188 rotunda,
1302 1143 1390 1190 quia
1411 1145 1529 1181 Maria
1551 1150 1632 1182 erat
1653 1146 1736 1184 sine

956 1190 1094 1236 angulo
1119 1190 1287 1227 sordium
1309 1195 1345 1227 et
1366 1195 1445 1228 tota
1469 1193 1620 1230 munda.
1645 1195 1735 1232 Duae

956 1249 1091 1274 manus
1133 1238 1250 1274 sedile
1286 1238 1373 1274 hine
1409 1239 1496 1276 inde
1537 1242 1733 1287 tenebant,

955 1285 1043 1331 quia
1064 1287 1176 1321 Pater
1195 1288 1232 1321 et
1253 1285 1412 1332 Spiritus
1436 1288 1594 1324 Sanctus
1615 1299 1637 1325 a
1657 1291 1735 1326 Ma-

955 1337 1010 1368 tre
1032 1332 1112 1369 Filii
1134 1343 1342 1378 numquam
1364 1335 1604 1373 recedebant.

1005 1396 1043 1426 ¹7
1067 1381 1248 1416 Mmonm
1278 1392 1463 1418 Rssvssnsio.
1490 1403 1536 1408 —
1566 1382 1735 1420 Tandem

954 1427 1051 1473 Magi
1095 1431 1313 1464 reverenter
1351 1438 1394 1464 ac
1434 1429 1567 1465 devote
1619 1430 1735 1476 pedes

955 1474 1064 1510 Pueri
1103 1474 1310 1511 deosculati
1348 1478 1463 1520 sunt,
1501 1480 1538 1512 et
1575 1477 1733 1514 adorato

954 1520 1128 1565 Domino,
1157 1522 1335 1567 omnique
1369 1523 1550 1568 obsequio
1579 1528 1733 1570 peraeto

951 1571 988 1603 et
1026 1568 1225 1604 devotione
1260 1568 1464 1615 completa,
1497 1580 1540 1606 ac
1578 1571 1735 1608 benedi-

950 1616 1074 1652 ctione
1111 1619 1277 1662 accepta,
1302 1615 1528 1653 inclinantes
1562 1628 1617 1662 se,
1648 1629 1734 1655 cum

950 1673 1088 1709 magno
1105 1663 1259 1709 gaudio,
1281 1668 1533 1700 recesserunt.
1556 1665 1625 1709 Qui
1647 1677 1732 1703 cum

949 1711 995 1746 de
1024 1711 1148 1747 reditu
1181 1710 1469 1756 deliberassent,
1507 1723 1731 1758 responsum

949 1761 1176 1804 acceperunt
1204 1758 1244 1794 in
1277 1760 1422 1795 somnis
1457 1770 1526 1806 per
1560 1760 1730 1798 divinam

948 1805 1234 1849 revelationem,
1262 1816 1309 1842 ne
1339 1807 1386 1842 ad
1423 1807 1609 1843 Herodem
1647 1808 1731 1845 red-

947 1852 1173 1899 irent‚quia‚
1190 1853 1340 1900 cognita
1359 1854 1532 1898 veritate,
1545 1866 1620 1891 non
1641 1855 1730 1892 licet

947 1900 1119 1936 retroire.
1142 1902 1213 1937 Per
1233 1901 1303 1937 hoc
1330 1900 1444 1938 etiam
1466 1902 1729 1948 admonemur,

947 1947 1048 1993 quod
1070 1959 1154 1984 cum
1181 1948 1292 1984 malls
1321 1948 1540 1985 hominibus
1567 1950 1728 1986 societa-

947 1999 1023 2031 tem
1061 1995 1227 2041 aliquam
1265 2005 1340 2032 non
1370 1997 1653 2042 contrahamus,
1692 2002 1730 2034 et

945 2042 1119 2089 cognitos
1153 2053 1303 2079 errores
1339 2043 1508 2079 vitemus.
1539 2044 1644 2081 Unde
1677 2044 1728 2081 ait

944 2091 1079 2126 Seneca
1101 2103 1110 2125 :
1134 2103 1152 2123 «
1174 2091 1254 2125 Non
1281 2093 1338 2126 est
1365 2091 1496 2127 levitas
1523 2101 1546 2127 a
1573 2091 1726 2138 cognito

945 2147 1076 2173 errore
1097 2136 1305 2181 discedere,
1335 2149 1411 2174 non
1433 2142 1487 2174 est
1509 2142 1618 2185 turpe
1640 2150 1726 2176 cum

946 2195 985 2220 re
1007 2187 1153 2221 mutare
1174 2185 1390 2221 consilium.
1413 2199 1429 2219 »
1451 2185 1543 2229 Quia
1561 2197 1651 2233 ergo
1674 2186 1728 2223 in-

943 2234 1003 2268 tus
1036 2231 1074 2268 in
1111 2232 1340 2268 conscientia
1380 2234 1602 2280 quaerebant
1635 2233 1725 2280 quid

944 2279 1056 2315 vellet
1081 2279 1208 2316 divina
1234 2279 1408 2317 voluntas
1435 2280 1480 2316 de
1507 2281 1726 2318 reversione

943 2326 990 2362 ad
1012 2327 1214 2373 Herodem,
1246 2326 1342 2364 sieut
1365 2327 1467 2364 enim
1493 2329 1640 2375 Moyses
1667 2332 1724 2365 ta-

942 2384 1031 2410 cens
1070 2374 1271 2420 clamabat‚
1305 2375 1359 2411 sie
1394 2375 1455 2411 isti
1491 2375 1553 2422 pio
1586 2376 1724 2412 affectu

941 2420 1228 2468 interrogabant
1261 2422 1351 2468 quid
1389 2422 1518 2459 divina
1551 2423 1726 2460 voluntas

937 2469 1106 2515 juberet;
1132 2469 1217 2506 ideo
1244 2469 1310 2506 Dei
1332 2473 1551 2512 meruerunt
1571 2481 1726 2517 respon-

941 2515 1101 2561 sionem,
1123 2517 1265 2554 scilicet
1288 2517 1490 2561 internam,
1514 2519 1569 2554 vel
1590 2517 1723 2564 Angeli

942 2563 1152 2601 ministerio
1188 2565 1337 2601 factam.
1374 2567 1418 2601 Et
1456 2565 1523 2608 sic,
1551 2575 1723 2610 responso

940 2615 1084 2658 accepto
1107 2614 1146 2648 in
1161 2615 1296 2648 somnis
1312 2623 1356 2648 ne
1371 2613 1531 2648 redirent
1548 2613 1597 2647 ad
1614 2614 1724 2648 Hero-

941 2659 1021 2694 dem
1048 2659 1324 2697 descenderunt
1358 2661 1404 2696 ad
1442 2670 1558 2704 mare,
1587 2665 1624 2695 et
1655 2669 1723 2705 per

941 2717 1075 2743 navem
1120 2707 1410 2744 transtretantes
1430 2735 1439 2752 ,
1482 2707 1521 2742 in
1569 2705 1723 2743 Tharsis

941 2753 1078 2791 Ciliciae
1111 2754 1297 2797 abierunt,
1337 2757 1463 2800 sicque
1502 2765 1568 2800 per
1606 2755 1721 2790 aliam

941 2803 1039 2838 viam
1056 2804 1192 2838 reversi
1210 2806 1294 2839 sunt
1317 2805 1355 2838 in
1382 2803 1561 2845 reqionem
1581 2811 1685 2838 suam
1708 2813 1719 2836 :
