1876 3126
522 118 749 152 SERMONIS
789 118 830 151 lx
866 118 1012 152 MONTE
1051 119 1364 156 CONT1NUAT10.
1706 124 1765 158 3¹9

122 189 226 226 hibet.
265 189 444 234 cogitare.
475 187 620 225 Sufficit
657 188 757 224 euim
793 188 899 223 nobis

64 271 72 276 ,
117 236 312 284 praesentis
340 235 520 282 temporis
540 234 735 280 cognatim
761 236 896 279 sutura,

117 294 200 329 quae
226 283 369 319 incerta
403 286 502 326 sunt,
529 281 784 326 relinquamus
807 283 896 317 Deo.

117 330 183 367 Ubi
220 333 348 367 Petrus
373 332 505 366 Cantor
531 341 540 363 :
571 341 588 361 «
618 330 736 374 Supra
768 328 897 374 prohi-

121 377 199 414 buit
220 376 512 414 sollicim‹;lincn1
532 374 703 410 vitiosam
735 375 780 411 de
803 386 897 421 prse-

116 424 302 467 sentibus,
320 434 402 469 quae
431 422 572 458 scilicet
594 426 676 457 suut
702 421 814 458 unius
831 433 896 458 an-

114 471 170 507 ni:
204 470 318 507 semel
362 469 462 506 enim
510 469 546 504 iu
582 479 680 504 anno
721 469 895 513 serimus,

115 517 303 560 metimus,
326 520 361 552 et
380 516 606 561 colligimus,
628 516 727 552 unde
750 520 785 553 et
805 528 897 563 prte-

112 563 235 601 sentia
278 563 383 610 quasi
428 563 624 607 diruatur,
671 563 730 599 hic
770 568 896 600 antem

112 611 286 657 prohibet
324 610 615 647 sollicitudinem
657 610 702 647 de
746 611 894 655 suturis,

111 661 152 695 ut
172 658 218 694 de
243 657 300 694 his
329 668 411 703 qua}
440 661 523 703 post
549 669 690 693 annum
725 658 893 694 veniunt.

111 707 161 749 De
182 705 364 752 his-enim
385 716 468 751 qua.»
491 710 666 751 procurat
687 705 814 741 divina
832 716 892 741 or-

107 752 265 796 dinatio,
295 763 369 788 non
410 752 587 787 convenit
625 752 834 788 sollicitari.
858 752 894 789 Si

109 809 199 846 ergo
235 799 475 845 providentia
516 805 579 835 tua
615 800 713 835 ultra
752 810 892 835 aunum

110 847 336 890 extenditur,
365 847 443 891 Jam
480 845 516 881 in
555 846 728 882 vitiosam
760 846 894 882 sollici-

108 893 276 930 tudinem
311 893 499 936 vertitur;
537 897 577 929 ut
612 893 760 929 abbatis
782 922 790 937 ,
831 894 894 939 qui

109 951 225 987 usque
258 941 294 976 in
324 940 476 976 tertium
507 950 650 975 aunum
688 941 894 976 reservavit

110 998 312 1024 annonam.
337 987 556 1032 Cujusmodi
578 986 752 1023 homines
782 988 893 1023 modo

108 1038 330 1081 reputamus
352 1034 556 1079 sapientes,
575 1044 658 1069 cum
680 1037 807 1069 tamen
829 1045 892 1070 ve-

107 1081 212 1118 niant
233 1084 363 1117 contra
381 1080 527 1116 Domini
555 1080 800 1126 prohibitum,
830 1081 891 1127 qui

107 1128 281 1164 concedit
305 1131 450 1164 tantum
478 1138 605 1163 curam
632 1128 889 1173 praesentium.

105 1175 214 1212 Tales
247 1175 359 1212 etiam
387 1175 433 1210 de
461 1176 536 1211 Deo
564 1174 755 1223 diffidunt,
781 1178 817 1210 et
844 1176 890 1211 ob

105 1222 178 1259 hoc
204 1221 407 1259 miserrimi
438 1225 524 1257 sunt
559 1235 569 1256 .·
601 1236 619 1254 »
652 1223 732 1258 haee
762 1224 890 1258 Petrus

105 1270 251 1307 Cantor.
266 1270 371 1306 Unde
381 1272 416 1305 et
431 1270 705 1314 Chrysostomus
721 1282 731 1304 .·
747 1284 765 1302 «
785 1270 889 1313 Quod

105 1320 234 1354 autem
255 1316 395 1353 dictum
416 1320 470 1352 est
493 1328 500 1351 :
521 1316 633 1352 nolite
655 1316 822 1362 cogitare
844 1317 889 1353 de

107 1364 288 1408 crastino,
303 1363 379 1400 scio
394 1374 462 1410 ego
480 1374 548 1399 nec
562 1364 693 1400 audire
710 1363 887 1410 aliquem,

106 1422 176 1448 nec
197 1411 353 1448 omnino
381 1421 546 1447 servare.
569 1411 663 1447 Cum
698 1411 799 1447 enim
821 1422 887 1448 ne-

106 1469 179 1506 que
216 1469 326 1495 orare
364 1468 432 1504 pro
473 1457 532 1494 his
567 1459 782 1505 jubeamur,
819 1469 888 1494 nos

104 1516 216 1543 omne
237 1505 404 1542 studium
423 1506 607 1551 erga'haee
627 1506 885 1551 expendimus,

106 1556 143 1589 et
173 1553 219 1590 de
244 1553 303 1589 his
328 1552 486 1598 singulis
516 1552 717 1600 cogitando
753 1564 886 1589 consu-

105 1601 256 1637 mimur.
278 1600 350 1637 Sed
375 1603 556 1649 quantam
579 1600 617 1635 iu
650 1601 708 1636 his
735 1610 817 1646 quse
839 1600 887 1636 ad

105 1658 242 1694 corpus
263 1650 351 1684 sunt
377 1657 506 1683 curam
532 1647 780 1692 ostendimus,
803 1652 885 1683 tan-

103 1698 182 1731 tam
208 1694 247 1730 in
276 1693 534 1740 spiritualibus
564 1695 749 1730 habemus
780 1694 885 1730 incu-

103 1741 213 1786 riam,
241 1741 317 1777 imo
344 1741 454 1786 longe
481 1740 594 1777 etiam
621 1742 803 1788 majorem
833 1753 841 1778 :
866 1755 883 1775 »

103 1790 185 1825 haec
222 1789 507 1834 chrysostomus.
533 1789 615 1825 Non
650 1789 728 1825 vult
758 1793 884 1825 autem

103 1835 286 1873 Dominus
321 1835 368 1872 de
392 1835 516 1872 futuro
542 1846 612 1872 nos
641 1846 724 1872 esse
751 1836 885 1873 sollici-

103 1887 176 1927 tos,
203 1886 396 1929 tamquam
434 1882 526 1918 certi
564 1883 610 1919 de
646 1883 772 1920 futura
809 1883 885 1920 vita

102 1930 233 1974 simus,
257 1930 345 1976 quia
367 1940 490 1976 neque
517 1930 563 1966 de
589 1930 766 1975 praesenti
791 1931 881 1966 certi

103 1981 140 2014 et
177 1977 301 2013 securi
336 1987 479 2013 sumus.
516 1977 621 2013 Unde
654 1978 879 2014 Anselmus:

105 2039 124 2057 «
146 2026 241 2061 Puta
260 2027 298 2060 te
323 2024 489 2070 quotidie
516 2024 756 2069 moriturum,
780 2028 817 2060 et
837 2025 884 2061 de

104 2071 269 2108 crastino
291 2082 367 2107 non
389 2071 586 2117 cogitabis.
611 2072 752 2108 »Unde
770 2076 807 2108 et
823 2073 884 2109 Se-

102 2130 190 2155 neca
211 2132 221 2154 :
245 2134 263 2152 «
288 2118 417 2155 Omnis
441 2119 520 2155 dies
547 2118 642 2155 sicut
673 2119 804 2155 ultima
825 2122 881 2155 est

102 2165 325 2203 ordinanda.
352 2179 368 2199 »
389 2166 534 2202 Sufficit
551 2177 640 2212 ergo
659 2166 768 2203 nobis
785 2177 881 2212 prze-

100 2213 218 2251 sentis
243 2213 421 2259 cogitatio
443 2214 645 2260 temporis;
668 2214 882 2250 futurorum

101 2271 244 2305 euram,
271 2271 356 2307 quae
400 2260 545 2297 incerta
581 2264 651 2305 est,
689 2260 881 2307 relinqua-

100 2318 198 2345 mus.
216 2309 408 2345 Crastinus
422 2311 516 2344 enim
531 2309 608 2344 dies
619 2310 800 2345 sollicitus
813 2311 882 2344 eric

100 2355 263 2402 sibiipsi,
287 2355 324 2391 id
344 2358 401 2392 est
424 2355 503 2402 ipse
523 2356 634 2392 affert
660 2355 880 2392 sollicitudi-

102 2412 191 2439 nem
211 2412 319 2438 suam
346 2413 486 2446 secum,
516 2402 606 2449 quia
640 2406 789 2449 tempus
823 2403 882 2439 fu-

102 2452 231 2486 turum
259 2449 412 2486 habebit
436 2450 726 2486 sollicitudinem
753 2460 881 2495 suam,

103 2496 174 2534 sibi
201 2507 406 2544 congruam
429 2501 465 2534 et
492 2497 671 2542 debitam,
694 2497 791 2534 sicut
816 2508 881 2545 pa-

101 2546 157 2581 tet
179 2543 280 2591 quod
307 2554 349 2580 ex
380 2545 586 2582 variatione
611 2544 790 2591 temporis
824 2555 884 2581 oc-

103 2594 261 2628 currunt
285 2591 386 2628 varia
411 2592 548 2638 fienda,
577 2592 623 2628 de
650 2592 784 2638 quibus
806 2592 882 2629 sus-

102 2638 183 2675 ficit
207 2641 296 2675 tune
317 2638 509 2675 sollicitari
537 2649 621 2676 cum
649 2639 792 2676 venerit
824 2650 884 2676 eo-

102 2695 189 2723 rum
209 2685 317 2722 hora.
341 2688 392 2722 Ae
419 2686 449 2722 si
471 2687 570 2723 dicat
593 2698 600 2723 :
625 2687 716 2723 Cum
738 2687 884 2724 futurus

103 2732 184 2770 dies
211 2734 420 2780 advenerit,
441 2734 486 2771 de
518 2734 599 2781 ipso
627 2734 822 2782 curabitis,
846 2738 884 2772 et

978 199 1051 223 nnn
1074 193 1185 229 ante:
1207 190 1299 226 sieut
1322 190 1421 228 euim
1444 192 1666 230 hodiernam
1686 194 1761 230 sol-

978 235 1211 272 li‹·itu‹liuem
1253 249 1324 273 uon
1369 238 1572 283 interdico,
1610 241 1660 277 ita
1694 252 1763 278 nec

977 282 1196 326 crastinam,
1225 289 1421 331 postquam
1457 287 1643 323 crastinus
1679 288 1762 325 dies

976 329 1187 380 advenerit.
1216 333 1252 366 1-21
1275 334 1480 369 seeundum
1505 335 1573 370 lior
1603 336 1637 371 in
1662 347 1760 382 prze-

976 375 1098 418 (lu-tls,
1123 377 1191 411 lior
1215 389 1349 414 uomeu
1373 381 1555 417 sullirilus
1577 382 1667 418 divit
1693 394 1763 419 an-

974 422 1151 458 xietatem
1182 425 1365 469 avaritae,
1401 438 1482 472 qtae
1520 440 1671 475 semper
1706 434 1764 466 est

974 469 1151 516 fugi-enda
1172 482 1178 505 :
1199 471 1256 506 liie
1278 473 1548 511 ‹tisri-viimam
1567 477 1764 522 providen-

973 516 1049 559 tiae,
1069 528 1151 562 qua}
1186 519 1230 552 ‹le
1262 522 1510 564 prwseutibus
1536 534 1609 558 non
1633 524 1679 559 ‹le
1707 525 1761 560 su-

972 563 1066 599 turis
1085 568 1141 599 est
1164 565 1348 601 habenda.
1369 567 1422 603 Sit
1441 580 1530 613 ergo
1554 571 1762 608 hodiernus

972 610 1052 646 dies
1081 611 1127 646 de
1149 622 1187 647 se
1210 612 1391 649 sollicitus
1420 618 1694 661 tantummodo,
1722 622 1759 654 et

973 668 1050 693 non
1078 658 1124 693 de
1162 658 1236 694 alio
1261 671 1268 694 :
1290 661 1438 705 Sufficit
1463 662 1562 698 enim
1590 665 1665 698 diez·
1684 675 1759 700 ma-

972 706 1055 740 litia
1071 716 1152 745 suu,
1176 706 1211 741 id
1229 710 1284 741 est
1300 707 1454 744 cuilibet
1473 710 1630 755 tempori
1651 712 1757 747 labor

971 756 1007 787 et
1047 752 1230 797 fatigatio,
1253 754 1448 791 calamitas
1487 759 1521 791 et
1563 758 1754 802 contritio,

971 799 1079 834 dolor
1099 805 1135 835 et
1155 800 1321 845 tristitia,
1338 802 1492 837 al'llictio
1511 806 1547 838 et
1563 804 1753 849 augustia,

971 846 1182 883 sollicitudo
1215 851 1372 884 etsura.
1399 850 1501 885 Unde
1531 851 1673 887 malitia
1696 851 1754 888 hic

971 893 1119 937 tueatur,
1142 906 1214 929 non
1240 896 1382 932 malum
1415 897 1533 943 culpae
1555 898 1655 943 quod
1677 898 1754 943 agi-

970 951 1066 984 mus,
1095 942 1159 977 sed
1201 943 1338 978 malum
1364 954 1484 988 pseuze
1522 945 1621 990 quod
1655 945 1752 991 pati-

971 998 1074 1022 mur:
1100 988 1137 1023 in
1173 992 1271 1024 statu
1307 990 1405 1025 enim
1429 990 1654 1027 innorentiae
1676 1003 1755 1029 non

968 1033 1193 1078 indiguisset
1235 1037 1348 1071 homo
1381 1037 1441 1072 tali
1483 1038 1752 1075 sollicitudine.

967 1082 1018 1115 Ac
1035 1082 1063 1116 si
1086 1082 1204 1117 dieat:
1226 1084 1305 1118 Non
1327 1086 1589 1130 oportetquod
1607 1086 1755 1122 laboret

967 1128 1154 1173 cogitatus
1185 1129 1232 1164 ad
1265 1131 1482 1166 habendum
1507 1131 1591 1168 vitze
1628 1144 1756 1169 neces-

967 1175 1079 1218 saria,
1118 1175 1295 1221 diemque
1321 1178 1541 1223 pi‘aeverliat,
1581 1179 1669 1225 quia
1707 1180 1755 1216 ad

967 1222 1037 1257 hoe
1069 1223 1207 1258 suflicit
1232 1223 1408 1270 diesque
1441 1227 1656 1263 neccssaria
1688 1237 1751 1263 su-

967 1280 1069 1305 mere
1115 1274 1285 1316 oporteat
1305 1283 1312 1314 ;
1350 1282 1433 1307 cum
1468 1273 1568 1309 enim
1606 1284 1674 1320 pro
1712 1285 1753 1311 se

966 1327 1071 1352 suam
1087 1318 1223 1353 liabrat
1239 1318 1544 1363 sollicitudiuem,
1558 1331 1630 1356 non
1643 1332 1753 1367 opor-

965 1367 1013 1399 tet
1043 1364 1183 1400 addere
1206 1365 1331 1400 aliam.
1359 1368 1431 1402 Cur
1452 1378 1542 1413 ergo
1564 1368 1750 1405 malitiam

965 1411 1132 1455 malitiae,
1157 1412 1325 1448 laborem
1348 1413 1482 1457 labori,
1499 1425 1628 1451 curam
1650 1426 1750 1452 curae

964 1459 1220 1504 superaddere
1253 1460 1373 1495 velis?
1406 1462 1488 1496 Non
1520 1461 1647 1508 itaque
1677 1473 1746 1510 pro

964 1506 1198 1551 malignitate
1230 1507 1384 1552 ponitur
1413 1507 1473 1543 hic
1501 1509 1657 1553 malitia,
1681 1510 1748 1546 sed

962 1563 1028 1599 pro
1054 1554 1183 1589 labore
1217 1557 1253 1589 et
1285 1554 1450 1590 miserIa.
1482 1555 1541 1592 Sic
1565 1556 1665 1592 enim
1689 1557 1746 1593 di-

962 1610 1046 1636 cere
1062 1600 1226 1636 solemus
1245 1612 1251 1635 :
1271 1601 1389 1637 multa
1405 1602 1503 1638 mala
1518 1603 1629 1639 hodie
1646 1604 1750 1649 passi

962 1657 1106 1691 sumus,
1129 1648 1280 1693 quando
1309 1648 1435 1694 aliquo
1459 1660 1596 1695 magno
1618 1651 1749 1688 labore

961 1694 1018 1729 vel
1042 1694 1194 1731 miseria
1222 1694 1436 1740 fatigamur.
1468 1697 1572 1733 Unde
1595 1698 1748 1743 Chryso-

959 1745 1100 1782 stomus„
1136 1754 1146 1776 :
1187 1757 1204 1772 «
1242 1742 1424 1779 Malitiam
1465 1754 1554 1780 vero
1593 1744 1653 1780 hic
1675 1756 1747 1781 non

961 1788 1235 1834 malignitatem
1255 1793 1377 1833 vocat,
1402 1790 1467 1826 sed
1499 1791 1692 1828 miseriam
1711 1796 1750 1828 et

960 1836 1142 1872 loborem.
1168 1836 1268 1873 Sicut
1295 1837 1412 1881 enim,
1438 1848 1522 1874 cum
1549 1839 1639 1875 alibi
1661 1839 1752 1876 dicit

960 1882 1176 1929 Scriptura:
1197 1885 1240 1921 Si
1260 1886 1329 1919 crit
1361 1886 1498 1920 malum
1531 1888 1571 1921 in
1601 1889 1752 1922 civitate

959 1941 1069 1975 quum
1099 1933 1273 1966 Dominus
1296 1942 1367 1966 non
1389 1933 1492 1975 fecit,
1521 1943 1596 1968 non
1624 1933 1747 1969 avari-

959 1977 1049 2012 tiam
1089 1977 1290 2023 significat,
1335 1988 1379 2014 ac
1415 1978 1582 2024 rapinas,
1622 1990 1748 2027 neque

958 2023 1088 2060 talium
1110 2024 1318 2070 quidquam
1344 2024 1449 2061 aliud
1469 2026 1654 2071 omnin03
1679 2027 1747 2064 sed

957 2082 1021 2107 eas
1044 2073 1210 2117 protecto
1233 2072 1377 2118 plagas,
1392 2083 1476 2118 quae
1493 2073 1671 2110 divinitus
1687 2074 1744 2111 in-

957 2118 1141 2162 seruntur,
1164 2119 1210 2154 de
1237 2119 1374 2164 quibus
1395 2130 1545 2156 rursum
1579 2121 1746 2167 loquitur

958 2176 1024 2211 per
1055 2165 1189 2201 lsaiam
1222 2167 1449 2212 Prophetam
1481 2179 1489 2203 ε
1514 2170 1591 2213 Εῃο
1614 2171 1741 2205 Domi-

958 2224 1073 2249 nus...
1089 2215 1234 2257 faciens
1248 2225 1388 2259 pacem.
1407 2219 1440 2250 et
1454 2226 1580 2252 creans
1593 2218 1743 2253 malum.

957 2261 1084 2306 Neque
1102 2260 1203 2296 enim
1221 2261 1282 2297 hie
1299 2261 1482 2298 malitiam
1499 2262 1619 2300 voluit
1637 2263 1746 2301 intel-

957 2307 1044 2354 ligi;
1071 2308 1137 2344 sed
1156 2308 1391 2354 pestilentias
1423 2309 1591 2355 profecto
1618 2314 1655 2347 et
1686 2311 1745 2348 sa-

958 2365 1050 2400 mes,
1074 2358 1272 2403 ceteraque
1289 2356 1521 2403 hujusmodi,
1541 2368 1626 2404 quae
1647 2358 1748 2395 mala.

957 2413 1041 2439 esse
1061 2406 1243 2449 putantur
1260 2413 1283 2439 a
1302 2403 1474 2450 plurimis
1490 2416 1498 2448 ;
1515 2406 1567 2440 ita
1583 2404 1644 2441 hic
1658 2415 1749 2450 quo-

957 2460 1029 2496 que
1051 2450 1233 2487 malitiam
1258 2461 1326 2497 pro
1364 2451 1569 2488 afflictione
1602 2451 1743 2498 posuit,

957 2497 1086 2534 dicens
1126 2509 1134 2533 :
1169 2499 1318 2544 Sufficit
1361 2499 1436 2534 diei
1474 2500 1622 2535 malitia
1659 2509 1742 2535 sua.

957 2544 1053 2581 Nihil
1075 2544 1175 2582 enim
1189 2545 1241 2582 ita
1260 2546 1431 2582 dolorem
1454 2544 1567 2582 insert
1587 2545 1742 2592 animae,

957 2595 996 2629 ut
1015 2592 1227 2629 sollicitudo
1249 2598 1286 2629 et
1302 2603 1419 2629 cura:
1444 2606 1461 2626 »
1483 2594 1564 2629 haze
1583 2594 1738 2640 Chryso-

956 2643 1105 2676 stomus.
1148 2642 1276 2686 Itaque
1303 2651 1378 2676 non
1415 2640 1521 2677 labor
1547 2643 1584 2676 et
1615 2640 1742 2687 provi-

956 2687 1085 2724 dentia
1111 2688 1325 2731 damnatur,
1352 2687 1417 2723 sed
1445 2691 1609 2724 mentem
1640 2697 1738 2734 prae-

956 2735 1085 2772 secans
1108 2746 1209 2773 cura.
1232 2736 1275 2771 Et
1300 2734 1400 2780 ideo,
1424 2738 1463 2772 ut
1490 2734 1580 2772 dicit
1605 2735 1736 2780 Aaou·
