1902 3126
179 172 236 206 186
677 171 821 205 PRIMAE
859 171 1015 206 PARTIS
1054 171 1190 204 CAPUT
1226 169 1311 204 XXI

177 243 334 288 propter
353 238 600 285 indigentiam
619 239 708 275 doni
724 239 881 286 Spiritus
900 242 960 277 ba-

177 288 341 335 ptizatus
380 289 447 322 est.
484 285 678 322 Judaicum
710 287 860 332 quidem
897 289 959 324 ba-

175 333 317 381 ptisma
343 333 515 368 aboletur
536 343 578 368 ac
608 333 757 379 desinit,
788 338 958 370 nostrum

176 391 267 417 vero
288 379 626 424 sumitexordium3
646 381 819 427 quodque
836 383 872 417 in
888 383 956 417 Pa-

176 428 276 463 schae
302 426 509 463 mutatione
535 426 672 462 factum
704 432 773 471 est,
795 427 957 474 idipsum

177 473 340 510 efficitur
384 473 496 509 etiam
543 473 783 510 innovatione
831 475 955 520 Bapti-

177 519 322 557 smatis.
343 521 435 556 Nam
457 524 493 555 et
511 520 653 557 Pascha
671 521 851 556 Dominus
873 531 957 556 cum

178 570 384 612 utrumque
423 567 681 611 celebraverit,
718 567 769 603 illi
805 567 957 613 quidem

176 613 382 650 terminum
415 613 551 660 posuit,
585 614 673 649 huic
704 625 792 650 vero
815 614 955 659 princi-

177 660 296 708 pium.
332 662 397 696 Hic
420 671 508 706 ergo
535 665 732 706 postquam
757 661 955 697 Judaicum

179 707 351 754 implevit
364 707 564 753 baptisma,
578 708 754 743 continuo
773 710 808 742 et
819 708 955 752 januas

178 753 355 790 Ecclesiae
377 754 570 789 reseravit.
595 754 695 790 Sicut
712 765 800 799 ergo
823 754 858 789 in
881 764 956 789 una

177 804 269 837 tunc
285 811 428 844 mensa,
451 800 503 835 ita
523 800 560 835 in
581 811 654 836 uno
668 811 767 835 nunc
784 799 952 844 flumine,

177 851 215 884 et
234 847 376 892 recepit
396 848 582 890 umhram,
605 850 642 882 et
661 846 804 882 abdidit
823 846 956 882 verita-

176 898 269 930 tem.
297 893 420 929 Sancti
454 893 553 928 enim
586 892 744 938 Spiritus
770 892 892 937 gratia
917 893 955 928 in

177 940 313 977 Christi
335 939 563 985 Baptismate
584 943 657 982 est;
679 940 837 975 Joannis
865 950 953 975 vero

176 986 364 1033 baptisma
377 988 443 1020 hac
457 985 660 1021 donatione
684 985 864 1031 privatur.
879 1000 896 1018 »
911 988 955 1021 Et

175 1033 314 1069 iterum
338 1044 345 1067 z
373 1046 385 1063 «
412 1032 505 1074 Quia
536 1042 625 1077 ergo
652 1043 790 1067 novum
827 1032 953 1078 Bapti-

178 1090 261 1116 sma
279 1079 434 1114 daturus
455 1081 535 1113 erat
561 1079 609 1114 ad
632 1079 784 1114 humani
803 1079 953 1124 generis

176 1126 336 1162 salutem
349 1129 384 1160 et
399 1124 658 1161 remissionem
673 1126 828 1172 peccati,
850 1126 954 1171 prior

174 1173 257 1219 ipse
284 1171 465 1217 baptizari
495 1171 671 1217 dignatus
703 1177 771 1218 est,
806 1184 882 1208 non
915 1176 954 1208 ut

204 1222 330 1255 eccata
350 1219 570 1264 deponeret,
593 1219 655 1264 qui
676 1222 869 1265 peccatum
892 1230 953 1255 so—

191 1277 235 1303 us
255 1277 331 1301 non
358 1266 509 1307 fecerat,
533 1266 598 1301 sed
630 1270 671 1302 ut
690 1277 806 1311 aquas
827 1266 952 1312 Bapti-

176 1313 250 1349 smi
277 1313 378 1348 solus
405 1312 670 1357 sanctificaret,
699 1314 746 1349 ad
775 1313 953 1349 diluenda

175 1363 333 1406 peccata
353 1359 597 1396 credentium.
620 1361 829 1405 Numquam
851 1360 952 1396 enim

177 1417 287 1452 aquae
310 1406 488 1451 Baptismi
509 1417 671 1452 purgare
696 1411 850 1453 peccata
872 1417 952 1442 cre-

174 1453 343 1490 dentium
364 1454 586 1499 potuissent,
610 1453 681 1489 nisi
702 1458 803 1489 tactu
824 1453 951 1490 Domi-

175 1500 252 1536 nici
292 1500 460 1546 corporis
499 1500 740 1536 sanctificatae
779 1501 950 1536 fuissent.

173 1547 240 1583 Ille
259 1557 348 1593 ergo
376 1546 583 1592 baptizatus
605 1551 673 1591 est,
696 1551 736 1583 ut
759 1558 827 1583 nos
849 1548 951 1583 lava-

172 1603 303 1629 remur
347 1604 368 1629 a
408 1593 583 1638 peccatis.
627 1594 691 1629 Ille
728 1593 864 1629 tinctus
898 1597 952 1629 est

173 1650 286 1686 aqua,
306 1644 345 1674 ut
370 1650 439 1674 nos
474 1650 495 1675 a
523 1640 746 1676 delictorum
779 1640 951 1676 sordibus

171 1697 434 1733 purgaremur.
457 1686 524 1722 Ille
544 1687 732 1723 lavacrum
753 1698 951 1733 regenera-

171 1733 288 1769 tionis
310 1733 466 1779 accepit,
489 1738 527 1768 ut
542 1744 610 1769 nos
631 1745 674 1769 ex
694 1744 791 1779 aqua
817 1738 852 1770 et
874 1735 952 1779 Spi-

172 1780 250 1816 ritu
270 1781 405 1816 Sancto
422 1790 717 1816 renasceremur.
736 1781 948 1827 Baptismus

173 1837 264 1872 ergo
292 1826 427 1863 Christi
458 1827 601 1862 ablutio
635 1831 689 1863 est
711 1832 949 1873 peccatorum

172 1877 406 1916 nostrorum,
429 1878 465 1908 et
485 1874 678 1910 renovatio
701 1876 785 1910 vitae
810 1875 947 1910 saluta-

169 1919 237 1956 ris.
280 1921 350 1955 Per
388 1920 620 1966 Baptismum
657 1921 756 1956 enim
795 1926 947 1967 peccato

168 1966 366 2010 morimur,
406 1967 471 2002 sed
510 1968 656 2003 Christo
693 1968 944 2011 convivimus;

171 2013 259 2049 vitae
275 2013 441 2065 prist-inae
459 2014 672 2060 sepelimur,
690 2015 755 2050 sed
774 2025 881 2050 novae
898 2016 949 2049 vi-

168 2064 218 2096 tae
229 2071 460 2105 resurgimus
473 2072 481 2104 ;
495 2061 628 2096 vetusti
641 2062 804 2096 hominis
820 2072 947 2096 errore

169 2107 352 2149 exuimur,
378 2108 443 2142 sed
464 2107 549 2142 novi
570 2107 734 2143 hominis
753 2107 948 2143 indumen-

167 2156 208 2190 ta
234 2153 456 2198 suscipimus
484 2169 491 2189 :
519 2168 537 2186 »
558 2156 638 2190 haec
660 2156 944 2199 chrysostomus.

221 2214 262 2235 io
280 2200 354 2235 Cun
373 2201 547 2236 Cunisrus
567 2213 604 2236 m
624 2213 721 2241 AQuA
741 2213 782 2236 ET
803 2213 840 2237 lN
858 2204 945 2237 Jon-

169 2257 263 2282 DANE
280 2257 463 2281 BAPTIZARI
488 2249 688 2283 vomatur?
709 2269 754 2274 ——
774 2249 946 2295 Congrue

168 2296 296 2344 autem
333 2293 450 2344 yoluit
487 2295 666 2330 Dominus
702 2296 740 2330 in
778 2297 945 2331 Jordane

167 2339 364 2385 baptizari,
392 2343 432 2374 ut
451 2339 502 2375 ibi
523 2341 732 2386 aperiretur
747 2343 863 2387 Janua
884 2353 945 2377 re-

165 2387 231 2436 gni
257 2386 429 2429 caelestis,
452 2387 515 2422 uhi
542 2388 650 2423 datus
680 2392 735 2423 est
755 2389 876 2424 aditus
897 2390 944 2424 fi-

165 2432 228 2468 liis
247 2433 361 2468 Israel
382 2433 548 2468 intrandi
572 2438 711 2469 terram
734 2435 945 2478 promissio-

165 2479 251 2523 nis;
273 2479 360 2525 quia
397 2479 491 2515 sicut
516 2490 583 2526 per
603 2480 695 2516 illud
716 2482 855 2517 flumen
876 2482 943 2518 filii

166 2526 284 2562 Israel
304 2526 536 2562 transierunt
558 2527 606 2562 ad
631 2531 770 2563 terram
791 2530 945 2573 promis-

164 2583 246 2609 sam
267 2572 322 2608 eis
352 2584 419 2620 per
446 2573 659 2618 Dominum,
690 2574 742 2609 sic
774 2585 841 2620 per
873 2577 943 2611 Ba—

159 2619 346 2666 'ptismum
375 2620 506 2656 fideles
543 2624 741 2656 transeunt
782 2622 830 2656 ad
872 2626 943 2657 ter-

164 2677 249 2703 ram
269 2666 486 2703 viventium.
514 2668 557 2703 Et
582 2668 694 2704 etiam
736 2667 833 2712 ideo,
857 2669 944 2713 quia

164 2713 341 2750 Jordanis
375 2718 433 2750 est
488 2714 622 2751 fluvius
669 2714 814 2750 medius
852 2716 944 2751 Gen-

1032 240 1243 277 communis
1261 242 1318 276 est
1337 237 1516 275 Gentibus
1531 239 1568 273 et
1585 236 1726 274 Judaeis
1744 246 1806 273 ve-

1031 287 1222 324 nientibus
1247 287 1294 323 ad
1327 286 1441 322 fidem
1472 287 1510 320 et
1535 283 1735 321 Christum.
1763 284 1804 319 In

1030 336 1195 371 Jordane
1227 343 1374 380 quoque
1404 331 1616 378 Baptismus
1641 328 1803 374 Domini,

1031 393 1098 428 per
1118 381 1236 417 Eliam
1257 384 1294 417 et
1315 379 1503 423 Elis-acum,
1521 379 1633 413 Josue
1650 379 1689 413 et
1706 377 1803 428 Naa-

1031 439 1117 464 man
1142 428 1404 474 praefiguratus
1433 425 1521 467 fuit;
1550 424 1638 470 quia
1673 423 1713 459 in
1742 423 1803 458 his

1029 476 1152 520 figura
1178 474 1358 520 Baptismi
1396 471 1598 519 praecessit.
1634 472 1676 506 In
1704 479 1804 514 aqua

1029 532 1117 557 vero
1133 521 1340 566 baptizatus
1351 525 1420 564 est,
1431 518 1517 565 quia
1531 528 1629 564 aqua
1646 519 1703 554 est
1715 526 1804 552 con-

1028 567 1147 603 traria
1174 566 1265 612 igni,
1300 571 1338 602 et
1376 569 1569 612 peccatum
1602 567 1659 600 est
1690 562 1802 609 ignis,

1027 614 1128 650 unde
1165 617 1201 648 et
1238 612 1325 658 igne
1360 612 1531 658 supplicii
1567 610 1730 657 punitur.
1758 609 1806 645 Ut.

1029 671 1118 706 ergo
1144 659 1206 695 hic
1233 659 1331 705 ignis
1359 659 1609 705 extinguatur,
1635 657 1675 692 in
1703 666 1804 703 aqua

1028 706 1240 752 baptizatus
1254 711 1321 742 est.
1335 707 1440 751 Aqua
1457 704 1570 741 etiam
1590 703 1721 739 sordes
1741 702 1804 738 ab-

1029 753 1111 798 luit,
1139 752 1238 788 sitim
1273 751 1466 797 extinguit,
1495 750 1698 796 imaginem
1716 749 1803 785 red-

1029 800 1107 844 dit;
1129 799 1183 835 ita
1204 799 1325 845 gratia
1345 798 1504 844 Spiritus
1523 796 1649 833 Sancti
1664 795 1704 831 in
1732 797 1804 832 Ba-

1028 846 1203 893 ptismate
1237 847 1367 882 sordes
1392 847 1630 892 peccatorum
1670 841 1804 887 abluit,

1029 893 1129 929 sitim
1164 893 1300 929 animae
1333 892 1448 928 verbo
1486 890 1553 926 Dei
1587 887 1803 934 restinguit,

1028 940 1234 985 imaginem
1262 938 1328 975 Dei
1353 949 1422 985 per
1451 937 1598 983 culpam
1624 935 1804 972 amissam

1028 987 1203 1023 restituit.
1226 988 1270 1022 Et
1290 997 1332 1022 ex
1352 987 1423 1021 hoc
1446 984 1545 1030 quod
1559 982 1743 1019 Dominus
1762 981 1805 1018 in

1030 1045 1127 1079 aqua
1153 1038 1209 1069 est
1244 1032 1468 1079 baptizatus,
1495 1029 1659 1066 trahitur
1695 1039 1805 1074 argu-

1029 1084 1198 1116 mentum
1224 1080 1323 1126 quod
1345 1079 1384 1115 in
1404 1079 1477 1114 alio
1509 1077 1653 1123 liquore
1691 1084 1806 1121 quam

1028 1127 1068 1162 in
1093 1138 1192 1173 aqua
1220 1138 1297 1162 non
1319 1129 1443 1172 potest
1472 1124 1555 1160 fieri
1576 1121 1802 1169 Baptismus.

1029 1176 1070 1209 In
1091 1185 1188 1220 aqua
1206 1174 1320 1209 etiam
1338 1170 1575 1209 uniformiter
1591 1169 1805 1216 Baptismus

1029 1224 1290 1264 consecratur;
1331 1219 1419 1265 quia
1462 1229 1485 1254 a
1523 1218 1653 1254 dextro
1685 1216 1806 1252 latere

1028 1267 1163 1305 Christi
1195 1266 1389 1303 morientis
1425 1275 1523 1311 aqua
1556 1263 1734 1306 manavit,
1766 1264 1807 1298 et

1028 1316 1116 1361 quia
1131 1315 1254 1350 nullus
1271 1314 1393 1359 liquor
1406 1312 1500 1348 adeo
1515 1311 1563 1347 ad
1577 1309 1805 1361 abluendum

1027 1362 1140 1407 valet,
1168 1365 1204 1397 et
1224 1362 1322 1407 apud
1342 1370 1474 1396 omnes
1493 1357 1652 1394 faciliter
1673 1365 1803 1401 acqui-

1027 1409 1137 1452 ritur,
1163 1419 1209 1444 ne
1232 1419 1271 1444 se
1298 1407 1432 1453 aliquis
1454 1408 1608 1452 propter
1636 1402 1803 1449 inopiam

1028 1459 1190 1491 excuset.
1211 1457 1255 1491 Et
1280 1454 1368 1490 licet
1388 1453 1546 1499 Spiritus
1573 1450 1729 1487 mundet
1748 1450 1804 1485 in-

1026 1502 1156 1546 terius,
1186 1506 1313 1538 tamen
1350 1498 1563 1536 necessaria
1597 1500 1655 1534 est
1692 1506 1802 1542 aquae

1026 1549 1182 1592 lavatio;
1204 1549 1291 1595 quia
1313 1547 1407 1583 sicut
1425 1557 1469 1582 ex
1489 1545 1636 1581 duobus
1655 1546 1713 1580 est
1732 1544 1804 1579 ho-

1026 1607 1102 1640 mo,
1121 1595 1260 1631 scilicet
1281 1604 1437 1640 corpore
1463 1596 1500 1629 et
1525 1593 1664 1636 anima,
1686 1590 1739 1626 sic
1757 1600 1803 1625 ex

1025 1643 1172 1678 duobus
1194 1641 1418 1686 renascitur,
1439 1638 1582 1676 scilicet
1597 1649 1641 1674 ex
1661 1636 1803 1684 Spiritu

1026 1690 1160 1726 Sancto
1181 1692 1218 1724 et
1237 1698 1346 1734 aqua.

1076 1751 1112 1772 ιι
1135 1737 1267 1772 COELUM
1285 1745 1453 1775 ouonono
1470 1743 1634 1769 Arna-run
1667 1743 1706 1768 IN
1729 1732 1802 1766 BA-

1024 1795 1194 1819 PTISMATE
1215 1783 1372 1818 Cnms‘rt.
1383 1783 1586 1816 —Factum
1597 1782 1650 1814 est
1664 1780 1800 1819 autem,

1023 1833 1077 1874 ut,
1106 1841 1185 1865 cum
1214 1830 1462 1874 baptizaretur
1489 1837 1512 1862 a
1536 1828 1696 1870 Joanne,
1723 1824 1803 1861 fere

1023 1879 1140 1912 omnis
1175 1878 1346 1922 populus,
1373 1878 1485 1910 terrae
1521 1873 1634 1916 illius,
1659 1872 1801 1916 idest,

1023 1923 1129 1959 multi
1170 1924 1215 1958 de
1250 1921 1352 1957 omni
1391 1919 1557 1967 populo;
1591 1923 1625 1954 et
1649 1921 1747 1960 Jesu,
1778 1928 1802 1954 a

1021 1972 1040 2006 J
1045 1980 1182 2012 oanne,
1198 1970 1397 2014 baptizato,
1411 1978 1454 2003 ac
1470 1970 1555 2013 post
1572 1965 1801 2012 baptismum

1022 2017 1068 2052 de
1095 2015 1203 2061 aquis
1237 2015 1479 2058 ascendente,
1518 2016 1552 2049 et
1585 2023 1654 2059 pro
1680 2011 1800 2059 bapti-

1022 2063 1166 2107 zandis,
1193 2065 1234 2098 ut
1258 2062 1436 2108 Spiritum
1458 2062 1635 2097 Sanctum
1655 2059 1799 2105 accipe-

1021 2113 1120 2154 rent,
1156 2112 1293 2150 orante,
1322 2112 1487 2154 apertum
1528 2110 1562 2142 et
1592 2108 1731 2148 coelum,
1759 2105 1799 2142 id

1021 2160 1091 2200 est,
1114 2155 1387 2192 inaestimabilis
1408 2154 1585 2201 splendor
1601 2154 1722 2189 factus
1740 2155 1799 2189 est

1022 2203 1122 2239 circa
1142 2203 1344 2247 Christum,
1366 2205 1404 2237 et
1439 2203 1564 2237 tantus
1588 2200 1712 2246 fulgor
1731 2199 1800 2236 cir-

1021 2250 1211 2285 cumfulsit
1246 2260 1346 2294 eum,
1371 2259 1414 2285 ac
1438 2248 1470 2283 si
1508 2247 1644 2283 coelum
1674 2256 1800 2292 empy-

1020 2307 1128 2332 reum
1165 2300 1336 2343 apertum
1379 2295 1584 2339 videretur,
1629 2293 1799 2338 coeloque

1021 2354 1132 2379 aereo
1159 2348 1196 2379 et
1223 2343 1370 2379 sidereo
1400 2344 1591 2386 reseratis,
1619 2341 1800 2388 splendor

1022 2390 1105 2426 coeli
1120 2390 1285 2436 empyrei
1305 2389 1413 2425 terris
1424 2389 1698 2425 infunderetur.
1715 2388 1799 2423 Non

1022 2437 1121 2483 quod
1158 2438 1294 2473 coelum
1337 2440 1425 2472 tunc
1462 2435 1622 2472 divisum
1654 2433 1795 2478 fuerit;

1021 2495 1097 2519 non
1118 2484 1217 2520 enim
1237 2484 1302 2520 illa
1319 2483 1464 2530 apertio
1488 2483 1526 2518 in
1547 2491 1703 2528 corpore
1720 2490 1796 2516 coe-

1020 2530 1117 2575 lesti,
1139 2531 1204 2566 sed
1233 2530 1273 2566 in
1292 2541 1379 2566 aere
1405 2529 1486 2574 fuit,
1508 2529 1574 2565 sed
1596 2527 1684 2574 quia
1705 2537 1794 2572 ape-

1020 2577 1086 2612 riri
1119 2577 1318 2614 videbatur
1348 2577 1443 2613 sicut
1472 2576 1512 2612 in
1536 2573 1795 2611 coruscatione

1021 2624 1116 2659 solet
1136 2624 1233 2669 fieri,
1262 2625 1301 2659 in
1332 2634 1406 2670 qua
1426 2623 1562 2660 eoelum
1583 2620 1719 2667 aperiri
1741 2619 1795 2656 vi-

1020 2670 1130 2706 detur
1145 2685 1153 2715 ;
1177 2675 1214 2707 et
1232 2682 1300 2717 per
1319 2671 1391 2707 hoc
1409 2669 1693 2716 significabat-ur
1711 2667 1794 2714 glo·

1020 2717 1116 2753 riam
1134 2718 1323 2754 coelestem
1343 2716 1480 2764 aperiri
1498 2715 1736 2752 credentibus
1753 2713 1793 2750 in

164 2759 259 2797 tium
297 2764 334 2797 et
367 2761 584 2799 Judaeorum
606 2790 615 2807 ,
656 2765 693 2798 et
729 2761 942 2808 Baptismus
1022 2764 1223 2810 Christum,
1245 2768 1282 2802 et
1307 2764 1408 2811 quod
1440 2762 1581 2800 renatis
1607 2761 1789 2809 aperitur,
