1902 3126
161 191 216 224 114
655 191 801 227 PRIMAE
837 194 995 228 PARTIS
1032 195 1167 230 CAPUT
1203 197 1292 230 xm

158 259 319 296 Domino
340 260 559 298 servientes,
576 262 658 298 Non
678 262 789 308 longe
810 267 934 300 autem
970 274 973 283 ¹

157 307 204 342 ab
225 307 297 343 hoc
316 308 455 353 templo
485 308 647 353 Domini,
675 313 732 345 est
757 311 936 357 templum

158 353 260 390 aliud
280 354 474 390 immensae
496 356 727 401 quantitatis,
748 361 784 393 et
810 358 937 394 altitu-

159 400 272 445 dinis,
301 402 400 447 quod
430 403 556 438 domus
587 404 715 446 saltus,
745 403 783 440 id
807 409 863 440 est
892 406 937 441 de

158 447 270 494 lignis
292 448 421 485 Libani
441 450 590 494 dicitur,
611 454 648 486 et
667 451 845 498 templum
872 453 936 488 Sa-

158 494 320 531 lomonis
352 501 536 533 vocatur:
565 497 652 543 quia
683 498 858 534 Salomon
887 499 937 535 ibi

156 541 327 586 docebat,
337 543 518 589 etJ'udicia
528 545 701 588 faciebat3
712 549 745 581 et
755 545 802 582 ad
811 545 940 581 distin-

157 588 319 626 ctionem
348 590 501 627 alterius
523 592 703 638 praedicti,
729 593 829 638 quod
853 603 936 638 spe-

158 635 304 672 cialiter
328 638 538 683 appellatur
564 640 743 686 templum
772 639 934 675 Domini.

205 686 250 727 54
276 686 411 720 JOSEPH
442 697 483 720 ET
523 687 643 722 MAmA
674 699 696 722 A
730 688 935 722 JERUSALEM

157 741 352 767 arcanum.
366 752 410 759 -
434 735 479 769 Ut
498 743 587 780 ergo
609 734 725 770 Maria
743 738 777 770 et
796 734 935 779 Joseph
969 755 972 782 3

1006 268 1235 312 perfecerunt
1255 266 1389 306 omnia,
1412 274 1493 309 quae
1512 263 1707 298 secundum
1721 263 1787 298 Le-

1009 323 1088 357 9em
1123 313 1358 349 debebantur
1375 339 1384 355 ,
1421 310 1514 346 nihil
1552 309 1783 352 omittentes,

1010 360 1179 405 quamvis
1200 370 1275 395 non
1295 362 1526 400 tenerentur,
1548 358 1786 393 recesserunt

1009 408 1055 442 de
1075 407 1297 450 Jerusalem,
1320 409 1356 441 et
1377 407 1510 440 reversi
1525 407 1622 445 sunt,
1642 413 1708 439 seu
1723 412 1788 438 vo-

1009 453 1157 490 luerunt
1178 452 1314 489 reverti
1339 455 1377 487 z'n
1402 453 1606 493 Galiloeam‚
1631 452 1671 485 in
1693 451 1785 485 civi-

1010 504 1118 536 tatem
1135 511 1238 536 suam
1254 501 1449 536 Nazareth.
1466 501 1553 534 Erat
1567 497 1732 544 quidem,
1743 499 1786 532 ut

1009 547 1098 583 dicit
1113 548 1342 592 Theophilus,
1357 557 1485 582 eorum
1501 545 1630 581 civitas
1641 543 1787 580 Bethle-

1008 595 1094 630 hem
1115 594 1208 629 sicut
1226 592 1366 639 patria3
1384 593 1566 628 Nazareth
1583 602 1671 628 vero
1689 595 1785 626 tam-

1009 650 1123 686 quam
1147 640 1413 676 habitaculum.
1441 640 1540 675 Vade
1561 642 1598 675 et
1620 642 1659 674 tu
1686 647 1784 673 sem-

1006 697 1074 733 per
1088 697 1171 722 cum
1185 686 1252 729 eis,
1269 690 1304 722 et
1317 687 1453 732 adJuva
1469 696 1626 732 puerum
1643 686 1787 727 Jesum,

1008 737 1045 770 et
1063 733 1204 770 servias
1225 733 1278 769 eis
1300 733 1338 769 in
1358 732 1491 780 quibus
1511 731 1666 779 poteris.

888 852 1058 888 ORATIO

205 946 232 982 Ο
256 946 341 981 Jesu
364 945 636 989 desiderabilis,
659 945 720 991 qui
740 946 779 982 in
797 946 936 993 templo
959 950 995 982 te
1011 948 1112 993 Justo
1134 946 1314 990 Simeoni,
1338 949 1374 981 te
1394 945 1440 981 ad
1460 944 1663 981 videndum
1689 943 1790 981 desi-

158 992 318 1035 deranti,
341 993 386 1028 ad
417 993 704 1038 amplexandum
744 993 1038 1030 misericorditer
1061 994 1238 1037 tribuisti,
1260 992 1359 1037 veni,
1382 994 1473 1029 Jesu
1499 991 1727 1036 dulcissime,
1749 994 1786 1028 et

156 1042 235 1074 toto
261 1039 446 1075 desiderio
474 1044 510 1075 te
533 1040 774 1085 exspectanti,
803 1040 963 1086 teipsum
987 1041 1192 1077 clementer
1211 1040 1378 1083 indulge,
1401 1044 1438 1075 et
1458 1038 1639 1085 quidquid
1663 1038 1785 1085 impu-

159 1085 284 1121 ritatis
304 1086 342 1120 in
364 1097 422 1122 me
446 1086 648 1130 inveneris,
677 1098 742 1132 per
762 1087 920 1132 gratiam
942 1088 1203 1134 purificantem
1223 1087 1387 1133 expelle3
1409 1090 1444 1122 et
1465 1097 1529 1122 cor
1551 1096 1675 1122 meum
1695 1089 1790 1121 tem-

158 1132 261 1178 plum
283 1136 401 1176 tuum,
417 1133 891 1179 dignanterinhabitando,
910 1135 1049 1180 perfice
1068 1147 1076 1170 ε
1099 1134 1149 1171 ihi
1166 1139 1202 1170 te
1220 1134 1385 1171 brachiis
1405 1133 1581 1169 desiderii
1596 1133 1789 1179 amplexer

161 1182 197 1214 et
226 1183 389 1215 teneam.
413 1181 467 1216 Da
487 1180 578 1215 mihi
610 1191 758 1227 semper
778 1181 994 1218 desiderare
1026 1185 1062 1217 te
1082 1182 1222 1217 sontem
1246 1181 1413 1224 luminis,
1439 1180 1500 1226 qui
1532 1191 1571 1216 es
1594 1180 1693 1226 apud
1714 1180 1786 1215 Pa-

156 1228 275 1269 trem3
300 1230 336 1262 et
358 1238 432 1262 non
453 1227 557 1273 prius
583 1227 628 1263 de
649 1228 719 1263 hac
739 1227 814 1263 vita
836 1239 978 1272 exeam,
1002 1239 1113 1274 quam
1135 1232 1172 1264 te
1198 1229 1315 1264 oculis
1335 1227 1459 1264 cordis
1479 1227 1640 1271 videam,
1661 1225 1725 1273 qui
1745 1236 1787 1263 es

155 1282 263 1308 amor
283 1276 320 1309 et
340 1274 586 1319 desiderium,
606 1274 682 1310 vita
704 1278 741 1311 et
763 1276 959 1321 praemium
978 1279 1016 1312 te
1034 1276 1341 1312 desiderantium.
1363 1276 1493 1310 Amen.

815 1481 998 1528 CAPUT
1018 1483 1116 1528 XIII

392 1627 441 1654 ni:
465 1626 568 1655 FUGA
587 1626 726 1655 nomm
749 1626 789 1654 1N
817 1625 1024 1664 AEGYPTUM,
1053 1627 1103 1654 ET
1131 1627 1229 1655 NECE
1261 1626 1543 1656 INNOCENTIUM.

801 1749 965 1786 Matthaei
989 1760 1070 1796 cap.
1094 1751 1137 1785 II.

207 1899 219 1920 1
250 1885 444 1920 APPAR1T10
479 1884 616 1918 Axeam
653 1895 697 1918 An
736 1895 929 1920 noxnxnm

152 1933 288 1969 JOSEPH
309 1943 352 1966 nn
373 1942 552 1966 Pisavnnso
574 1932 732 1966 HERODIS
753 1943 927 1966 CONSILIO.

153 2000 199 2004 —
217 1980 301 2015 szz
319 1988 407 2023 ergo
426 1977 541 2013 Maria
559 1982 595 2013 et
609 1978 749 2024 Joseph
768 1981 931 2013 recessis-

150 2030 242 2067 sent,
275 2028 311 2061 et
342 2028 543 2071 pergerent
575 2035 704 2060 versus
730 2026 928 2070 Nazareth,

151 2073 363 2109 nescientes
377 2072 498 2107 adhuc
516 2082 628 2118 super
640 2072 711 2107 hoc
731 2072 929 2108 consilium

151 2119 315 2162 Domini,
343 2122 379 2154 et
406 2119 517 2154 timor
543 2119 622 2165 jam
651 2119 696 2154 de
721 2119 842 2155 Puero
872 2119 928 2155 in-

151 2166 293 2213 ciperet
321 2165 483 2210 dilatari,
505 2177 580 2201 ecce
601 2167 764 2208 Anqelus
784 2168 930 2202 Domini

152 2215 330 2260 apparuit
348 2215 386 2248 in
404 2215 538 2247 somnis
557 2215 699 2258 Joseph,
719 2214 840 2249 dicens
862 2213 895 2249 ei
917 2227 927 2249 .-

152 2262 439 2305 Surqeetaceipe
459 2262 611 2295 Puerum
624 2264 656 2295 et
670 2262 824 2296 Matrem
835 2261 926 2306 ejus,

151 2312 185 2343 et
203 2310 291 2352 fuye
317 2309 355 2342 in
387 2309 583 2352 AEyyptum
600 2320 657 2350 ,·...
681 2308 849 2350 futurum
878 2312 930 2344 est

149 2357 258 2395 enim,
282 2358 322 2390 ut
341 2355 497 2389 Herodes
522 2357 661 2398 quaerat
685 2356 852 2395 Puemrn,
881 2356 931 2390 ad

147 2402 375 2449 perdendum
395 2412 486 2436 eum.
512 2400 695 2444 Quoniam
715 2401 762 2437 ad
782 2402 930 2437 humili-

151 2452 269 2484 tatem
306 2448 525 2495 perfectam,
564 2447 677 2483 trium
716 2449 928 2494 specialiter

152 2495 329 2532 adornari
371 2496 477 2531 decet
516 2494 697 2530 comitatu
734 2495 926 2540 virtutum,

152 2542 316 2579 scilicet:
339 2541 567 2588 paupertatis
585 2541 623 2576 in
643 2541 817 2587 fugiendo
839 2543 929 2578 divi-

150 2590 237 2634 tias,
261 2592 301 2625 ut
325 2589 490 2625 fomenta
514 2588 716 2635 superbiae3
738 2589 928 2635 patientiae

150 2648 240 2673 vero
270 2636 310 2672 in
342 2635 544 2682 aequanimi
569 2635 810 2682 perpessione
837 2647 928 2672 con-

152 2687 335 2730 temptus3
361 2683 586 2720 obedientiae
608 2693 756 2728 quoque
781 2684 815 2718 in
837 2683 927 2719 alie-

153 2731 211 2767 nis
232 2731 399 2777 parendo
418 2730 622 2774 mandatis;
652 2729 735 2766 ideo
757 2741 927 2776 supernae

152 2777 395 2814 revelationis
430 2777 596 2823 oraculo,
617 2779 726 2814 Jesus
756 2777 794 2813 in
825 2778 929 2824 AEgy-

1009 1887 1114 1930 ptum
1146 1883 1384 1927 transfertur,
1422 1886 1463 1919 ut
1498 1883 1722 1929 peregrinus
1749 1888 1787 1921 et

1009 1942 1176 1977 pauper,
1213 1930 1252 1966 in
1290 1929 1470 1976 parvulis,
1507 1929 1624 1976 ipsius
1658 1941 1786 1976 causa,

1010 1978 1155 2021 occisis,
1179 1977 1359 2013 occiditur
1378 1981 1414 2013 et
1435 1977 1538 2022 quasi
1561 1977 1599 2013 in
1618 1978 1786 2024 quolibet

1008 2025 1241 2068 trucidatur;
1275 2029 1311 2060 et
1344 2025 1390 2060 ad
1422 2025 1583 2071 patriam
1609 2025 1787 2062 reductus

1009 2073 1103 2109 adeo
1142 2076 1222 2108 erat
1248 2071 1417 2108 subditus
1457 2072 1705 2117 parentibus,
1743 2075 1785 2109 ut

1009 2130 1214 2166 numquam
1245 2120 1303 2155 vel
1338 2119 1386 2155 ad
1420 2122 1653 2155 momentum
1679 2130 1786 2156 sece-

1009 2167 1128 2211 deret,
1150 2166 1222 2202 nisi
1244 2177 1326 2202 cum
1357 2166 1554 2202 duodecim
1575 2166 1695 2202 factus
1714 2177 1783 2202 an-

1008 2224 1142 2250 norum
1175 2213 1358 2250 remansit
1388 2213 1428 2248 in
1453 2212 1676 2258 Jerusalem,
1705 2224 1782 2249 non

1009 2260 1090 2297 sine
1113 2260 1241 2297 Matris
1262 2261 1392 2297 dolore
1410 2259 1602 2306 quaesitus,
1615 2271 1685 2297 nec
1701 2260 1784 2296 sine

1009 2308 1146 2354 gaudio
1167 2308 1353 2344 inventus.
1383 2308 1523 2353 Joseph
1553 2318 1642 2343 vero
1671 2306 1784 2353 evigi-

1008 2355 1105 2400 lans,
1134 2357 1290 2392 Matrem
1311 2354 1458 2398 excitat,
1481 2358 1517 2390 et
1538 2364 1785 2401 quaecumque

1008 2402 1088 2449 ipse
1118 2403 1165 2439 ab
1191 2402 1333 2448 Angelo
1364 2402 1549 2445 audierat,
1572 2401 1607 2437 ei
1637 2405 1782 2438 narrat.

1009 2451 1092 2496 Ipsa
1109 2461 1197 2486 vero
1215 2449 1478 2493 incontinenti,
1497 2452 1533 2485 et
1557 2448 1662 2484 nulla
1678 2459 1785 2485 mora

1008 2500 1214 2538 contracta,
1243 2496 1418 2540 surrexit,
1446 2500 1482 2532 et
1518 2495 1565 2532 ad
1597 2495 1670 2531 iter
1692 2495 1786 2531 arri-

1008 2543 1185 2590 piendum
1207 2555 1246 2580 se
1270 2543 1464 2590 disposuit.
1488 2543 1678 2579 Concussa
1697 2546 1783 2578 sunt

1008 2592 1110 2627 enim
1132 2591 1179 2627 ad
1206 2592 1303 2627 hanc
1328 2601 1456 2626 vocem
1483 2589 1611 2626 omnia
1638 2588 1784 2625 viscera

1008 2639 1101 2684 ejus,
1134 2641 1170 2674 et
1208 2637 1321 2674 etiam
1354 2637 1452 2673 circa
1491 2636 1648 2672 salutem
1684 2635 1781 2681 Filii,

1008 2685 1161 2721 nolebat
1199 2684 1394 2730 negligens
1432 2683 1566 2719 saltem
1606 2682 1778 2720 inveniri.

1007 2731 1186 2778 Conspice
1210 2735 1246 2768 et
1267 2731 1449 2767 meditare
1468 2729 1554 2773 ista,
1571 2732 1607 2766 et
1627 2740 1783 2776 quomo-

1007 2779 1053 2814 do
1074 2789 1233 2825 puerum
1250 2780 1378 2816 Jesum
1397 2777 1648 2814 dormientem
1663 2778 1782 2813 Mater
