1876 3126
110 182 172 217 250
612 180 758 215 PRIMAE
793 181 948 216 PARTIS
986 181 1121 215 CAPUT
1160 181 1261 214 XXX

114 262 182 288 PER
216 261 373 291 ermom-2
399 260 490 286 LocA
512 261 753 288 SIGNIFICATAE.
777 271 822 278 —-
843 253 892 288 Et

115 298 323 335 obtulerunt
358 299 390 332 ei
426 307 545 332 omues
577 299 672 333 male
706 298 889 343 habentes,

113 347 232 382 variis
265 344 503 389 languoribus
523 347 557 379 et
590 347 776 381 tor-mentis
801 356 892 381 com-

110 393 321 439 prehensos,
344 395 377 427 et
409 393 474 436 qui
494 392 671 427 daemonia
697 393 889 433 habebant,

115 443 149 476 et
182 440 374 482 lunaticos,
396 442 430 474 et
464 440 702 484 paralyticos,
721 443 754 475 et
785 451 890 475 ςυνα-

113 488 168 522 vit
203 496 272 521 eoa.
306 487 418 522 Curat
449 496 619 532 corpora,
650 490 691 522 ut
724 486 892 533 paratius

115 533 250 570 adeant
272 532 474 569 invisibilia
496 544 505 568 z
531 533 640 570 aliter
657 543 789 579 parum
811 535 893 569 erat

114 590 200 617 mox
222 581 414 616 morituris
440 590 568 616 curam
595 579 812 626 impendere
833 590 891 615 sa—

115 627 258 663 nitatis.
282 626 350 663 Ubi
387 627 686 671 Chrysostomus:
713 640 730 660 «
767 628 810 662 Et
835 630 891 662 at-

116 674 232 710 tende
280 674 576 710 moderationem
612 673 857 719 Evangelistae
882 700 891 716 ,

115 721 278 767 qualiter
305 731 381 755 nou
418 731 724 766 unumquemque
745 724 893 755 curato-

116 778 199 804 rum
243 768 351 803 nobis
389 772 564 813 enarrat3
605 768 671 803 sed
716 766 893 803 brevibus

116 814 240 851 verius
282 814 542 860 copiositatem
587 813 808 849 transcurrit
844 812 894 848 si-

116 871 276 908 gnorum
312 873 320 896 :
352 874 369 895 »
398 862 477 896 haec
506 862 790 904 Chrysostomus.
824 861 895 894 Per

120 908 374 944 daemoniacos
394 907 653 951 significantur
672 907 838 951 sortilegi
858 909 894 942 et

120 955 235 993 divini
272 953 546 999 superstitiosi;
577 964 644 999 per
681 953 863 989 lunaticos
885 980 894 997 ,

120 1001 317 1038 instabiles
345 1001 381 1035 in
405 1002 529 1044 bon03
560 1010 628 1045 per
655 1000 894 1046 paralyticos,

117 1047 214 1094 pigri
249 1047 353 1091 quasi
391 1046 616 1092 impotentes
642 1048 784 1083 bonum
811 1057 896 1093 ope-

118 1094 206 1130 rari.
247 1095 309 1128 Isti
349 1093 447 1128 enim
482 1097 641 1139 possunt
680 1093 802 1130 curari
829 1104 897 1140 per

118 1142 257 1177 bonam
300 1140 509 1175 doctrinam
549 1140 808 1187 praedicatoris
862 1145 898 1177 et

125 1187 354 1224 confessoris
393 1187 557 1224 discreti.
589 1190 637 1223 Et
673 1190 786 1223 secuti
813 1191 898 1224 suut

123 1245 202 1270 eum
222 1236 337 1270 turbae
355 1236 478 1270 multae
494 1235 537 1270 cle
558 1235 725 1275 Galilaea,
745 1245 827 1280 quae
847 1236 900 1270 in-

121 1284 352 1327 terpretatur
373 1284 663 1326 transmz‘qrutio,
679 1286 715 1318 et
728 1283 773 1317 cte
791 1285 901 1318 Deca-

119 1330 210 1375 poli,
234 1339 315 1374 quae
337 1328 474 1364 dicitur
489 1329 608 1364 decem
631 1331 821 1364 civitatum
840 1340 898 1364 re-

121 1378 196 1420 qio,
214 1379 248 1411 et
284 1376 326 1410 de
346 1378 592 1421 Jerosolymz's,
612 1386 694 1421 quae
716 1376 899 1422 interpre-

122 1426 224 1458 tatur
248 1425 416 1468 pacifiea,
440 1427 476 1458 et
505 1424 549 1458 de
575 1424 714 1465 Judaea,
740 1434 821 1469 quae
846 1423 902 1459 in-

121 1473 353 1516 terpretatur
388 1472 594 1514 confessis),
648 1474 685 1506 et
723 1471 766 1505 cle
799 1474 902 1506 trans

122 1518 330 1557 Jordanem,
352 1517 415 1562 qui
436 1517 706 1563 interpretatur
723 1519 826 1553 rivus
841 1518 902 1562 ju-

125 1564 228 1599 dz'ez'z'.
253 1565 324 1599 Per
336 1565 406 1600 boe
427 1564 526 1600 enim
549 1564 785 1609 significatur
803 1564 901 1609 quod

124 1609 178 1646 illi
200 1610 388 1646 Christum
414 1614 636 1656 sequuntur,
653 1611 716 1656 qui
736 1612 781 1647 de
802 1610 901 1646 vitiis

123 1657 173 1693 ad
195 1657 353 1693 virtutes
377 1657 660 1703 transmigrant,
689 1661 726 1693 et
745 1657 809 1703 qui
830 1659 900 1693 De-

124 1703 294 1749 calogum
334 1705 548 1748 observant,
583 1708 621 1740 et
651 1705 711 1750 qui
746 1704 901 1751 pacitice

126 1761 211 1786 cum
246 1751 328 1786 aliis
364 1752 551 1795 habitant,
587 1754 623 1787 et
657 1751 718 1797 qui
749 1756 901 1797 peccata

123 1797 316 1834 humiliter
342 1798 580 1842 confitentur,
616 1802 652 1834 et
682 1798 743 1843 qui
774 1798 902 1835 divina

119 1844 260 1890 J'udicia
282 1845 496 1881 formidant.
536 1844 642 1881 Multi
667 1846 899 1881 diversarum

121 1891 321 1936 regionum
343 1897 427 1927 sunt
448 1900 533 1928 eum
565 1892 695 1936 secuti,
724 1894 819 1928 sicut
843 1893 901 1928 di-

122 1937 222 1973 versi
246 1949 417 1984 corpore,
440 1939 493 1975 ita
513 1938 651 1974 diversi
670 1944 809 1975 mente.
829 1939 900 1975 Alii

122 1989 279 2031 propter
296 1985 585 2022 instructionem
604 1990 640 2021 et
655 1986 807 2022 coeleste
825 1997 902 2032 my-

123 2032 296 2075 sterium,
333 2036 374 2068 ut
413 2032 607 2078 discipuli;
648 2032 711 2069 alii
747 2037 901 2080 propter

121 2079 359 2115 curationem
379 2079 655 2124 infirmitatum,
670 2083 712 2116 ut
730 2080 873 2116 infirmi
890 2092 898 2125 ;

120 2125 185 2161 alii
207 2130 360 2172 propter
380 2127 641 2171 resectionem,
662 2130 702 2162 ut
716 2128 898 2172 t'amelici;

121 2171 186 2223 alii
204 2177 359 2218 propter
382 2173 542 2210 videnda
559 2174 755 2219 miracula,
777 2178 817 2211 ut
836 2186 899 2212 cu-

122 2221 231 2262 riosi,
252 2220 422 2255 volentes
458 2220 488 2256 si
523 2231 653 2257 verum
681 2225 780 2258 esset
801 2223 900 2268 quod

122 2264 332 2317 dicebatur,
361 2266 544 2312 experiri,
576 2267 640 2303 alii
663 2272 818 2314 propter
840 2269 900 2305 in-

122 2312 278 2356 vidiam,
308 2316 349 2348 ut
386 2314 505 2349 Judaei
529 2315 774 2351 observantes
800 2327 899 2361 eum,

123 2360 160 2394 et
181 2364 393 2405 quaerentes
413 2360 453 2395 in
479 2360 604 2406 aliquo
633 2363 747 2398 verbo
771 2364 823 2399 vel
844 2364 900 2400 sa-

123 2408 183 2441 cto
218 2417 351 2452 capere
392 2410 429 2443 et
464 2418 656 2445 accusare.
680 2410 784 2446 Unde
816 2414 901 2447 sunt

120 2462 246 2489 versus
268 2466 279 2489 :

121 2525 283 2569 Morbus,
316 2527 455 2570 siqua,
491 2526 621 2570 cibus,
663 2527 899 2573 blasphemia,

637 2573 782 2620 [doymo
798 2576 902 2617 fuere

171 2621 308 2661 Causae,
331 2631 394 2655 cur
416 2621 611 2657 Dominum
638 2622 746 2657 turba
778 2625 900 2657 secuta

792 2668 899 2714 [fuit.

123 2736 167 2772 Et
188 2736 271 2772 ideo
294 2736 442 2782 quoties
475 2737 513 2773 in
552 2738 753 2784 Evangelio
781 2739 900 2774 turbae

122 2783 350 2820 vocabulum
375 2785 568 2830 inseritur,
590 2786 684 2822 sicut
704 2785 901 2822 diversitas

962 250 1172 295 hominum,
1183 250 1236 286 ita
1245 252 1281 286 et
1291 248 1487 286 diversitas
1501 248 1732 286 voluntatum

963 298 1156 334 intimatur
1177 309 1185 333 :
1224 308 1299 333 non
1319 296 1418 333 enim
1439 306 1568 332 omnes
1601 296 1732 333 eadem

963 345 1169 389 voluntate,
1189 345 1253 381 sed
1281 355 1323 380 ex
1345 343 1500 380 diversis
1527 344 1649 380 causis
1673 353 1732 380 se-

965 392 1187 438 quebantur.
1197 391 1355 434 Quidam
1375 401 1442 437 pro
1461 390 1736 437 bono,quidam

964 450 1032 485 pro
1054 439 1167 483 male,
1199 439 1373 475 omnibus
1395 442 1520 474 tamen
1556 437 1738 474 Dominus

965 485 1149 522 beneticia
1169 486 1373 532 praestabat
1394 485 1577 529 docendo,
1604 483 1738 520 alendo

966 536 1002 567 et
1035 534 1218 568 sanando.
1241 532 1325 568 Istis
1343 532 1507 578 quinque
1534 531 1737 578 generibus

967 579 1168 614 Dominum
1214 579 1450 624 sequentium
1508 578 1736 625 respondent

966 625 1130 671 quinque
1151 626 1233 661 loca
1253 625 1432 671 praedicta
1454 637 1463 660 :
1488 626 1575 670 quia
1593 625 1639 661 de
1666 625 1737 661 Ga-

967 673 1078 716 lilaea,
1112 672 1147 707 id
1175 675 1244 716 est,
1275 677 1369 712 rota,
1399 671 1552 707 veniunt
1585 669 1737 715 curiosi,

967 719 1103 764 quibus
1125 718 1291 754 dicitur:
1338 720 1421 755 Viri
1458 719 1615 761 Galum,
1649 718 1740 763 quid

966 768 1086 810 statis,
1115 769 1212 810 etc.;
1245 766 1291 801 de
1322 765 1496 811 Decapoli
1517 764 1670 800 veniunt
1687 763 1742 800 in-

967 812 1081 855 firmi,
1114 815 1155 848 ut
1192 823 1260 858 per
1295 812 1571 849 observantiam
1609 811 1741 847 decem

966 860 1232 895 mandatorum
1267 862 1458 904 curentur,
1483 858 1619 905 quibus
1653 857 1742 894 dici·

967 911 1030 942 tur
1049 918 1057 942 :
1079 908 1121 943 Si
1156 909 1213 941 vis
1249 907 1297 942 ad
1321 908 1436 941 vitam
1456 906 1616 950 inqredi,
1640 909 1712 941 ete.
1731 915 1741 948 ;

969 955 1012 988 cle
1036 955 1270 998 Jerosolymis
1311 953 1574 989 observatores
1610 950 1741 996 invidi,

971 1000 1104 1045 quibus
1131 1000 1266 1036 dicitur
1288 1011 1296 1035 :
1317 1001 1530 1043 Jerusalem,
1550 1010 1630 1043 quae
1649 999 1742 1035 oeci-

970 1049 1042 1091 dz‘s,
1065 1051 1136 1083 etc.
1159 1059 1167 1091 ;
1190 1048 1233 1082 de
1254 1048 1379 1082 Judaea
1405 1047 1580 1090 samelsti,
1598 1049 1639 1082 ut
1658 1055 1745 1082 con-

971 1095 1112 1130 fitendo
1153 1098 1306 1140 peccata
1338 1097 1373 1129 et
1408 1094 1540 1129 laudes
1577 1092 1740 1139 agendo,

973 1141 1152 1177 doctrinis
1173 1141 1362 1187 Evangelii
1373 1141 1574 1185 satientur;
1587 1142 1631 1175 (te
1641 1143 1744 1175 trans

971 1189 1163 1224 „Iordanem
1191 1188 1376 1233 discipuli,
1397 1190 1439 1224 ut
1459 1188 1690 1223 instruantur
1708 1189 1746 1222 et

973 1236 1159 1279 laventur,
1170 1238 1206 1271 et
1220 1235 1547 1281 posteainstruant
1561 1234 1745 1269 etlavent.

1022 1298 1043 1329 9
1063 1284 1273 1318 Accensucs
1291 1294 1333 1317 ET
1350 1293 1417 1317 NOS
1433 1293 1477 1316 An
1492 1282 1686 1325 CHRISTUM,
1701 1291 1746 1316 m·

974 1341 1069 1365 BONA
1090 1342 1157 1365 PRO
1174 1341 1336 1365 I'ECCATIS
1355 1340 1459 1364 NOBIS
1485 1339 1678 1364 CONFERAT.
1700 1345 1747 1353 -·
1782 1334 1785 1336 ’

976 1379 1016 1412 In
1037 1376 1116 1412 istis
1147 1380 1270 1412 autem
1296 1375 1460 1422 quinque
1489 1375 1750 1421 significantur

977 1424 1144 1469 quinque
1155 1427 1275 1459 status
1289 1423 1499 1466 hominum,
1512 1422 1573 1468 qui
1592 1431 1751 1467 sequun-

977 1474 1038 1506 tur
1058 1471 1245 1507 Cliristum
1269 1481 1365 1516 :per
1395 1470 1601 1514 Galilaeam,
1626 1468 1664 1504 id
1693 1469 1749 1503 est

977 1520 1330 1561 transmutationem,
1341 1520 1461 1553 status
1468 1515 1747 1563 poenitentium3

976 1575 1044 1611 per
1062 1565 1291 1611 Dempolim,
1312 1565 1350 1600 id
1371 1567 1427 1600 est
1443 1565 1614 1608 Decaloqi
1627 1572 1750 1609 opera-

978 1614 1123 1657 tionem,
1146 1615 1264 1648 status
1293 1611 1523 1655 activorum;
1557 1621 1625 1657 per
1642 1611 1749 1646 Jero-

978 1659 1173 1705 solymam,
1206 1659 1244 1694 id
1267 1662 1322 1694 est
1344 1660 1450 1704 pacis
1469 1661 1657 1701 visionem,
1679 1659 1752 1692 sta.-

975 1709 1037 1741 tus
1057 1705 1450 1751 contemplativorum3
1473 1715 1541 1750 per
1566 1704 1751 1747 Judaeam‚

976 1752 1013 1788 id
1035 1756 1091 1788 est
1114 1755 1390 1797 confessionem,
1424 1755 1543 1787 status
1576 1751 1752 1797 praelato-

976 1810 1081 1843 rum3
1103 1810 1171 1846 per
1191 1803 1296 1835 trans
1313 1799 1531 1842 Jordanem,
1560 1802 1679 1834 status
1696 1796 1752 1833 in-

976 1847 1205 1891 nocentium,
1217 1849 1371 1893 propter
1382 1845 1658 1881 restitutionem
1669 1854 1752 1882 san-

976 1894 1128 1937 ctitatis,
1156 1904 1224 1940 per
1250 1892 1377 1939 Baptis
1393 1902 1512 1936 mum,
1530 1892 1568 1927 in
1585 1890 1752 1928 Jordane

978 1940 1176 1987 signatam.
1207 1940 1275 1976 Ubi
1308 1941 1612 1984 chrysostomus:
1647 1938 1752 1975 «Se-

979 1998 1137 2033 quamur
1156 1988 1261 2023 illum
1286 1986 1400 2032 igitur
1425 1986 1538 2022 etiam
1560 1995 1631 2022 nos
1655 1996 1664 2020 :
1685 1994 1755 2021 va·

978 2035 1053 2070 rios
1092 2034 1276 2080 siquidem
1313 2035 1513 2079 languores
1568 2033 1752 2069 habemus

978 2084 1206 2126 animarum,
1231 2085 1267 2117 et
1286 2081 1324 2116 hi
1346 2083 1432 2116 sunt
1460 2079 1594 2126 quibus
1614 2077 1752 2126 princi-

977 2129 1114 2175 paliter
1139 2129 1217 2165 vult
1236 2127 1392 2164 mederi.
1410 2127 1642 2163 Accedamus
1659 2136 1750 2172 ergo

978 2177 1025 2212 ad
1043 2186 1142 2220 eum,
1164 2179 1200 2212 et
1215 2174 1486 2221 indulgentiam
1505 2176 1748 2220 peccatorum

979 2234 1189 2270 precemur.
1229 2224 1321 2259 Nam
1357 2221 1470 2258 etiam
1512 2231 1613 2257 nune
1648 2219 1752 2256 dabit

979 2271 1055 2316 ille,
1078 2270 1108 2306 si
1127 2281 1198 2306 nos
1212 2280 1290 2306 non
1304 2268 1531 2315 negligimus
1542 2267 1748 2314 postulare.

978 2319 1083 2354 Nunc
1102 2328 1204 2362 vero,
1225 2316 1408 2363 siquidem
1428 2314 1671 2352 habuerimus
1691 2313 1756 2350 ali-

980 2375 1092 2411 quam
1112 2363 1280 2411 corporis
1305 2363 1532 2409 passionem,
1555 2361 1683 2398 omnia
1698 2360 1755 2397 fa-

981 2412 1103 2448 cimus
1124 2415 1160 2447 et
1182 2410 1433 2457 negotiamur,
1456 2413 1496 2446 ut
1511 2411 1547 2445 in
1567 2408 1755 2454 reliquum

983 2459 1206 2506 aegritudine
1245 2458 1474 2501 liberemur;
1510 2457 1634 2492 anima
1663 2464 1754 2507 vero

981 2510 1112 2542 nostra
1138 2509 1216 2542 tam
1242 2505 1339 2541 male
1367 2515 1407 2541 se
1434 2504 1613 2547 habente,
1646 2502 1756 2538 dism-

981 2554 1180 2598 mulamus,
1199 2563 1348 2599 semper
1365 2550 1585 2587 differimus.
1604 2550 1757 2601 Propte-

981 2611 1047 2635 rea
1078 2611 1147 2636 nec
1185 2598 1353 2646 corporis
1382 2598 1533 2644 quidem
1563 2597 1756 2647 languori-

980 2658 1051 2683 nus
1070 2647 1289 2691 liberamur,
1302 2645 1481 2693 quoniam
1493 2655 1577 2690 quae
1596 2650 1769 2679 mamme-

982 2694 1197 2730 necessaria
1227 2699 1329 2737 sunt,
1363 2693 1553 2739 superflua
1582 2700 1664 2726 esse
1691 2688 1756 2725 du-

984 2739 1121 2784 cimus;
1144 2752 1226 2787 quae
1246 2751 1335 2776 vero
1356 2750 1451 2786 pene
1468 2735 1751 2789 dissimulanda,

982 2787 1064 2823 haee
1082 2788 1247 2823 omnimo
1279 2785 1493 2823 necessaria
1522 2784 1755 2831 J'udlcamu53
