1902 3126
162 175 219 209 176
656 169 805 204 1³leAE
841 169 1003 206 PAR‘rls
1039 170 1179 205 CAPUT
1215 169 1281 203 XX

157 246 284 290 portas
302 241 423 288 aperit
439 238 605 287 paradisi
628 250 636 275 :
659 252 678 271 »
702 239 784 275 haec
803 239 932 283 Λαρα-

156 292 287 326 stz'nus.
301 290 356 325 Un
372 289 417 324 de
430 288 670 331 etGreqorz'us
682 286 730 322 ad
745 296 934 321 commen-

156 335 348 373 dationem
379 333 675 370 cnnt'essionissic
693 332 805 368 dixit:
828 347 846 366 «
866 332 932 368 Mi-

155 385 304 426 rentur,
326 381 388 428 qui
413 381 555 424 volunt,
585 380 625 416 in
649 379 812 426 quolibet
830 380 932 426 justo

155 429 340 466 castitatis
362 427 646 471 continentiam,
667 426 851 462 mirentur
873 428 931 461 in-

154 476 368 522 tegritatem
385 474 555 521 justitiae,
578 474 765 510 mirentur
787 473 933 508 viscera

152 524 329 570 pietatis;
372 533 441 568 ego
474 532 550 557 11011
604 520 727 556 11111105
765 519 934 555 admiror

154 569 432 606 confessionem
471 567 720 604 humillimam
759 570 932 613 peccato-

152 627 252 662 rum,
275 626 388 662 quam
407 618 462 651 tot
483 614 659 651 sublimia
684 617 790 659 gesta
816 612 931 648 virtu-

152 666 233 700 tum
257 674 267 699 z
287 676 306 696 »
329 664 411 698 haec
432 663 639 706 Greqorius.

204 724 246 746 10
272 710 544 746 Cournssmxm
569 717 759 743 conminmi
784 716 934 740 ITERARE

152 767 267 792 VALDE
285 768 388 793 urim
408 768 483 792 nsr.
506 776 550 781 -
571 754 666 790 Utile
686 756 743 789 est
764 751 876 788 etiam
898 754 934 786 et

151 803 260 840 valde
277 803 426 839 salubre
446 801 720 838 confessionem
742 798 853 835 etiam
874 808 934 833 60-

150 850 325 887 rumdem
354 853 593 895 peccatorum
622 848 838 897 frequenter
864 846 932 879 ite-

150 906 252 941 rare,
274 900 311 932 et
330 896 498 942 pluribus
525 893 709 936 confiteri,
732 902 820 937 quia
842 901 932 942 6011-

151 943 264 980 fessio
282 942 430 982 iterata,
450 942 533 976 licet
554 941 601 976 ad
623 939 780 975 salutem
795 948 871 973 non
888 939 935 972 sit

150 989 379 1030 necessaria,
402 992 529 1023 tamen
556 987 716 1021 multum
741 989 797 1020 est
819 984 934 1030 profi-

151 1047 221 1072 cua
237 1047 246 1071 :
262 1039 341 1071 tum
358 1034 445 1080 quia
462 1033 578 1069 nescit
595 1033 722 1075 homo,
742 1042 790 1067 an
808 1031 846 1066 in
862 1029 936 1076 pri-

149 1093 212 1119 ma
233 1082 472 1118 consessione
493 1080 725 1115 sufficienter
746 1077 936 1113 contritus

149 1128 288 1171 fuerit;
312 1133 390 1163 tum
421 1127 508 1173 quia
534 1126 655 1171 major
681 1124 873 1161 humilitas
900 1127 935 1159 et

106 1192 111 1195 ¹
152 1174 414 1212 erubescentia
447 1173 623 1209 meritum
651 1176 780 1208 causat
808 1174 845 1207 et
873 1181 935 1206 ac-

151 1221 286 1268 quirit3
306 1225 385 1257 tum
404 1221 490 1266 quia
508 1231 575 1266 per
593 1223 936 1265 quantamcumque

150 1268 440 1311 confessionem,
467 1267 623 1311 tollitur,
646 1266 783 1301 virtute
811 1275 936 1300 sacra-

150 1314 282 1359 menti,
304 1314 443 1360 aliquid
465 1314 511 1350 de
533 1324 658 1360 poena,
683 1316 718 1348 et
745 1314 938 1348 contertur

154 1362 282 1408 aliqua
295 1361 429 1407 gratia.
449 1360 543 1404 Quia
557 1360 658 1396 enim
677 1359 853 1395 sacerdos
867 1358 940 1393 vir-

153 1412 235 1445 tute
257 1408 416 1444 clavium
439 1407 581 1453 aliquid
600 1407 742 1443 relaxat
762 1406 808 1441 de
827 1415 939 1451 poena

155 1455 297 1499 debita,
315 1458 441 1501 posset
455 1454 605 1499 aliquis,
623 1453 734 1489 toties
752 1452 936 1496 confiteri,

156 1502 258 1549 quod
277 1503 431 1538 tandem
451 1501 544 1536 nihil
561 1503 775 1536 remaneret
791 1500 837 1535 de
858 1509 938 1545 poe-

154 1559 218 1585 na.
250 1550 295 1584 Et
320 1548 405 1584 licet
429 1547 544 1593 aliqui
572 1547 710 1590 dicant,
736 1546 836 1591 quod
859 1545 939 1581 sola

153 1596 277 1642 prima
296 1594 481 1631 absolutio
497 1595 672 1630 effectum
693 1594 806 1629 habet
820 1593 850 1627 vi
867 1593 940 1627 cla-

153 1641 271 1686 vium,
293 1641 376 1677 aliae
403 1645 528 1677 autem
554 1652 644 1684 non,
667 1650 751 1676 cum
770 1638 863 1674 nihil
885 1638 940 1674 in-

152 1688 306 1725 veniant
329 1688 616 1731 absolvendum;
641 1686 845 1722 secundum
876 1686 939 1721 be-

151 1735 367 1782 nigniorem
384 1738 508 1771 tamen
528 1734 743 1780 opinionem
762 1733 936 1777 aliorum,

151 1792 230 1818 non
250 1786 447 1828 reputatur
469 1780 749 1823 inconveniens,
768 1779 856 1825 quin
874 1780 939 1814 ho-

151 1839 214 1865 mo
230 1833 357 1875 posset
372 1828 482 1864 toties
498 1828 597 1863 idem
614 1831 807 1874 peccatum
824 1826 936 1862 corde

153 1875 316 1912 contrito
352 1875 537 1919 confiteri,
569 1880 605 1910 et
635 1875 681 1910 ab
708 1884 751 1909 eo
777 1872 936 1917 absolvi,

153 1922 255 1969 quod
280 1933 349 1968 per
374 1923 445 1957 hoc
466 1922 626 1957 dilueret
648 1924 765 1956 totam
787 1930 938 1966 poenam

153 1968 379 2015 purgatorii,
417 1972 454 2004 et
482 1968 568 2004 talis
600 1967 779 2011 moriens,
811 1968 937 2002 statim

152 2016 337 2060 evolaret3
370 2026 453 2051 cum
483 2015 620 2051 virtute
646 2013 818 2056 clavium.
853 2023 936 2058 quae

153 2073 304 2109 semper
326 2063 470 2108 aliquid
492 2062 646 2106 relaxat,
670 2061 739 2097 etsi
764 2061 850 2097 talis
870 2061 936 2096 ab·

152 2109 290 2146 solutio
316 2120 393 2145 non
420 2109 585 2145 inveniat
611 2108 771 2154 culpam,
794 2106 938 2143 invenit

150 2159 298 2192 reatum
315 2167 449 2201 poenae.
468 2157 511 2191 Et
529 2156 616 2191 dato
635 2155 735 2201 quod
752 2153 844 2190 nihil
859 2164 937 2200 poe-

151 2212 211 2239 11ae
231 2202 411 2247 inveniat,
444 2207 533 2238 tunc
559 2203 646 2238 facit
675 2201 722 2237 ad
751 2211 935 2246 augmen-

150 2251 232 2285 tum
249 2249 398 2295 gratiae;
417 2259 460 2284 ex
478 2249 513 2283 vi
532 2247 779 2292 contritionis,
797 2258 865 2284 1166
883 2251 939 2283 ta-

151 2305 241 2332 men
271 2300 467 2342 peccatum
497 2298 584 2331 tunc
611 2298 825 2331 remaneret
854 2294 934 2330 sine

150 2352 278 2390 poena,
300 2353 375 2378 non
405 2341 505 2378 enim
530 2341 677 2378 modica
703 2352 791 2388 pars
812 2352 934 2387 poenae

153 2392 212 2426 est
239 2388 347 2425 dolor
373 2388 621 2432 contritionis,
649 2392 685 2424 et
711 2390 933 2425 erubescen-

151 2435 208 2472 tia
229 2435 457 2479 confitentis,
481 2446 563 2481 quae
589 2435 627 2470 in
651 2435 821 2479 sequenti
844 2445 934 2471 con-

153 2482 319 2519 fessione
341 2482 511 2518 iteratur.
541 2481 635 2525 Quid
664 2481 778 2527 igitur
801 2481 934 2518 melius

154 2539 269 2576 quam
292 2529 509 2574 frequenter
531 2528 716 2571 confiteri,
739 2539 933 2575 quousque

152 2586 222 2623 per
243 2576 502 2620 centesimam,
520 2575 579 2611 vel
594 2574 830 2610 millesimam
848 2587 936 2611 con-

151 2623 356 2659 fessionem
379 2626 458 2658 tota
491 2633 606 2669 poena
636 2622 823 2658 relaxetur
843 2633 934 2658 con-

153 2669 306 2707 fitenti?
341 2671 385 2705 Et
414 2669 623 2706 notandum
652 2669 754 2715 quod
791 2669 935 2705 conses-

156 2716 212 2753 sio
238 2716 439 2763 generalis,
470 2727 552 2762 quae
578 2716 621 2751 fit
657 2719 746 2751 ante
779 2715 934 2751 missam

155 2762 196 2800 in
211 2763 380 2810 ecclesia,
395 2767 531 2812 purgat
545 2765 698 2811 peecata
714 2761 887 2808 venialia,
899 2765 936 2799 et

1010 238 1109 274 delet
1134 237 1247 274 etiam
1273 240 1428 283 peccata
1453 237 1629 274 mortalia
1654 238 1785 277 oblita.

1061 300 1072 321 1
1085 300 1096 321 1
1119 285 1327 321 CONFEsson
1344 296 1396 320 SIT
1412 296 1597 321 SECRETUS.
1618 304 1658 312 —
1671 286 1789 324 Valde

1009 335 1133 369 autem
1167 335 1296 367 cautus
1330 331 1441 368 debet
1470 342 1552 367 esse
1581 332 1789 378 confessor,

1009 379 1047 414 in
1064 379 1226 414 tenendo
1248 381 1432 415 secretum
1454 378 1715 424 confessionis,
1734 378 1790 417 ita

1011 429 1050 461 ut
1071 436 1138 461 nec
1160 424 1251 461 illud
1268 425 1422 470 revelet,
1441 425 1552 462 etiam
1574 426 1619 462 de
1637 424 1790 463 licentia

1011 471 1239 508 confitentis.
1273 473 1313 507 In
1340 483 1425 508 casu
1451 472 1552 508 enim
1576 483 1648 518 quo
1672 471 1791 509 confi·

1008 522 1092 554 tens
1110 517 1299 553 renuntiat
1317 529 1383 554 suo
1398 523 1557 563 secreto,
1574 523 1609 555 et
1627 519 1692 555 dat
1705 529 1792 556 6011·

1009 564 1141 600 sessori
1164 564 1353 600 licentiam
1372 565 1518 602 dicendi
1538 566 1595 602 cui
1616 565 1791 610 voluerit,

1008 611 1067 647 vel
1094 610 1274 656 loquendi
1300 611 1345 646 de
1373 621 1432 655 eo,
1458 623 1535 648 non
1559 615 1684 658 potest
1708 611 1792 659 ipse

1009 657 1203 693 consessor
1219 657 1387 693 revelare
1404 657 1544 694 dictum
1564 659 1633 695 sibi
1650 659 1691 694 in
1705 669 1791 695 con-

1009 703 1184 747 sessione,
1207 703 1294 748 quia
1311 703 1392 749 ipse
1412 705 1596 740 confitens
1612 716 1687 740 non
1705 708 1789 751 pot·

1009 753 1079 794 est,
1119 749 1157 785 in
1178 754 1384 802 ‘praecepto
1430 751 1538 797 Legis
1578 751 1714 787 divinae
1753 754 1792 788 et

1008 796 1255 842 Evangehcae,
1284 798 1353 833 5011
1380 807 1453 842 quo
1485 801 1671 833 secretum
1701 808 1790 834 con-

1008 843 1184 880 sessionis
1214 843 1327 888 cadit,
1354 843 1586 889 dispensare.
1620 846 1664 880 Et
1688 844 1790 890 ideo,

1009 890 1040 926 si
1073 890 1269 926 consessor
1302 901 1378 926 non
1413 891 1527 927 habet
1567 893 1791 936 potestatem

1009 937 1242 981 absolvendi,
1264 937 1322 973 vel
1347 936 1491 982 indiget
1511 937 1666 973 consilio
1688 937 1792 974 sani·

1010 983 1080 1028 ori,
1101 984 1214 1020 debet
1232 983 1303 1020 51111
1323 984 1462 1020 iterum
1485 988 1589 1020 extra
1609 983 1790 1021 confessi-

1010 1041 1136 1074 onem,
1160 1031 1208 1067 ob
1234 1031 1333 1067 hanc
1359 1034 1507 1067 tantum
1534 1042 1687 1067 causam
1719 1029 1792 1068 (1161

1010 1078 1146 1120 facere,
1171 1080 1208 1113 et
1229 1081 1317 1113 tunc
1344 1081 1466 1123 potest
1492 1078 1700 1124 exprimere
1722 1079 1793 1115 Su-

1009 1123 1164 1170 periori,
1185 1124 1241 1160 vel
1261 1124 1369 1160 alteri
1387 1125 1610 1161 consulenti.
1635 1124 1708 1161 Sed
1723 1134 1795 1162 1166

1010 1171 1049 1207 in
1080 1181 1170 1207 casu
1199 1171 1331 1207 mortis
1357 1171 1427 1207 sibi
1449 1171 1696 1216 imminentis,
1722 1182 1793 1208 1166

1012 1218 1080 1254 5011
1096 1217 1218 1263 sigillo
1235 1218 1496 1262 confessionis,
1514 1222 1638 1264 potest
1656 1218 1715 1254 vel
1731 1218 1794 1254 de·

1011 1265 1075 1301 bet
1107 1265 1187 1310 quis
1220 1268 1405 1301 secretum
1438 1264 1683 1301 confessionis
1708 1264 1793 1301 aliis

1012 1311 1201 1355 revelare;
1236 1322 1306 1347 1166
1340 1312 1452 1347 debet
1484 1311 1554 1357 ipsi
1582 1312 1793 1356 confitenti,

1012 1361 1097 1404 post
1125 1358 1399 1394 confessionem
1426 1361 1621 1404 peccatum
1649 1358 1792 1404 impro-

1011 1415 1160 1451 perare,
1182 1415 1250 1440 nec
1277 1406 1323 1445 ab
1352 1415 1396 1441 eo
1424 1408 1632 1451 peccatum,
1655 1405 1704 1441 ad
1725 1404 1794 1441 de-

1011 1452 1246 1496 nudandum,
1273 1451 1331 1488 vel
1357 1452 1633 1488 detrahendum
1664 1453 1794 1488 caute-

1012 1498 1105 1542 lose,
1135 1502 1220 1544 post
1252 1498 1528 1534 confessionem
1555 1503 1791 1545 extorquere.

1064 1559 1103 1581 12
1125 1547 1176 1580 DE
1196 1557 1465 1581 SATISFACTIONE
1483 1557 1607 1581 OPERIS
1627 1557 1693 1581 PER
1712 1556 1795 1581 6οΝ-

1011 1603 1153 1627 ·rRAiuA.
1175 1613 1220 1618 —
1238 1592 1363 1628 Tertia
1380 1603 1467 1638 pars
1483 1592 1716 1638 poenitentiae
1736 1595 1794 1628 est

1013 1638 1138 1684 operis
1165 1639 1383 1675 satisfactio.
1406 1641 1470 1674 Est
1495 1643 1622 1675 autem
1648 1638 1793 1675 satisfa-

1011 1685 1100 1730 ctio,
1114 1695 1187 1730 qua
1200 1696 1267 1731 pro
1282 1685 1463 1731 qualitate
1481 1686 1599 1731 culpae
1614 1695 1727 1731 poena
1741 1683 1794 1721 di-

1011 1742 1086 1778 gna
1107 1731 1321 1768 exsolvitur.
1363 1731 1456 1768 Hinc
1479 1737 1535 1768 est
1558 1732 1649 1768 illud
1670 1731 1793 1777 Bapti-

1013 1782 1078 1814 stae
1097 1789 1106 1814 :
1121 1781 1243 1814 Facite
1258 1779 1387 1823 diynos
1399 1780 1545 1822 fructus
1559 1781 1790 1824 pwnitentiae.

1012 1826 1118 1861 Unde
1136 1826 1354 1869 Gv-eqorius:
1374 1839 1392 1858 «
1410 1827 1490 1862 Non
1511 1826 1631 1861 solum
1651 1825 1794 1861 fructus

1011 1872 1260 1919 poenitentiae,
1295 1872 1360 1908 sed
1391 1872 1525 1917 dignos
1563 1871 1794 1918 poenitentiae

1012 1920 1154 1955 fructus
1180 1919 1357 1954 admonet
1379 1929 1462 1954 esse
1488 1918 1694 1955 faciendos.
1720 1919 1792 1955 Ne-

1012 1976 1083 2011 que
1105 1965 1205 2001 enim
1230 1976 1300 2011 par
1318 1965 1458 2001 fructus
1482 1976 1564 2001 esse
1586 1965 1676 2001 boni
1703 1976 1794 2011 ope·

1010 2012 1063 2048 ris
1082 2013 1194 2048 debet
1216 2013 1297 2058 ejus
1316 2011 1381 2058 qui
1403 2012 1541 2056 minus,
1569 2016 1605 2048 et
1628 2013 1708 2058 ejus
1729 2011 1794 2058 qui

1011 2059 1171 2105 amplius
1190 2059 1360 2105 deliquit,
1381 2062 1447 2096 aut
1465 2060 1545 2106 eJus
1566 2059 1627 2105 qui
1648 2060 1687 2095 in
1707 2058 1792 2095 nul-

1010 2106 1070 2151 lis,
1093 2109 1130 2142 et
1151 2106 1230 2152 ejus
1251 2106 1314 2152 qui
1334 2106 1374 2142 in
1399 2106 1622 2152 quibusdam
1649 2104 1792 2142 facino-

1010 2153 1115 2190 ribus
1128 2153 1278 2206 cecidit.
1302 2154 1374 2189 Per
1393 2153 1465 2189 hoe
1481 2163 1571 2198 ergo
1593 2152 1794 2198 cujuslibet

1010 2199 1242 2236 consolentia
1261 2199 1496 2244 convenitur,
1521 2203 1561 2235 ut
1578 2203 1682 2235 tanto
1710 2209 1792 2236 ma-

1006 2248 1093 2293 1016
1124 2249 1269 2293 quaerat
1290 2247 1476 2283 bonorum
1505 2256 1662 2292 opernm
1687 2246 1794 2282 lucra

1009 2305 1077 2340 per
1085 2293 1360 2340 poenitentiam,
1377 2296 1519 2339 quanto
1533 2292 1709 2339 graviora
1720 2291 1794 2330 sibi

1009 2341 1139 2377 intulit
1170 2341 1308 2377 damna
1339 2351 1407 2386 per
1430 2340 1589 2386 culpam.
1617 2353 1635 2372 »
1658 2341 1703 2376 Et
1728 2340 1795 2376 ite-

1009 2398 1094 2424 rum
1116 2399 1125 2423 :
1145 2402 1163 2421 «
1185 2389 1278 2424 Nam
1292 2387 1534 2432 cogitandum
1553 2396 1793 2433 summopere

1010 2438 1080 2479 est,
1102 2437 1145 2471 ut
1165 2435 1227 2481 qui
1245 2445 1283 2470 se
1302 2433 1433 2470 illicita
1449 2434 1621 2470 meminit
1641 2431 1794 2469 commi-

1010 2482 1117 2526 sisse,
1143 2492 1166 2518 a
1192 2481 1418 2527 quibusdam
1442 2481 1554 2517 etiam
1576 2480 1687 2516 licitis
1712 2482 1791 2516 stu-

1010 2529 1096 2565 deat
1137 2528 1342 2573 abstinere,
1385 2531 1568 2574 quatenus
1607 2537 1675 2574 per
1720 2526 1793 2562 hoc

1011 2575 1204 2612 Conditori
1225 2586 1291 2611 suo
1312 2574 1537 2619 satisfaciat;
1559 2578 1595 2610 et
1615 2572 1677 2619 qui
1693 2582 1792 2609 com-

1009 2622 1112 2658 misit
1143 2621 1346 2668 prohibita,
1386 2621 1537 2658 sibimet
1570 2619 1792 2657 abscindere

1010 2669 1147 2705 debeat
1183 2670 1296 2706 etiam
1334 2678 1525 2705 concessa.
1558 2682 1577 2700 »
1614 2666 1720 2702 Unde
1753 2667 1790 2702 et

1008 2716 1234 2752 Bernardus:
1264 2729 1283 2748 «
1310 2717 1381 2751 Pro
1409 2726 1452 2751 eo
1486 2714 1584 2760 quod
1620 2714 1667 2750 ab
1696 2711 1789 2759 ipsis

1010 2761 1122 2800 licitis
1141 2763 1388 2808 abstinemuS,
1404 2772 1448 2799 66
1460 2761 1571 2798 1101115
1585 2770 1668 2808 quae
1683 2758 1789 2807 prius
