1902 3126
150 180 206 215 192
643 175 788 210 PRIMAE
825 175 977 210 PARTIS
1017 175 1154 209 CAPUT
1190 174 1298 208 XXII

147 251 300 297 peccata
319 258 416 292 mea,
435 250 472 283 et
489 246 780 283 circumstantiae
802 256 952 289 eorum,
973 256 1050 282 non
1070 248 1218 281 tantum
1236 255 1297 281 me
1317 243 1357 280 in
1379 243 1523 289 laqueis
1544 243 1683 281 adduxi
1697 253 1781 290 pec-

145 300 329 340 catorum,
351 295 415 331 sed
436 297 473 330 et
493 294 630 330 multos
649 293 711 340 qui
732 304 816 329 mea
836 292 1025 337 suasione,
1042 292 1225 338 exemplo,
1240 291 1484 338 negligentia,
1503 292 1561 328 vel
1580 290 1779 329 occasione

144 342 272 389 aliqua
289 344 554 389 peccaverunt,
578 351 646 387 pro
666 351 824 387 quorum
845 344 882 376 et
905 339 998 375 meis
1024 339 1158 375 obnixe
1177 339 1359 386 deprecor
1378 337 1557 386 peccatis,
1578 340 1620 376 ut
1650 337 1779 376 omnia

146 389 256 427 nobis
274 389 473 436 indulgeas
494 387 793 425 misericorditer
813 390 849 424 et
868 387 1077 434 abstergas.
1099 388 1231 423 Amen.

796 596 977 642 CAPUT
1014 596 1139 642 XXll

460 746 516 773 DE
543 745 738 775 JEJUNIO
768 745 824 773 ET
850 743 1246 773 TENTATIONIBUS
1275 744 1459 774 DOMINI.

611 848 777 886 Matthaei
799 859 880 895 cap.
907 850 967 894 IV,
986 851 1023 885 et
1042 849 1149 885 Lucae
1170 859 1251 894 cap.
1274 849 1333 884 IV.

199 996 209 1018 1
234 982 308 1018 CUR
328 981 501 1016 Cmusrns
527 991 595 1015 cmi
618 991 768 1015 DAEMONE
797 990 930 1015 PUGNA-

145 1039 259 1064 waes
290 1038 474 1062 DESERTCM
507 1038 678 1062 armemur
698 1027 715 1061 ἰ)
741 1047 786 1052 -
819 1027 928 1062 Post-

147 1084 261 1120 quam
282 1077 401 1108 autem
424 1073 605 1109 Dominus
619 1075 722 1109 Jesus
732 1073 930 1119 fuitbapti-

145 1124 263 1163 zatus,
284 1131 467 1164 reqressus
496 1123 548 1156 est
581 1132 603 1156 α
621 1122 780 1156 Jordane
798 1122 928 1166 plenus

144 1168 291 1213 Spiritu
329 1167 475 1209 Sancto,
512 1167 748 1214 plenitudine
773 1178 926 1213 supera-

145 1213 377 1258 bundantiae,
399 1215 442 1249 de
480 1215 584 1259 cujus
614 1216 845 1260 plenitudine
864 1225 927 1249 nos

146 1271 266 1297 omnes
296 1263 512 1307 accepimus.
534 1263 577 1297 Et
610 1266 706 1306 tunc,
728 1261 764 1297 id
793 1265 849 1296 est
868 1261 926 1296 in-

147 1307 357 1344 continenti
382 1318 424 1344 ac
452 1308 534 1344 sine
558 1319 677 1353 mora,
705 1309 835 1344 ductus
861 1312 925 1349 est,

146 1358 368 1401 spontanee,
390 1357 429 1390 in
449 1356 640 1396 desertum,
661 1366 774 1401 super
795 1366 925 1401 quem-

146 1402 231 1438 dam
272 1405 436 1437 montem
475 1402 580 1438 mirae
609 1402 832 1446 altitudinis,
873 1401 928 1437 di-

148 1451 251 1485 ctum
272 1449 526 1492 Quarantena,
549 1449 613 1495 qui
638 1454 695 1485 est
716 1449 814 1484 inter
832 1449 928 1485 Jeri-

146 1496 217 1531 cho
253 1500 289 1531 et
318 1496 541 1540 Jerusalem,
567 1496 712 1532 distans
735 1507 757 1531 a
778 1497 928 1531 Jerieho

148 1542 294 1579 duobus
334 1541 569 1586 milliaribus,
592 1546 629 1578 et
667 1553 688 1578 a
720 1543 929 1578 Jerusalem

147 1588 350 1625 duodecim
378 1589 434 1624 vel
457 1588 567 1624 circa.
592 1592 632 1625 In
664 1589 844 1635 praedicto
869 1589 930 1624 de-

147 1638 249 1671 serto
279 1635 445 1671 latrones
481 1636 621 1671 morari
657 1637 843 1679 solebant,
867 1635 929 1681 qui

147 1682 254 1718 locus
287 1685 442 1717 vocatur
470 1684 628 1729 Domyn,
648 1683 747 1728 quod
782 1685 931 1726 sanqui-

146 1739 228 1764 nem
262 1732 383 1772 sonat,
414 1733 566 1775 propter
596 1729 815 1765 effusionem
849 1740 932 1765 san-

147 1775 286 1821 guinis,
311 1786 422 1821 quam
455 1776 505 1812 ibi
530 1777 695 1812 latrones
726 1776 928 1812 faciebant.

148 1822 369 1868 Specialiter
408 1825 552 1869 Domyn
582 1827 638 1859 est
682 1824 827 1866 casale,
865 1822 929 1859 ubi

146 1868 211 1905 ille
230 1869 292 1915 qui
319 1870 513 1906 descendit
533 1881 554 1906 a
573 1870 783 1906 Jerusalem
814 1870 853 1905 in
872 1872 931 1906 Je-

146 1915 252 1952 richo
271 1916 401 1952 incidit
425 1917 463 1952 in
489 1918 670 1961 latrones,
696 1916 803 1962 quasi
831 1917 930 1952 circa

146 1962 312 1998 medium
333 1963 372 1999 in
392 1964 452 2000 via
477 1974 561 2010 quae
583 1964 628 2000 de
648 1964 798 2000 Jericho
826 1963 930 1998 ducit

146 2009 187 2045 in
203 2011 412 2046 Jerusalem
434 2022 456 2047 a
472 2014 578 2056 parte
610 2010 762 2046 australi
790 2008 929 2045 deserti

145 2056 419 2101 Quarantenae3
442 2057 579 2093 deinde
600 2060 656 2092 est
674 2055 870 2099 Bethania,
893 2059 930 2091 et

146 2103 380 2149 Bethphage,
403 2107 439 2140 et
464 2104 692 2148 Jerusalem3
732 2107 768 2139 et
793 2102 930 2138 transit

148 2149 210 2185 via
234 2149 273 2184 in
301 2150 417 2186 latere
439 2150 594 2186 australi
621 2150 758 2186 montis
780 2149 927 2186 Oliveti.

145 2195 240 2238 Quia
261 2206 351 2242 ergo
372 2198 485 2232 homo
507 2197 569 2243 qui
591 2197 641 2232 ibi
666 2197 843 2233 incidisse
871 2196 928 2232 di-

146 2242 243 2278 citur
279 2242 320 2277 in
361 2244 546 2287 latrones,
576 2245 730 2288 gerebat
769 2245 929 2289 figuram

145 2289 250 2333 Adae,
285 2289 347 2334 qui
375 2301 396 2325 a
431 2291 665 2326 daemonihus
704 2294 759 2326 est
798 2291 928 2335 xictus,

146 2336 374 2372 conveniens
402 2336 472 2371 suit
498 2341 536 2372 ut
558 2337 606 2372 ibi
628 2337 874 2373 historialiter
894 2341 931 2373 et

146 2382 353 2419 secundum
393 2393 498 2426 rem,
532 2383 701 2419 Christus
735 2388 930 2430 superaret

147 2428 355 2473 diabolum,
368 2429 430 2465 ubi
447 2430 654 2474 figuraliter
673 2434 708 2465 et
726 2432 931 2466 secundum

148 2475 437 2512 similitudinem
458 2477 632 2512 diabolus
653 2476 789 2513 dicitur
808 2477 930 2513 homi-

148 2533 237 2559 nem
258 2533 454 2568 superasse
475 2522 650 2569 primum.
669 2524 774 2559 Unde
796 2524 932 2560 dicitur

150 2569 252 2615 quod
269 2569 526 2606 Samaritanus
547 2571 678 2605 eadem
702 2569 762 2605 via
780 2571 932 2606 descen-

150 2616 225 2660 dit;
253 2615 342 2662 quia
373 2627 485 2653 carne
521 2615 676 2652 indutus
707 2616 822 2652 Filius
852 2616 930 2661 Dei,

153 2663 220 2709 qui
239 2666 296 2699 est
316 2667 440 2700 custos
458 2662 668 2708 hominum,
685 2664 834 2699 easdem
856 2667 934 2699 ten-

153 2709 316 2746 tationes
362 2710 414 2747 ibi
463 2709 650 2746 sustinuit.
694 2711 933 2756 Pugnaturus

155 2755 308 2802 quidem
326 2757 507 2794 Dominus
526 2768 610 2794 cum
631 2755 794 2803 diabolo,
810 2756 849 2793 in
869 2757 931 2793 de-

1006 983 1147 1016 sertum
1167 979 1335 1023 secessit,
1357 981 1399 1015 ut
1421 977 1531 1016 nobis
1552 979 1786 1026 ostenderet,

1008 1027 1108 1072 quod
1137 1026 1201 1072 qui
1233 1026 1397 1073 perfecte
1434 1026 1591 1072 laqueos
1616 1026 1790 1063 tentatio-

1007 1084 1097 1109 num
1123 1075 1203 1120 eJus
1239 1073 1316 1109 vult
1342 1083 1533 1119 superare,
1561 1084 1638 1110 non
1667 1074 1789 1111 solum

1007 1121 1138 1156 turbas
1159 1121 1387 1164 daemonum,
1411 1121 1477 1156 sed
1498 1120 1611 1157 etiam
1629 1120 1788 1158 societa-

1006 1170 1084 1203 tem
1117 1167 1302 1204 malorum
1337 1167 1548 1212 hominum,
1586 1167 1790 1214 aliquando

1009 1213 1160 1259 quidem
1175 1224 1346 1260 corpore,
1357 1225 1505 1260 semper
1515 1218 1641 1251 autem
1649 1218 1790 1260 mente,

1008 1261 1120 1297 debet
1137 1260 1256 1297 vitare
1276 1264 1313 1297 et
1333 1262 1484 1306 fugere‚·
1502 1262 1672 1308 exemplo
1688 1261 1791 1298 illius

1009 1307 1072 1354 qui
1106 1308 1146 1343 in
1179 1307 1296 1354 regali
1331 1309 1430 1353 aula,
1460 1311 1497 1343 et
1532 1308 1632 1345 inter
1662 1309 1792 1345 turbas

1007 1355 1208 1401 populares
1250 1354 1393 1401 positus
1413 1382 1422 1399 ,
1464 1354 1613 1391 dicebat
1651 1366 1660 1391 :
1702 1358 1793 1392 Ecce

1008 1403 1176 1446 elonqacz‘
1201 1403 1361 1446 fugiens,
1383 1405 1417 1437 et
1435 1404 1556 1438 mansi
1589 1404 1629 1438 in
1659 1403 1793 1438 solitu-

1008 1449 1105 1484 dine.
1140 1450 1215 1484 Nos
1247 1459 1350 1494 ergo,
1379 1449 1547 1494 exemplo
1584 1447 1722 1486 Christi
1755 1451 1794 1485 et

1007 1495 1177 1541 Joannis,
1205 1496 1392 1540 agitemur
1418 1506 1440 1531 a
1472 1494 1613 1541 Spiritu
1639 1496 1792 1541 Sancto,

1008 1553 1085 1578 non
1101 1553 1169 1588 per
1189 1541 1416 1588 hypocrisim
1437 1553 1460 1577 a
1479 1541 1657 1589 maligno,
1671 1541 1712 1578 in
1726 1542 1792 1579 de-

1009 1593 1152 1625 sertum
1172 1589 1243 1625 loci
1270 1592 1306 1624 et
1331 1587 1559 1633 solitudinis,
1578 1589 1637 1625 vel
1659 1589 1792 1625 saltem

1009 1634 1049 1671 in
1074 1636 1267 1671 desertum
1293 1635 1411 1671 nostri
1441 1635 1605 1681 pectoris
1631 1638 1668 1672 et
1701 1646 1790 1672 con-

1008 1682 1280 1728 templationis,
1292 1685 1332 1718 ut
1344 1682 1459 1728 quieti
1476 1693 1497 1718 a
1513 1681 1670 1729 strepitu
1686 1693 1792 1719 mun-

1009 1728 1060 1774 di,
1084 1729 1218 1765 melius
1240 1731 1315 1765 Deo
1337 1740 1524 1774 vacemus,
1551 1732 1589 1765 et
1608 1728 1646 1765 in
1667 1731 1793 1765 mente

1009 1776 1174 1812 seculum
1224 1777 1453 1821 deserentes,
1499 1776 1607 1822 quasi
1651 1785 1791 1812 manna

1010 1823 1148 1859 deserti
1183 1823 1263 1859 sola
1298 1826 1438 1859 aeterna
1475 1822 1614 1867 gaudia
1647 1821 1792 1858 esurire

1009 1869 1210 1906 discamus.
1243 1871 1380 1905 Ductus
1413 1872 1470 1904 est
1495 1868 1610 1914 igitur
1638 1870 1748 1905 Jesus
1770 1879 1795 1904 a

1008 1918 1153 1961 Spiritu
1169 1918 1316 1956 Sancto,
1340 1914 1428 1960 quia
1444 1914 1662 1952 humanitas
1682 1914 1795 1952 Chri-

1009 1963 1055 1998 sti
1083 1965 1164 1997 erat
1190 1971 1373 2007 organum
1397 1961 1619 2007 divinitatis,
1644 1964 1682 1998 et
1705 1961 1791 1998 ideo

1009 2009 1057 2044 ad
1075 2008 1201 2044 omnia
1217 2009 1363 2054 agenda
1378 2009 1600 2046 movebatur
1612 2007 1794 2046 instinctu

1011 2055 1171 2101 Spiritus
1194 2055 1332 2092 Sancti.

1059 2116 1076 2138 2
1101 2103 1250 2146 QUANDO
1285 2114 1327 2138 ET
1359 2113 1426 2138 cnn
1443 2102 1619 2139 Cnms‘rtss
1639 2114 1791 2139 'rmum

1009 2150 1210 2185 VOLUERIT‘?
1222 2151 1352 2185 —Hoc
1367 2159 1456 2195 ergo
1476 2152 1579 2185 motu
1594 2149 1662 2185 ivit
1674 2149 1714 2185 in
1728 2150 1792 2186 de-

1010 2200 1152 2233 sertum
1172 2197 1309 2240 locum,
1329 2200 1369 2232 ut
1389 2195 1442 2232 ibi
1460 2195 1634 2242 spiritum
1650 2195 1690 2232 in
1709 2206 1792 2233 ora-

1009 2244 1112 2280 tione
1134 2254 1202 2290 pro
1238 2243 1346 2280 nobis
1376 2245 1453 2279 Deo
1481 2242 1584 2279 Patri
1620 2243 1790 2289 offerret,

1010 2295 1047 2326 et
1065 2301 1133 2337 per
1149 2290 1334 2337 jejunium
1371 2300 1522 2326 carnem
1548 2290 1791 2327 innocentem

1009 2348 1078 2384 pro
1111 2338 1219 2374 nobis
1252 2340 1475 2382 maceraret,
1504 2337 1793 2384 exemplumque

1010 2383 1186 2420 fidelibus
1215 2384 1335 2429 daret,
1359 2387 1400 2420 ut
1436 2395 1475 2420 se
1502 2386 1578 2421 Deo
1608 2395 1676 2431 per
1691 2384 1791 2431 jeju-

1010 2431 1112 2467 nium
1134 2435 1170 2467 et
1190 2431 1400 2468 orationem
1424 2431 1601 2469 offerant.
1623 2433 1704 2468 Non
1725 2429 1794 2467 ivit

1010 2478 1173 2523 invitus3
1204 2479 1270 2514 sed
1296 2478 1487 2514 voluntate
1513 2477 1724 2525 pugnandi,
1755 2480 1793 2514 et

1010 2529 1051 2560 ut
1069 2528 1270 2560 tentaretur·
1290 2537 1313 2561 a
1334 2526 1494 2566 diabolo,
1518 2535 1587 2571 per
1606 2524 1708 2570 quod
1728 2523 1789 2560 in-

1011 2571 1184 2607 sinuatur
1219 2572 1321 2618 quod
1345 2571 1573 2618 aggrediens
1597 2571 1790 2608 desertum

1010 2617 1241 2664 poenitentiae
1261 2618 1394 2655 fortius
1412 2621 1584 2654 tentatur
1600 2618 1647 2654 ab
1666 2617 1789 2663 hoste,

1007 2666 1113 2711 Juxta
1133 2665 1225 2702 illud
1245 2677 1253 2702 ε
1275 2667 1362 2707 Fili,
1383 2666 1552 2702 accedens
1570 2664 1620 2700 ad
1637 2666 1792 2700 servitu-

1012 2715 1081 2747 tem
1098 2714 1177 2754 Dei,
1198 2715 1256 2748 sta
1287 2714 1327 2748 in
1341 2713 1492 2757 justitia
1528 2714 1563 2747 et
1593 2712 1734 2754 timore,
1756 2713 1791 2748 et

1008 2769 1179 2805 praepara
1196 2762 1357 2795 animam
1371 2762 1470 2795 tuam
1478 2758 1526 2794 ad
1541 2759 1787 2799 tentationem,
