1876 3126
566 119 618 152 DE
658 118 866 153 SERMONE
904 119 1063 154 DOMINI
1102 119 1150 154 IN
1188 120 1347 156 MONTE.

148 190 360 228 forinsecus
380 200 448 236 per
471 187 641 225 membra
655 187 824 234 corporis
845 198 932 234 ope-

147 238 257 275 randi
293 237 510 274 necessitas.
539 249 558 268 n
587 234 808 271 Desiderent
836 245 927 280 erge
958 266 961 279 ,

147 285 211 322 alii
234 295 343 329 vana,
367 294 448 330 quae
470 293 534 319 eos
554 281 692 334 satiare
722 292 797 334 non
819 285 926 328 pote—

147 335 256 376 runt;
283 331 378 368 beati
420 332 545 366 autem
582 339 645 375 qui
683 332 853 365 esuriunt
888 332 925 365 et

146 379 275 416 sitiunt
290 377 489 424 justitiam,
515 375 693 422 quoniam
726 375 794 422 ipsi
826 380 926 413 satu-

144 427 349 467 rabuntur;
375 423 434 459 hie
460 433 529 470 pro
561 422 728 470 modulo,
749 423 815 459 sed
846 424 924 470 ple-

142 472 246 510 narie
265 472 302 507 in
323 472 458 507 futuro.

187 522 207 556 8
237 519 374 562 Qcixm
399 529 625 554 nanneno:
655 529 918 554 MisERICORDIA.

135 586 181 592 —
197 565 342 602 Deinde
362 565 531 612 sequitur
551 565 679 611 quinta
698 579 708 601 .·
727 567 832 601 Beati
850 568 920 601 mi-
951 604 953 612 ,

132 613 330 649 sericordes
368 626 379 656 ,-
414 615 586 658 quoniam
617 614 692 659 ipsi
720 615 922 649 miscricor-

133 660 232 696 diam
251 664 524 705 consequentur.
551 661 639 696 Post
657 660 842 706 justitiam
864 671 920 697 re·
950 682 953 699 i

131 710 189 744 cte
200 707 353 754 ponitur
366 707 639 751 misericordia,
653 707 826 752 qniauna
842 719 918 744 non

130 753 240 791 debet
259 765 341 791 esse
357 754 437 791 sine
458 754 531 790 alia
549 766 557 798 ;
572 755 638 790 sed
660 755 778 791 altera
799 756 845 791 ab
868 756 919 791 al-

130 804 211 838 tera
223 801 425 848 temporari
440 814 447 837 z
464 812 549 838 nam
564 801 825 838 misericordia
836 803 917 839 sine
950 835 951 850 ἢ

125 849 272 895 justitia
299 849 491 885 descendit
522 849 567 885 ad
597 849 881 885 dissolutionem
907 862 915 894 3

124 896 270 943 justitia
291 897 373 933 sine
387 896 647 933 misericordia
662 897 853 933 descendit
871 898 918 934 ad

128 943 389 980 crudelitatem
407 956 415 986 ;
436 955 608 980 unacum
620 943 693 980 alia
709 943 848 980 incedit
864 956 918 981 se-

128 991 291 1027 cundum
314 991 543 1037 {rquitatenn
573 993 636 1027 Est
657 995 781 1027 autem
805 991 916 1028 mise·
950 1014 952 1036 2

950 1045 951 1061 ³
992 1040 1062 1075 hoc
1089 1045 1175 1082 auat
1205 1042 1302 1076 Deus
1335 1052 1418 1077 cum
1444 1052 1526 1077 suo.
1555 1056 1573 1074 υ
1607 1044 1710 1079 Unde
1742 1046 1779 1080 et

127 1037 290 1074 ricordia
319 1038 469 1075 miseria
493 1038 619 1075 cordis
647 1049 760 1085 super
787 1040 915 1084 malo;

126 1086 226 1122 unde
239 1086 412 1122 dicuntur
426 1085 704 1129 misericordes,
723 1086 828 1131 quasi
847 1087 917 1122 mi-

125 1142 250 1169 serum
266 1144 330 1169 cor
350 1133 548 1178 habentis,
572 1133 660 1179 quia
672 1133 825 1170 alterius
846 1134 916 1170 mi-

125 1181 261 1216 seriam
293 1180 400 1226 quasi
435 1191 541 1217 suam
572 1184 763 1227 reputant,
799 1185 835 1217 et
869 1182 915 1218 de

123 1227 224 1264 malo
252 1228 424 1272 alterius,
458 1228 565 1274 quasi
596 1229 641 1264 de
669 1239 750 1271 suo,
772 1229 913 1265 dolent.
947 1230 949 1261 J

126 1274 384 1311 Misericordia
408 1279 463 1311 cst
481 1275 670 1311 dimittere
696 1275 854 1321 injurias
877 1277 916 1312 il—

125 1321 235 1366 latas,
259 1334 300 1358 ac
323 1334 475 1358 omnem
498 1334 693 1359 rancorem
713 1328 749 1359 et
769 1324 911 1369 odium,

123 1372 161 1406 et
181 1369 270 1405 dare
286 1371 548 1416 quodcumque
573 1375 697 1417 potest
718 1370 912 1417 spirituale
944 1401 945 1407 ,

125 1420 162 1453 et
184 1417 378 1464 corporale
401 1417 623 1454 subsidium.
646 1418 912 1455 Misericordiae
944 1458 945 1463 ¹

944 1468 945 1471 ’
986 1477 1062 1501 non
1077 1477 1200 1512 posse,
1221 1466 1289 1502 nisi
1313 1471 1349 1503 et
1371 1467 1450 1512 ipse
1463 1467 1675 1505 misericors
1693 1469 1778 1505 sue-

125 1469 251 1501 autem
274 1466 495 1501 cxliibendae
510 1466 541 1501 is
560 1470 615 1501 est
632 1466 738 1511 ordo,
752 1470 791 1501 ut
809 1466 912 1512 prius

125 1511 175 1548 sit
195 1523 306 1558 super
328 1513 425 1548 male
451 1514 620 1559 proprio,
641 1513 850 1549 secundum
868 1513 910 1548 il-

124 1558 188 1596 lud
209 1559 479 1595 Ecclesiastici:
500 1562 672 1596 Miserere
691 1563 822 1595 animae
842 1565 912 1596 tuae

146 1607 264 1642 Iacens
274 1609 367 1649 Πίος
383 1607 518 1643 deinde
534 1618 647 1653 super
658 1607 814 1654 preximi
830 1618 910 1644 ma-

950 913 952 924 l

133 1664 169 1698 o,
203 1655 284 1703 ejus
319 1654 527 1691 defectibus
554 1655 908 1699 condescendendo,
942 1668 944 1687 ι

117 1701 223 1747 cujus
243 1702 329 1736 linis
348 1704 403 1737 est
424 1712 490 1748 pro
512 1701 585 1737 alio
604 1701 715 1746 mori,
738 1703 910 1748 exemplo

117 1747 268 1792 Christi,
295 1748 356 1794 qui
374 1759 441 1795 pro
461 1749 569 1785 nobis
587 1760 629 1785 ex
650 1749 911 1786 misericordia

118 1795 222 1832 dedit
248 1806 287 1831 se
308 1796 432 1832 morti.
461 1798 525 1833 Est
552 1796 668 1843 igitur
691 1796 906 1833 misericor-

121 1842 184 1880 dia
218 1843 340 1889 prima
368 1843 522 1890 propria
555 1845 603 1880 ad
630 1845 810 1891 seipsum,
843 1855 911 1891 per

118 1889 377 1938 poenitentiam
391 1902 399 1934 3
413 1891 581 1927 secunda
590 1892 755 1927 fraterna
769 1894 814 1927 ad
826 1902 910 1938 pro-

119 1938 276 1981 ximum,
292 1947 360 1983 per
373 1938 661 1974 beneficentiam
679 1950 688 1982 3
709 1943 763 1974 est
783 1942 819 1974 et
838 1942 910 1975 ter-

118 1984 172 2021 tia
193 1985 319 2021 filialis
346 1985 391 2021 ad
418 1986 550 2030 Deum,
582 1996 651 2032 per
678 1986 908 2032 compassio-

117 2043 236 2077 nem;
268 2032 348 2077 sed,
377 2033 476 2069 heu!
511 2033 601 2079 quia
628 2032 722 2068 nihil
752 2044 907 2080 compa-

119 2079 267 2116 tiuntur
318 2090 430 2126 super
476 2079 705 2116 contritione
751 2082 904 2126 Joseph.

122 2127 250 2164 Prima
272 2127 518 2174 consequitur
542 2127 841 2164 misericordiam
863 2128 902 2164 in

117 2175 338 2212 remissione
368 2174 491 2211 omnis
544 2175 662 2222 culpa‘
683 2187 691 2219 ;
741 2176 906 2212 secunda

120 2222 367 2269 consequitur
397 2222 697 2259 misericordiam
720 2222 759 2257 in
794 2223 905 2258 dimi-

119 2269 275 2306 nutione
288 2280 426 2316 pcenae,
444 2275 480 2306 et
495 2270 787 2306 intercessorum
809 2270 904 2305 mul-

120 2316 376 2370 tiplicatione:
399 2317 461 2364 qui
485 2317 584 2354 enim
609 2317 784 2353 diminuit
808 2318 903 2354 alte-

115 2375 196 2400 rius
216 2374 382 2410 poenam,
403 2370 569 2401 merctur
589 2376 665 2402 sua¹
686 2364 904 2401 diminutio·
936 2359 937 2387 ἶ

114 2421 200 2448 nem
213 2423 221 2455 ;
236 2411 346 2448 tertia
356 2412 904 2458 consequiturmisericordiam
936 2445 938 2451 ,

114 2458 155 2495 in
175 2459 378 2505 adeptione
401 2460 545 2506 glorice,
575 2460 676 2506 quia,
693 2460 904 2497 secundum

115 2507 336 2553 Apostolum
354 2519 362 2542 ε
383 2510 417 2542 si
436 2511 691 2554 compatimur,
711 2511 752 2543 ut
773 2511 806 2543 et
821 2518 903 2544 con-

112 2555 368 2600 qlorz'ficemur.
393 2555 480 2599 Sed,
504 2559 543 2591 ut
563 2555 651 2591 dicit
671 2555 901 2597 Ambrosius,
935 2561 937 2599 ξ

116 2601 179 2648 qui
192 2601 432 2648 compatitur,
450 2614 524 2638 non
538 2602 792 2649 perfunctorie
805 2613 904 2639 com·
934 2603 937 2650 ξ

116 2650 372 2702 patitur;sed
403 2654 441 2686 ut
474 2649 735 2686 tribulationes
765 2650 901 2687 Christi
934 2679 935 2685 ,

115 2706 156 2733 ln
174 2707 330 2743 corpore
347 2708 413 2734 suo
429 2697 597 2745 impleat,
614 2697 708 2734 sicut
723 2697 903 2745 implebat

116 2747 155 2780 et
175 2744 327 2782 Paulus.
351 2744 468 2792 Igitur
488 2745 655 2782 studiose
671 2746 769 2782 circa
786 2745 899 2783 mise-

1725 125 1788 159 267

1002 189 1202 226 ricordiam
1225 191 1396 228 insistere
1416 191 1610 237 debemus,
1639 193 1728 240 quia
1748 194 1787 231 in

1001 237 1176 273 omnibus
1195 238 1454 275 misericordia
1472 240 1538 276 Dei
1559 240 1783 287 indigemus.

999 284 1230 335 lime-virtus
1268 289 1370 322 tanta
1399 291 1468 331 cst,
1499 288 1598 334 quod
1630 299 1675 324 ea
1707 299 1785 335 prae

996 334 1132 365 ceteris
1152 332 1242 375 Deo,
1270 333 1375 378 quasi
1398 334 1467 370 sibi
1490 335 1652 382 propria,
1681 337 1787 373 attri-

998 376 1149 412 buatur.
1177 379 1280 414 Unde
1301 380 1460 417 dicitur:
1482 384 1589 425 Dens,
1617 385 1677 419 cuz·
1700 395 1785 430 pro-

995 425 1122 469 prium
1143 428 1194 476 est
1214 428 1378 461 misereri
1398 440 1536 474 scmpzr
1562 434 1595 465 et
1621 442 1780 476 parcere.

999 472 1102 507 Hanc
1123 476 1235 507 etiam
1261 478 1435 518 negatam
1453 478 1693 521 exprobrabit
1723 489 1783 515 re-

998 518 1143 563 probis,
1185 523 1221 554 et
1256 519 1463 565 impensam
1504 526 1785 562 commendabit

992 565 1116 612 Justis.
1141 565 1300 602 Maxime
1319 568 1418 603 enim
1436 576 1633 606 suf-cunni
1664 583 1783 618 opera

996 613 1266 650 misericerdiae
1300 613 1339 649 in
1379 615 1438 651 die
1470 617 1599 661 judicii
1634 619 1691 654 bis
1718 619 1782 665 qui

996 660 1153 696 fecerint
1171 671 1229 704 ea,
1252 661 1446 707 quoniam,
1462 668 1502 698 ut
1523 664 1573 699 ait
1593 667 1778 703 „lai-obus:

989 709 1174 744 Judicium
1189 710 1267 744 sine
1280 709 1530 745 misericordia
1551 714 1609 756 fiet
1627 713 1697 755 illi,
1716 715 1782 758 qui

989 766 1060 791 non
1080 757 1207 799 fecerit
1241 758 1541 793 misericordiam.
1572 759 1675 794 Unde
1702 762 1781 795 Λιι-

991 806 1161 847 9ιι3είηιιε
1204 805 1335 839 beatos
1369 815 1451 841 esse
1478 804 1581 850 dicit,
1608 807 1669 852 qui
1692 807 1780 843 sub-

994 851 1148 886 veniunt
1179 851 1341 895 miseris,
1365 852 1544 897 quoniam
1568 854 1621 889 eis
1646 853 1698 889 ita
1725 864 1781 890 re-

992 898 1190 943 pendetur,
1219 902 1259 934 ut
1291 899 1338 935 de
1364 899 1517 936 miseria
1554 900 1777 938 liberentur.

994 959 1012 977 «
1032 946 1102 980 Fae
1119 949 1155 981 et
1180 946 1266 989 tiet;
1290 946 1346 982 sac
1373 958 1457 983 cum
1479 948 1612 991 altero,
1648 952 1689 984 ut
1713 948 1780 985 fiat

991 996 1133 1036 tecum;
1155 993 1254 1038 quod
1275 993 1397 1039 egeris
1415 1005 1499 1030 cum
1520 995 1679 1041 petitore
1700 1000 1778 1041 tuo,

991 1088 1159 1122 Hilarius
1181 1100 1191 1122 .·
1213 1102 1229 1121 «
1249 1090 1288 1123 ln
1309 1092 1453 1124 tantum
1475 1089 1573 1124 enim
1594 1091 1691 1126 Deus
1712 1091 1777 1126 be-

992 1135 1215 1170 nevolentize
1238 1139 1376 1171 nestra:
1398 1135 1435 1171 in
1457 1147 1590 1172 omnes
1613 1137 1778 1174 delecta-

991 1185 1053 1217 tur
1082 1183 1234 1222 atl'ectu,
1263 1186 1303 1218 ut
1340 1182 1639 1220 misericordiam
1671 1194 1779 1222 suam

991 1229 1037 1264 sit
1056 1229 1144 1265 solis
1162 1230 1465 1266 mIsericordibns
1482 1232 1733 1277 praestiturus
1759 1245 1777 1268 »

990 1277 1096 1312 Unde
1111 1277 1222 1313 etiam
1252 1279 1543 1322 Chrysostomus:
1565 1279 1778 1317 «Dominus

988 1323 1332 1360 misericordiarum
1349 1325 1607 1362 misericordes
1620 1327 1709 1362 dicit
1723 1338 1779 1363 es-

988 1382 1027 1407 se
1050 1372 1195 1413 beatos,
1224 1372 1275 1407 sic
1297 1373 1499 1408 ostendens
1526 1385 1776 1420 unumquem-

986 1429 1057 1464 que
1071 1424 1240 1455 nostrum
1255 1419 1551 1456 miserIeordiam
1568 1421 1777 1467 promereri

987 1513 1048 1548 rit.
1068 1526 1084 1546 n
1103 1515 1145 1549 Et
1160 1513 1316 1549 iterum:
1338 1528 1356 1547 «
1379 1514 1533 1550 Videtur
1549 1520 1675 1551 autem
1693 1527 1776 1553 esse

986 1561 1143 1606 aequalis
1170 1560 1382 1604 retributio,
1406 1562 1471 1597 sed
1498 1566 1535 1597 et
1556 1564 1673 1599 multo
1695 1574 1775 1600 ma·-

982 1608 1064 1653 jor:
1098 1618 1174 1643 non
1206 1611 1261 1643 est
1297 1607 1398 1643 enim
1425 1609 1581 1654 aequalis
1610 1611 1777 1648 humana

985 1654 1264 1699 misericordia,
1284 1658 1320 1691 et
1338 1655 1485 1691 divina:
1501 1656 1667 1693 Sam-iant
1685 1669 1775 1704 ergo

985 1702 1139 1748 tyranni
1158 1713 1243 1739 cum
1268 1702 1346 1739 suis
1368 1703 1667 1750 crudelitatibus,
1694 1705 1776 1743 sine

985 1749 1253 1786 misericordia
1290 1750 1481 1796 perituri;
1518 1751 1617 1787 beati
1648 1756 1775 1790 antem

986 1797 1268 1842 misericordes,
1302 1797 1481 1843 quoniam
1518 1798 1589 1845 ipsi
1623 1800 1773 1837 miseri-

985 1845 1156 1880 cordiam
1193 1849 1478 1891 consequentur
1510 1859 1520 1881 .·
1555 1846 1595 1882 in
1631 1848 1771 1893 futuro,

983 1892 1046 1928 ubi
1069 1894 1116 1929 ab
1138 1892 1242 1928 omni
1273 1892 1427 1928 miseria
1446 1893 1564 1939 culpa:
1587 1898 1623 1930 et
1649 1905 1771 1940 poenae

984 1940 1279 1975 sublevabuntur
1299 1951 1307 1983 ;
1329 1943 1367 1976 et
1386 1939 1424 1975 in
1443 1940 1514 1975 hoe
1538 1941 1678 1985 seculo,
1704 1941 1769 1978 ubi

981 1987 1035 2022 eis
1052 1987 1161 2032 culpa
1179 1985 1384 2022 remittitur
1403 1989 1439 2023 et
1456 1989 1576 2032 gratia
1595 1988 1767 2034 largitur,

981 2035 1226 2069 conseruntur
1247 2033 1484 2080 temporalia,
1506 2039 1542 2070 et
1569 2036 1767 2072 sublevan-

980 2085 1040 2117 tur
1060 2092 1082 2116 a
1103 2080 1299 2126 multiplici
1326 2080 1493 2125 miseria,
1510 2086 1621 2128 prout
1646 2086 1767 2120 status

980 2127 1060 2174 ipse
1078 2127 1232 2174 patitur,
1253 2133 1291 2164 et
1310 2128 1421 2164 saluti
1442 2129 1632 2175 spirituali
1654 2141 1764 2177 expe-

979 2175 1061 2211 dire
1083 2175 1241 2212 iidetur.
1267 2190 1285 2207 »

1027 2238 1048 2270 9
1070 2223 1186 2259 SEXTA
1205 2234 1403 2260 BEATITUDO
1424 2235 1432 2260 z
1455 2235 1580 2260 connis
1599 2236 1762 2262 remus.

978 2291 1024 2296 —
1039 2270 1180 2306 Deinde
1201 2270 1371 2316 sequitur
1389 2275 1515 2308 sexta:
1538 2275 1641 2309 Beati
1656 2284 1763 2310 mun-

978 2318 1024 2353 cIo
1060 2319 1193 2361 corde3
1223 2321 1395 2363 quoniam
1427 2321 1502 2366 ipsi
1525 2323 1636 2356 Deum
1660 2321 1762 2357 cide-

979 2365 1079 2400 bunt.
1103 2366 1212 2402 Sexta
1226 2365 1418 2403 beatitudo
1436 2367 1576 2413 optime
1591 2371 1693 2404 sexto
1712 2367 1762 2404 lo-

977 2423 1020 2448 co
1041 2412 1207 2459 ponitur,
1228 2413 1317 2459 quia
1343 2424 1412 2460 per
1432 2414 1549 2460 ipsam
1572 2415 1684 2451 homo
1712 2415 1761 2452 ad

978 2460 1044 2496 Dei
1058 2460 1274 2507 imaginem,
1291 2472 1374 2507 quae
1390 2461 1505 2508 ipsius
1520 2462 1584 2497 liei
1599 2472 1666 2508 per
1680 2472 1761 2508 cog-

978 2507 1160 2544 nitionem
1192 2513 1230 2545 et
1252 2519 1420 2545 amorem
1450 2519 1564 2554 capax
1589 2513 1658 2551 cst,
1698 2520 1758 2545 re-

976 2559 1134 2602 paratur
1157 2567 1168 2602 3
1207 2567 1317 2602 quam
1357 2560 1459 2592 sexta
1491 2556 1550 2591 die
1586 2556 1759 2593 conditus

1001 2603 1153 2648 erdidit,
1178 2607 1214 2639 et
1241 2607 1344 2640 sexta
1371 2607 1480 2639 aeiate
1507 2603 1754 2650 recuperavit.

972 2613 1018 2687 Et
1038 2655 1140 2687 recte
1168 2655 1252 2697 post
1281 2650 1577 2686 misericordiam
1605 2651 1756 2697 ponitur

974 2698 1098 2734 cordis
1112 2698 1310 2742 munditia,
1326 2697 1426 2743 quia,
1443 2698 1649 2734 seeundum
1662 2700 1752 2735 Am-

975 2746 1148 2791 brosium,
1179 2745 1244 2792 qui
1283 2745 1582 2782 misericordiam
1616 2746 1752 2793 desert,
