<?xml version="1.0" encoding="UTF-8"?>
<!DOCTYPE html PUBLIC "-//W3C//DTD XHTML 1.0 Transitional//EN"
    "http://www.w3.org/TR/xhtml1/DTD/xhtml1-transitional.dtd">
<html xmlns="http://www.w3.org/1999/xhtml" xml:lang="en" lang="en">
 <head>
  <title>
</title>
<meta http-equiv="Content-Type" content="text/html;charset=utf-8" />
  <meta name='ocr-system' content='tesseract 3.04.00' />
  <meta name='ocr-capabilities' content='ocr_page ocr_carea ocr_par ocr_line ocrx_word'/>
</head>
<body>
  <div class='ocr_page' id='page_1' title='image "./vitajesuchristie01ludouoft_0187.png"; bbox 0 0 1902 3126; ppageno 0'>
   <div class='ocr_carea' id='block_1_1' title="bbox 601 122 1752 163">
    <p class='ocr_par' dir='ltr' id='par_1_1' title="bbox 601 122 1752 163">
     <span class='ocr_line' id='line_1_1' title="bbox 601 122 1752 163; baseline 0.006 -7"><span class='ocrx_word' id='word_1_1' title='bbox 601 123 653 157; x_wconf 88' lang='lat' dir='ltr'>DE</span> <span class='ocrx_word' id='word_1_2' title='bbox 690 122 972 158; x_wconf 72' lang='lat' dir='ltr'>POENITENTIA</span> <span class='ocrx_word' id='word_1_3' title='bbox 1010 124 1246 158; x_wconf 70' lang='lat' dir='ltr'>FACIENDA.</span> <span class='ocrx_word' id='word_1_4' title='bbox 1691 126 1752 163; x_wconf 78' lang='lat'>173</span> 
     </span>
    </p>
   </div>
   <div class='ocr_carea' id='block_1_2' title="bbox 109 192 898 1084">
    <p class='ocr_par' dir='ltr' id='par_1_2' title="bbox 109 192 898 1084">
     <span class='ocr_line' id='line_1_2' title="bbox 115 192 893 240; baseline -0.008 -8"><span class='ocrx_word' id='word_1_5' title='bbox 115 197 196 232; x_wconf 83' lang='lat' dir='ltr'>toto</span> <span class='ocrx_word' id='word_1_6' title='bbox 234 204 392 240; x_wconf 90' lang='lat' dir='ltr'>corpore</span> <span class='ocrx_word' id='word_1_7' title='bbox 432 192 471 229; x_wconf 90' lang='lat' dir='ltr'>in</span> <span class='ocrx_word' id='word_1_8' title='bbox 507 195 648 228; x_wconf 87' lang='lat' dir='ltr'>terram</span> <span class='ocrx_word' id='word_1_9' title='bbox 691 194 893 236; x_wconf 83' lang='lat' dir='ltr'>prostrato,</span> 
     </span>
     <span class='ocr_line' id='line_1_3' title="bbox 115 238 896 288; baseline -0.008 -9"><span class='ocrx_word' id='word_1_10' title='bbox 115 241 260 279; x_wconf 85' lang='lat' dir='ltr'>tamdiu</span> <span class='ocrx_word' id='word_1_11' title='bbox 278 240 526 288; x_wconf 82' lang='lat' dir='ltr'><strong>suspirarent,</strong></span> <span class='ocrx_word' id='word_1_12' title='bbox 541 238 747 284; x_wconf 83' lang='lat' dir='ltr'>plorarent,</span> <span class='ocrx_word' id='word_1_13' title='bbox 760 241 797 274; x_wconf 90' lang='lat' dir='ltr'>et</span> <span class='ocrx_word' id='word_1_14' title='bbox 814 249 896 274; x_wconf 90' lang='lat' dir='ltr'>ora-</span> 
     </span>
     <span class='ocr_line' id='line_1_4' title="bbox 115 285 895 334; baseline -0.006 -8"><span class='ocrx_word' id='word_1_15' title='bbox 115 292 215 334; x_wconf 85' lang='lat' dir='ltr'>rent,</span> <span class='ocrx_word' id='word_1_16' title='bbox 237 289 357 325; x_wconf 91' lang='lat' dir='ltr'>donec</span> <span class='ocrx_word' id='word_1_17' title='bbox 376 285 634 334; x_wconf 82' lang='lat' dir='ltr'>plenissimam</span> <span class='ocrx_word' id='word_1_18' title='bbox 654 287 895 330; x_wconf 85' lang='lat' dir='ltr'>peccatorum</span> 
     </span>
     <span class='ocr_line' id='line_1_5' title="bbox 115 331 896 377; baseline -0.006 -4"><span class='ocrx_word' id='word_1_19' title='bbox 115 346 272 374; x_wconf 90' lang='lat' dir='ltr'>suorum</span> <span class='ocrx_word' id='word_1_20' title='bbox 288 333 435 371; x_wconf 84' lang='lat' dir='ltr'>veniam</span> <span class='ocrx_word' id='word_1_21' title='bbox 449 343 471 369; x_wconf 92' lang='lat' dir='ltr'>a</span> <span class='ocrx_word' id='word_1_22' title='bbox 484 333 561 368; x_wconf 89' lang='lat' dir='ltr'>Deo</span> <span class='ocrx_word' id='word_1_23' title='bbox 580 331 757 377; x_wconf 84' lang='lat' dir='ltr'>consequi</span> <span class='ocrx_word' id='word_1_24' title='bbox 779 342 896 368; x_wconf 88' lang='lat' dir='ltr'>mere-</span> 
     </span>
     <span class='ocr_line' id='line_1_6' title="bbox 113 377 894 423; baseline -0.01 -2"><span class='ocrx_word' id='word_1_25' title='bbox 113 386 262 420; x_wconf 87' lang='lat' dir='ltr'>rentur.</span> <span class='ocrx_word' id='word_1_26' title='bbox 278 383 331 418; x_wconf 91' lang='lat' dir='ltr'>Tu</span> <span class='ocrx_word' id='word_1_27' title='bbox 351 390 438 416; x_wconf 90' lang='lat' dir='ltr'>vero</span> <span class='ocrx_word' id='word_1_28' title='bbox 456 378 702 422; x_wconf 89' lang='lat' dir='ltr'>comedendo,</span> <span class='ocrx_word' id='word_1_29' title='bbox 715 377 894 423; x_wconf 91' lang='lat' dir='ltr'>bibendo,</span> 
     </span>
     <span class='ocr_line' id='line_1_7' title="bbox 109 424 894 478; baseline -0.008 -11"><span class='ocrx_word' id='word_1_30' title='bbox 109 429 290 478; x_wconf 91' lang='lat' dir='ltr'>jocando,</span> <span class='ocrx_word' id='word_1_31' title='bbox 314 426 488 470; x_wconf 91' lang='lat' dir='ltr'>ridendo,</span> <span class='ocrx_word' id='word_1_32' title='bbox 510 428 546 461; x_wconf 91' lang='lat' dir='ltr'>et</span> <span class='ocrx_word' id='word_1_33' title='bbox 574 424 693 461; x_wconf 87' lang='lat' dir='ltr'>otiose</span> <span class='ocrx_word' id='word_1_34' title='bbox 718 424 894 470; x_wconf 76' lang='lat' dir='ltr'>vivendo,</span> 
     </span>
     <span class='ocr_line' id='line_1_8' title="bbox 113 471 894 523; baseline -0.009 -9"><span class='ocrx_word' id='word_1_35' title='bbox 113 480 262 523; x_wconf 89' lang='lat' dir='ltr'>tempus</span> <span class='ocrx_word' id='word_1_36' title='bbox 282 473 422 522; x_wconf 90' lang='lat' dir='ltr'>perdis,</span> <span class='ocrx_word' id='word_1_37' title='bbox 445 472 544 519; x_wconf 91' lang='lat' dir='ltr'>quod</span> <span class='ocrx_word' id='word_1_38' title='bbox 562 471 629 508; x_wconf 90' lang='lat' dir='ltr'>tibi</span> <span class='ocrx_word' id='word_1_39' title='bbox 650 473 748 508; x_wconf 87' lang='lat' dir='ltr'>Deus</span> <span class='ocrx_word' id='word_1_40' title='bbox 769 471 894 508; x_wconf 90' lang='lat' dir='ltr'>indul-</span> 
     </span>
     <span class='ocr_line' id='line_1_9' title="bbox 113 519 896 566; baseline -0.009 -5"><span class='ocrx_word' id='word_1_41' title='bbox 113 523 163 561; x_wconf 85' lang='lat' dir='ltr'>sit</span> <span class='ocrx_word' id='word_1_42' title='bbox 193 522 241 559; x_wconf 90' lang='lat' dir='ltr'>ad</span> <span class='ocrx_word' id='word_1_43' title='bbox 276 520 543 566; x_wconf 81' lang='lat' dir='ltr'>requirendam</span> <span class='ocrx_word' id='word_1_44' title='bbox 580 519 756 565; x_wconf 81' lang='lat' dir='ltr'>gratiam,</span> <span class='ocrx_word' id='word_1_45' title='bbox 778 523 815 555; x_wconf 88' lang='lat' dir='ltr'>et</span> <span class='ocrx_word' id='word_1_46' title='bbox 849 519 896 555; x_wconf 89' lang='lat' dir='ltr'>ad</span> 
     </span>
     <span class='ocr_line' id='line_1_10' title="bbox 111 566 895 618; baseline -0.006 -11"><span class='ocrx_word' id='word_1_47' title='bbox 111 567 403 618; x_wconf 76' lang='lat' dir='ltr'>promerendam</span> <span class='ocrx_word' id='word_1_48' title='bbox 429 566 603 613; x_wconf 83' lang='lat' dir='ltr'>gloriam.</span> <span class='ocrx_word' id='word_1_49' title='bbox 630 566 762 612; x_wconf 86' lang='lat' dir='ltr'>Cogita</span> <span class='ocrx_word' id='word_1_50' title='bbox 781 566 895 603; x_wconf 89' lang='lat' dir='ltr'>etiam</span> 
     </span>
     <span class='ocr_line' id='line_1_11' title="bbox 111 613 895 664; baseline -0.005 -11"><span class='ocrx_word' id='word_1_51' title='bbox 111 619 203 664; x_wconf 87' lang='lat' dir='ltr'>quot</span> <span class='ocrx_word' id='word_1_52' title='bbox 237 614 373 652; x_wconf 64' lang='lat' dir='ltr'>animae</span> <span class='ocrx_word' id='word_1_53' title='bbox 411 614 450 650; x_wconf 92' lang='lat' dir='ltr'>in</span> <span class='ocrx_word' id='word_1_54' title='bbox 483 613 633 650; x_wconf 83' lang='lat' dir='ltr'>inferno</span> <span class='ocrx_word' id='word_1_55' title='bbox 667 613 895 658; x_wconf 81' lang='lat' dir='ltr'>cruciantur,</span> 
     </span>
     <span class='ocr_line' id='line_1_12' title="bbox 111 660 898 709; baseline -0.005 -9"><span class='ocrx_word' id='word_1_56' title='bbox 111 663 193 700; x_wconf 91' lang='lat' dir='ltr'>sine</span> <span class='ocrx_word' id='word_1_57' title='bbox 210 672 275 709; x_wconf 87' lang='lat' dir='ltr'>spe</span> <span class='ocrx_word' id='word_1_58' title='bbox 294 661 412 697; x_wconf 84' lang='lat' dir='ltr'>veniae</span> <span class='ocrx_word' id='word_1_59' title='bbox 430 660 711 696; x_wconf 82' lang='lat' dir='ltr'>misericordiae.</span> <span class='ocrx_word' id='word_1_60' title='bbox 735 660 771 697; x_wconf 92' lang='lat' dir='ltr'>Si</span> <span class='ocrx_word' id='word_1_61' title='bbox 789 671 898 696; x_wconf 87' lang='lat' dir='ltr'>amor</span> 
     </span>
     <span class='ocr_line' id='line_1_13' title="bbox 110 708 895 754; baseline -0.004 -7"><span class='ocrx_word' id='word_1_62' title='bbox 110 709 179 748; x_wconf 93' lang='lat' dir='ltr'>Dei</span> <span class='ocrx_word' id='word_1_63' title='bbox 199 712 237 746; x_wconf 88' lang='lat' dir='ltr'>te</span> <span class='ocrx_word' id='word_1_64' title='bbox 259 712 389 745; x_wconf 89' lang='lat' dir='ltr'>tenere</span> <span class='ocrx_word' id='word_1_65' title='bbox 412 711 448 744; x_wconf 91' lang='lat' dir='ltr'>et</span> <span class='ocrx_word' id='word_1_66' title='bbox 470 708 635 744; x_wconf 88' lang='lat' dir='ltr'>mulcere</span> <span class='ocrx_word' id='word_1_67' title='bbox 662 718 735 743; x_wconf 87' lang='lat' dir='ltr'>non</span> <span class='ocrx_word' id='word_1_68' title='bbox 757 711 895 754; x_wconf 81' lang='lat' dir='ltr'>potest,</span> 
     </span>
     <span class='ocr_line' id='line_1_14' title="bbox 110 754 895 801; baseline -0.005 -7"><span class='ocrx_word' id='word_1_69' title='bbox 110 757 246 794; x_wconf 88' lang='lat' dir='ltr'>saltem</span> <span class='ocrx_word' id='word_1_70' title='bbox 265 759 393 792; x_wconf 90' lang='lat' dir='ltr'>teneat</span> <span class='ocrx_word' id='word_1_71' title='bbox 412 758 448 791; x_wconf 87' lang='lat' dir='ltr'>et</span> <span class='ocrx_word' id='word_1_72' title='bbox 463 758 603 791; x_wconf 88' lang='lat' dir='ltr'>terreat</span> <span class='ocrx_word' id='word_1_73' title='bbox 620 754 734 790; x_wconf 89' lang='lat' dir='ltr'>timor</span> <span class='ocrx_word' id='word_1_74' title='bbox 747 754 895 801; x_wconf 76' lang='lat' dir='ltr'>Judicii,</span> 
     </span>
     <span class='ocr_line' id='line_1_15' title="bbox 110 801 897 849; baseline -0.008 -7"><span class='ocrx_word' id='word_1_75' title='bbox 110 807 234 842; x_wconf 89' lang='lat' dir='ltr'>metus</span> <span class='ocrx_word' id='word_1_76' title='bbox 272 803 470 849; x_wconf 85' lang='lat' dir='ltr'>gehennae,</span> <span class='ocrx_word' id='word_1_77' title='bbox 512 801 638 847; x_wconf 90' lang='lat' dir='ltr'>laquei</span> <span class='ocrx_word' id='word_1_78' title='bbox 678 801 824 845; x_wconf 90' lang='lat' dir='ltr'>mortis,</span> <span class='ocrx_word' id='word_1_79' title='bbox 861 805 897 837; x_wconf 86' lang='lat' dir='ltr'>et</span> 
     </span>
     <span class='ocr_line' id='line_1_16' title="bbox 112 848 898 889; baseline -0.008 0"><span class='ocrx_word' id='word_1_80' title='bbox 112 850 240 889; x_wconf 89' lang='lat' dir='ltr'>omnia</span> <span class='ocrx_word' id='word_1_81' title='bbox 268 849 380 886; x_wconf 89' lang='lat' dir='ltr'>mala.</span> <span class='ocrx_word' id='word_1_82' title='bbox 415 849 487 886; x_wconf 89' lang='lat' dir='ltr'>Sed</span> <span class='ocrx_word' id='word_1_83' title='bbox 519 848 617 884; x_wconf 87' lang='lat' dir='ltr'>heul</span> <span class='ocrx_word' id='word_1_84' title='bbox 643 848 748 884; x_wconf 89' lang='lat' dir='ltr'>multi</span> <span class='ocrx_word' id='word_1_85' title='bbox 783 848 898 885; x_wconf 90' lang='lat' dir='ltr'>hodie</span> 
     </span>
     <span class='ocr_line' id='line_1_17' title="bbox 110 895 895 943; baseline -0.005 -7"><span class='ocrx_word' id='word_1_86' title='bbox 110 899 310 936; x_wconf 77' lang='lat' dir='ltr'>abutentes</span> <span class='ocrx_word' id='word_1_87' title='bbox 338 896 404 933; x_wconf 94' lang='lat' dir='ltr'>Dei</span> <span class='ocrx_word' id='word_1_88' title='bbox 430 895 627 943; x_wconf 87' lang='lat' dir='ltr'>patientia,</span> <span class='ocrx_word' id='word_1_89' title='bbox 650 906 784 941; x_wconf 88' lang='lat' dir='ltr'>parum</span> <span class='ocrx_word' id='word_1_90' title='bbox 814 897 895 932; x_wconf 80' lang='lat' dir='ltr'>haec</span> 
     </span>
     <span class='ocr_line' id='line_1_18' title="bbox 111 942 896 989; baseline -0.005 -7"><span class='ocrx_word' id='word_1_91' title='bbox 111 945 326 988; x_wconf 85' lang='lat' dir='ltr'>attendunt,</span> <span class='ocrx_word' id='word_1_92' title='bbox 353 947 390 980; x_wconf 87' lang='lat' dir='ltr'>et</span> <span class='ocrx_word' id='word_1_93' title='bbox 419 947 581 989; x_wconf 85' lang='lat' dir='ltr'>tempus,</span> <span class='ocrx_word' id='word_1_94' title='bbox 606 953 679 989; x_wconf 92' lang='lat' dir='ltr'>quo</span> <span class='ocrx_word' id='word_1_95' title='bbox 712 942 805 978; x_wconf 88' lang='lat' dir='ltr'>nihil</span> <span class='ocrx_word' id='word_1_96' title='bbox 838 946 896 978; x_wconf 89' lang='lat' dir='ltr'>est</span> 
     </span>
     <span class='ocr_line' id='line_1_19' title="bbox 111 989 894 1040; baseline -0.005 -11"><span class='ocrx_word' id='word_1_97' title='bbox 111 992 328 1040; x_wconf 84' lang='lat' dir='ltr'>pretiosius,</span> <span class='ocrx_word' id='word_1_98' title='bbox 348 990 531 1027; x_wconf 81' lang='lat' dir='ltr'>inutiliter</span> <span class='ocrx_word' id='word_1_99' title='bbox 553 989 715 1026; x_wconf 85' lang='lat' dir='ltr'>transire</span> <span class='ocrx_word' id='word_1_100' title='bbox 736 991 894 1036; x_wconf 87' lang='lat' dir='ltr'>permit-</span> 
     </span>
     <span class='ocr_line' id='line_1_20' title="bbox 110 1037 894 1084; baseline -0.005 -8"><span class='ocrx_word' id='word_1_101' title='bbox 110 1042 249 1084; x_wconf 86' lang='lat' dir='ltr'>tentes,</span> <span class='ocrx_word' id='word_1_102' title='bbox 274 1037 543 1074; x_wconf 83' lang='lat' dir='ltr'>miserabiliter</span> <span class='ocrx_word' id='word_1_103' title='bbox 569 1037 759 1073; x_wconf 85' lang='lat' dir='ltr'>amittunt.</span> <span class='ocrx_word' id='word_1_104' title='bbox 791 1037 894 1073; x_wconf 88' lang='lat' dir='ltr'>Unde</span> 
     </span>
    </p>
   </div>
   <div class='ocr_carea' id='block_1_3' title="bbox 110 1087 365 1124">
    <p class='ocr_par' dir='ltr' id='par_1_3' title="bbox 110 1087 365 1124">
     <span class='ocr_line' id='line_1_21' title="bbox 110 1087 365 1124; baseline -0.012 -1"><span class='ocrx_word' id='word_1_105' title='bbox 110 1087 321 1124; x_wconf 79' lang='lat' dir='ltr'>Bernardus</span> <span class='ocrx_word' id='word_1_106' title='bbox 354 1098 365 1120; x_wconf 84' lang='lat'>.-</span> 
     </span>
    </p>
   </div>
   <div class='ocr_carea' id='block_1_4' title="bbox 105 1272 896 2781">
    <p class='ocr_par' dir='ltr' id='par_1_4' title="bbox 105 1272 896 1793">
     <span class='ocr_line' id='line_1_22' title="bbox 109 1272 894 1319; baseline -0.005 -8"><span class='ocrx_word' id='word_1_107' title='bbox 109 1285 181 1312; x_wconf 87' lang='lat' dir='ltr'>nec</span> <span class='ocrx_word' id='word_1_108' title='bbox 215 1273 346 1310; x_wconf 82' lang='lat' dir='ltr'>virtuti</span> <span class='ocrx_word' id='word_1_109' title='bbox 379 1273 502 1309; x_wconf 86' lang='lat' dir='ltr'>cordis</span> <span class='ocrx_word' id='word_1_110' title='bbox 536 1283 652 1319; x_wconf 90' lang='lat' dir='ltr'>opera</span> <span class='ocrx_word' id='word_1_111' title='bbox 679 1272 806 1317; x_wconf 86' lang='lat' dir='ltr'>datur,</span> <span class='ocrx_word' id='word_1_112' title='bbox 828 1273 894 1308; x_wconf 88' lang='lat' dir='ltr'>sed</span> 
     </span>
     <span class='ocr_line' id='line_1_23' title="bbox 109 1319 896 1366; baseline -0.004 -8"><span class='ocrx_word' id='word_1_113' title='bbox 109 1321 316 1358; x_wconf 85' lang='lat' dir='ltr'>valetudini</span> <span class='ocrx_word' id='word_1_114' title='bbox 339 1320 523 1366; x_wconf 87' lang='lat' dir='ltr'>corporis,</span> <span class='ocrx_word' id='word_1_115' title='bbox 549 1319 624 1355; x_wconf 89' lang='lat' dir='ltr'>imo</span> <span class='ocrx_word' id='word_1_116' title='bbox 654 1319 766 1355; x_wconf 87' lang='lat' dir='ltr'>etiam</span> <span class='ocrx_word' id='word_1_117' title='bbox 794 1319 896 1355; x_wconf 79' lang='lat' dir='ltr'>volu-</span> 
     </span>
     <span class='ocr_line' id='line_1_24' title="bbox 109 1365 893 1416; baseline -0.005 -11"><span class='ocrx_word' id='word_1_118' title='bbox 109 1368 219 1416; x_wconf 84' lang='lat' dir='ltr'>ptati.</span> <span class='ocrx_word' id='word_1_119' title='bbox 235 1369 288 1404; x_wconf 89' lang='lat' dir='ltr'>De</span> <span class='ocrx_word' id='word_1_120' title='bbox 304 1367 433 1404; x_wconf 88' lang='lat' dir='ltr'>schola</span> <span class='ocrx_word' id='word_1_121' title='bbox 454 1366 675 1413; x_wconf 77' lang='lat' dir='ltr'>Hypocratis</span> <span class='ocrx_word' id='word_1_122' title='bbox 695 1370 732 1402; x_wconf 87' lang='lat' dir='ltr'>et</span> <span class='ocrx_word' id='word_1_123' title='bbox 746 1365 893 1411; x_wconf 86' lang='lat' dir='ltr'>Epicuri</span> 
     </span>
     <span class='ocr_line' id='line_1_25' title="bbox 111 1413 894 1460; baseline -0.005 -8"><span class='ocrx_word' id='word_1_124' title='bbox 111 1415 325 1452; x_wconf 90' lang='lat' dir='ltr'>didicerunt</span> <span class='ocrx_word' id='word_1_125' title='bbox 345 1415 438 1450; x_wconf 84' lang='lat' dir='ltr'>haec.</span> <span class='ocrx_word' id='word_1_126' title='bbox 463 1416 625 1460; x_wconf 78' lang='lat' dir='ltr'>Tempus</span> <span class='ocrx_word' id='word_1_127' title='bbox 650 1414 721 1449; x_wconf 90' lang='lat' dir='ltr'>hoe</span> <span class='ocrx_word' id='word_1_128' title='bbox 747 1413 894 1449; x_wconf 85' lang='lat' dir='ltr'>anima-</span> 
     </span>
     <span class='ocr_line' id='line_1_26' title="bbox 110 1460 892 1507; baseline -0.006 -7"><span class='ocrx_word' id='word_1_129' title='bbox 110 1463 196 1507; x_wconf 88' lang='lat' dir='ltr'>bus,</span> <span class='ocrx_word' id='word_1_130' title='bbox 216 1473 294 1498; x_wconf 90' lang='lat' dir='ltr'>non</span> <span class='ocrx_word' id='word_1_131' title='bbox 317 1460 540 1507; x_wconf 85' lang='lat' dir='ltr'>corporibus</span> <span class='ocrx_word' id='word_1_132' title='bbox 561 1465 617 1496; x_wconf 93' lang='lat' dir='ltr'>est</span> <span class='ocrx_word' id='word_1_133' title='bbox 637 1460 892 1506; x_wconf 83' lang='lat' dir='ltr'>assignatum;</span> 
     </span>
     <span class='ocr_line' id='line_1_27' title="bbox 110 1507 891 1554; baseline -0.005 -8"><span class='ocrx_word' id='word_1_134' title='bbox 110 1509 193 1546; x_wconf 89' lang='lat' dir='ltr'>dies</span> <span class='ocrx_word' id='word_1_135' title='bbox 217 1508 350 1546; x_wconf 90' lang='lat' dir='ltr'>salutis</span> <span class='ocrx_word' id='word_1_136' title='bbox 372 1508 516 1553; x_wconf 87' lang='lat' dir='ltr'>utique,</span> <span class='ocrx_word' id='word_1_137' title='bbox 538 1519 613 1543; x_wconf 90' lang='lat' dir='ltr'>non</span> <span class='ocrx_word' id='word_1_138' title='bbox 635 1507 849 1554; x_wconf 79' lang='lat' dir='ltr'>voluptatis.</span> <span class='ocrx_word' id='word_1_139' title='bbox 872 1521 891 1539; x_wconf 88' lang='lat'>»</span> 
     </span>
     <span class='ocr_line' id='line_1_28' title="bbox 107 1553 891 1601; baseline -0.005 -8"><span class='ocrx_word' id='word_1_140' title='bbox 107 1557 154 1594; x_wconf 93' lang='lat' dir='ltr'>Et</span> <span class='ocrx_word' id='word_1_141' title='bbox 167 1556 305 1592; x_wconf 86' lang='lat' dir='ltr'>iterum</span> <span class='ocrx_word' id='word_1_142' title='bbox 320 1567 329 1592; x_wconf 90' lang='lat'><strong>:</strong></span> <span class='ocrx_word' id='word_1_143' title='bbox 345 1570 363 1589; x_wconf 92' lang='lat'>«</span> <span class='ocrx_word' id='word_1_144' title='bbox 384 1555 482 1591; x_wconf 90' lang='lat' dir='ltr'>Nihil</span> <span class='ocrx_word' id='word_1_145' title='bbox 495 1553 696 1601; x_wconf 82' lang='lat' dir='ltr'>pretiosius</span> <span class='ocrx_word' id='word_1_146' title='bbox 708 1558 891 1600; x_wconf 84' lang='lat' dir='ltr'>tempore,</span> 
     </span>
     <span class='ocr_line' id='line_1_29' title="bbox 109 1601 889 1640; baseline -0.004 0"><span class='ocrx_word' id='word_1_147' title='bbox 109 1603 177 1640; x_wconf 90' lang='lat' dir='ltr'>sed</span> <span class='ocrx_word' id='word_1_148' title='bbox 197 1603 294 1640; x_wconf 91' lang='lat' dir='ltr'>heul</span> <span class='ocrx_word' id='word_1_149' title='bbox 317 1602 371 1638; x_wconf 91' lang='lat' dir='ltr'>nil</span> <span class='ocrx_word' id='word_1_150' title='bbox 395 1601 507 1638; x_wconf 87' lang='lat' dir='ltr'>hodie</span> <span class='ocrx_word' id='word_1_151' title='bbox 533 1601 643 1637; x_wconf 83' lang='lat' dir='ltr'>vilius</span> <span class='ocrx_word' id='word_1_152' title='bbox 669 1601 889 1638; x_wconf 85' lang='lat' dir='ltr'>aestimatur.</span> 
     </span>
     <span class='ocr_line' id='line_1_30' title="bbox 107 1648 894 1691; baseline -0.006 -3"><span class='ocrx_word' id='word_1_153' title='bbox 107 1651 321 1688; x_wconf 86' lang='lat' dir='ltr'>Transeunt</span> <span class='ocrx_word' id='word_1_154' title='bbox 341 1649 422 1685; x_wconf 90' lang='lat' dir='ltr'>dies</span> <span class='ocrx_word' id='word_1_155' title='bbox 443 1648 587 1691; x_wconf 88' lang='lat' dir='ltr'>salutis,</span> <span class='ocrx_word' id='word_1_156' title='bbox 606 1651 642 1684; x_wconf 87' lang='lat' dir='ltr'>et</span> <span class='ocrx_word' id='word_1_157' title='bbox 659 1658 770 1684; x_wconf 90' lang='lat' dir='ltr'>nemo</span> <span class='ocrx_word' id='word_1_158' title='bbox 789 1658 894 1684; x_wconf 89' lang='lat' dir='ltr'>reco-</span> 
     </span>
     <span class='ocr_line' id='line_1_31' title="bbox 107 1695 892 1745; baseline -0.005 -11"><span class='ocrx_word' id='word_1_159' title='bbox 107 1697 216 1745; x_wconf 85' lang='lat' dir='ltr'>gitat,</span> <span class='ocrx_word' id='word_1_160' title='bbox 225 1707 337 1733; x_wconf 86' lang='lat' dir='ltr'>nemo</span> <span class='ocrx_word' id='word_1_161' title='bbox 347 1696 416 1733; x_wconf 91' lang='lat' dir='ltr'>sibi</span> <span class='ocrx_word' id='word_1_162' title='bbox 429 1706 505 1732; x_wconf 89' lang='lat' dir='ltr'>non</span> <span class='ocrx_word' id='word_1_163' title='bbox 518 1695 686 1731; x_wconf 86' lang='lat' dir='ltr'>reditura</span> <span class='ocrx_word' id='word_1_164' title='bbox 698 1698 892 1731; x_wconf 86' lang='lat' dir='ltr'>momenta</span> 
     </span>
     <span class='ocr_line' id='line_1_32' title="bbox 105 1743 888 1793; baseline -0.006 -11"><span class='ocrx_word' id='word_1_165' title='bbox 105 1744 266 1793; x_wconf 90' lang='lat' dir='ltr'>periisse</span> <span class='ocrx_word' id='word_1_166' title='bbox 289 1746 465 1780; x_wconf 86' lang='lat' dir='ltr'>causatur</span> <span class='ocrx_word' id='word_1_167' title='bbox 487 1754 495 1779; x_wconf 90' lang='lat'>:</span> <span class='ocrx_word' id='word_1_168' title='bbox 519 1757 538 1775; x_wconf 92' lang='lat'>»</span> <span class='ocrx_word' id='word_1_169' title='bbox 561 1743 642 1779; x_wconf 86' lang='lat' dir='ltr'>haec</span> <span class='ocrx_word' id='word_1_170' title='bbox 664 1743 888 1779; x_wconf 74' lang='lat' dir='ltr'>Bernardus.</span> 
     </span>
    </p>

    <p class='ocr_par' dir='ltr' id='par_1_5' title="bbox 106 1791 894 2638">
     <span class='ocr_line' id='line_1_33' title="bbox 156 1791 889 1835; baseline -0.005 -6"><span class='ocrx_word' id='word_1_171' title='bbox 156 1795 176 1829; x_wconf 89' lang='lat'>5</span> <span class='ocrx_word' id='word_1_172' title='bbox 194 1793 248 1828; x_wconf 73' lang='lat' dir='ltr'>Dr:</span> <span class='ocrx_word' id='word_1_173' title='bbox 262 1802 477 1828; x_wconf 73' lang='lat' dir='ltr'>PURGAToRu</span> <span class='ocrx_word' id='word_1_174' title='bbox 494 1802 610 1826; x_wconf 73' lang='lat' dir='ltr'>POENA.</span> <span class='ocrx_word' id='word_1_175' title='bbox 625 1810 668 1816; x_wconf 91' lang='lat'><strong>—</strong></span> <span class='ocrx_word' id='word_1_176' title='bbox 680 1791 725 1825; x_wconf 88' lang='lat' dir='ltr'>Et</span> <span class='ocrx_word' id='word_1_177' title='bbox 742 1800 889 1835; x_wconf 80' lang='lat' dir='ltr'>revera,</span> 
     </span>
     <span class='ocr_line' id='line_1_34' title="bbox 107 1837 889 1884; baseline -0.005 -8"><span class='ocrx_word' id='word_1_178' title='bbox 107 1838 203 1876; x_wconf 89' lang='lat' dir='ltr'>nihil</span> <span class='ocrx_word' id='word_1_179' title='bbox 213 1839 252 1875; x_wconf 90' lang='lat' dir='ltr'>in</span> <span class='ocrx_word' id='word_1_180' title='bbox 262 1839 334 1875; x_wconf 89' lang='lat' dir='ltr'>hac</span> <span class='ocrx_word' id='word_1_181' title='bbox 345 1838 421 1874; x_wconf 86' lang='lat' dir='ltr'>vita</span> <span class='ocrx_word' id='word_1_182' title='bbox 431 1837 632 1884; x_wconf 82' lang='lat' dir='ltr'>pretiosius</span> <span class='ocrx_word' id='word_1_183' title='bbox 640 1841 778 1873; x_wconf 89' lang='lat' dir='ltr'>esttem</span> <span class='ocrx_word' id='word_1_184' title='bbox 785 1847 889 1883; x_wconf 88' lang='lat' dir='ltr'>pore,</span> 
     </span>
     <span class='ocr_line' id='line_1_35' title="bbox 108 1883 891 1933; baseline -0.004 -11"><span class='ocrx_word' id='word_1_185' title='bbox 108 1885 198 1933; x_wconf 88' lang='lat' dir='ltr'>quia</span> <span class='ocrx_word' id='word_1_186' title='bbox 226 1885 330 1922; x_wconf 91' lang='lat' dir='ltr'>brevi</span> <span class='ocrx_word' id='word_1_187' title='bbox 356 1885 451 1921; x_wconf 89' lang='lat' dir='ltr'>hora</span> <span class='ocrx_word' id='word_1_188' title='bbox 481 1888 611 1930; x_wconf 89' lang='lat' dir='ltr'>posset</span> <span class='ocrx_word' id='word_1_189' title='bbox 637 1883 720 1930; x_wconf 91' lang='lat' dir='ltr'>quis</span> <span class='ocrx_word' id='word_1_190' title='bbox 742 1885 891 1920; x_wconf 84' lang='lat' dir='ltr'>veniam</span> 
     </span>
     <span class='ocr_line' id='line_1_36' title="bbox 109 1930 892 1979; baseline -0.004 -10"><span class='ocrx_word' id='word_1_191' title='bbox 109 1936 147 1970; x_wconf 86' lang='lat' dir='ltr'>et</span> <span class='ocrx_word' id='word_1_192' title='bbox 160 1932 335 1979; x_wconf 87' lang='lat' dir='ltr'>gratiam,</span> <span class='ocrx_word' id='word_1_193' title='bbox 346 1942 388 1968; x_wconf 88' lang='lat' dir='ltr'>ae</span> <span class='ocrx_word' id='word_1_194' title='bbox 401 1932 560 1979; x_wconf 85' lang='lat' dir='ltr'>gloriam</span> <span class='ocrx_word' id='word_1_195' title='bbox 574 1930 745 1967; x_wconf 88' lang='lat' dir='ltr'>obtinere</span> <span class='ocrx_word' id='word_1_196' title='bbox 759 1935 796 1966; x_wconf 88' lang='lat' dir='ltr'>et</span> <span class='ocrx_word' id='word_1_197' title='bbox 808 1931 892 1977; x_wconf 91' lang='lat' dir='ltr'>plus</span> 
     </span>
     <span class='ocr_line' id='line_1_37' title="bbox 110 1978 889 2026; baseline -0.004 -10"><span class='ocrx_word' id='word_1_198' title='bbox 110 1990 226 2026; x_wconf 88' lang='lat' dir='ltr'>quam</span> <span class='ocrx_word' id='word_1_199' title='bbox 241 1983 342 2016; x_wconf 90' lang='lat' dir='ltr'>totus</span> <span class='ocrx_word' id='word_1_200' title='bbox 357 1978 518 2015; x_wconf 90' lang='lat' dir='ltr'>mundus</span> <span class='ocrx_word' id='word_1_201' title='bbox 530 1978 653 2014; x_wconf 74' lang='lat' dir='ltr'>valeat</span> <span class='ocrx_word' id='word_1_202' title='bbox 667 1978 889 2023; x_wconf 86' lang='lat' dir='ltr'>promereri.</span> 
     </span>
     <span class='ocr_line' id='line_1_38' title="bbox 109 2024 894 2070; baseline -0.004 -6"><span class='ocrx_word' id='word_1_203' title='bbox 109 2028 193 2065; x_wconf 88' lang='lat' dir='ltr'>Non</span> <span class='ocrx_word' id='word_1_204' title='bbox 213 2030 268 2063; x_wconf 90' lang='lat' dir='ltr'>est</span> <span class='ocrx_word' id='word_1_205' title='bbox 287 2026 386 2063; x_wconf 90' lang='lat' dir='ltr'>enim</span> <span class='ocrx_word' id='word_1_206' title='bbox 408 2026 503 2062; x_wconf 88' lang='lat' dir='ltr'>hora</span> <span class='ocrx_word' id='word_1_207' title='bbox 516 2029 594 2061; x_wconf 90' lang='lat' dir='ltr'>tam</span> <span class='ocrx_word' id='word_1_208' title='bbox 609 2024 748 2068; x_wconf 73' lang='lat' dir='ltr'>brevis,</span> <span class='ocrx_word' id='word_1_209' title='bbox 763 2024 801 2060; x_wconf 91' lang='lat' dir='ltr'>in</span> <span class='ocrx_word' id='word_1_210' title='bbox 819 2035 894 2070; x_wconf 86' lang='lat' dir='ltr'>qua</span> 
     </span>
     <span class='ocr_line' id='line_1_39' title="bbox 108 2071 891 2121; baseline -0.005 -10"><span class='ocrx_word' id='word_1_211' title='bbox 108 2084 189 2112; x_wconf 88' lang='lat' dir='ltr'>non</span> <span class='ocrx_word' id='word_1_212' title='bbox 211 2073 421 2121; x_wconf 89' lang='lat' dir='ltr'>spiritualia</span> <span class='ocrx_word' id='word_1_213' title='bbox 445 2073 564 2117; x_wconf 90' lang='lat' dir='ltr'>lucra,</span> <span class='ocrx_word' id='word_1_214' title='bbox 586 2082 653 2108; x_wconf 91' lang='lat' dir='ltr'>suo</span> <span class='ocrx_word' id='word_1_215' title='bbox 681 2072 808 2107; x_wconf 79' lang='lat' dir='ltr'>valore</span> <span class='ocrx_word' id='word_1_216' title='bbox 834 2071 891 2107; x_wconf 88' lang='lat' dir='ltr'>in-</span> 
     </span>
     <span class='ocr_line' id='line_1_40' title="bbox 109 2119 892 2175; baseline -0.008 -16"><span class='ocrx_word' id='word_1_217' title='bbox 109 2120 416 2175; x_wconf 84' lang='lat' dir='ltr'>comparabiliter</span> <span class='ocrx_word' id='word_1_218' title='bbox 449 2119 576 2156; x_wconf 88' lang='lat' dir='ltr'>omnia</span> <span class='ocrx_word' id='word_1_219' title='bbox 603 2122 755 2155; x_wconf 87' lang='lat' dir='ltr'>terrena</span> <span class='ocrx_word' id='word_1_220' title='bbox 784 2129 892 2154; x_wconf 83' lang='lat' dir='ltr'>exce-</span> 
     </span>
     <span class='ocr_line' id='line_1_41' title="bbox 109 2166 893 2215; baseline -0.005 -9"><span class='ocrx_word' id='word_1_221' title='bbox 109 2169 259 2214; x_wconf 80' lang='lat' dir='ltr'>denua,</span> <span class='ocrx_word' id='word_1_222' title='bbox 293 2178 515 2215; x_wconf 89' lang='lat' dir='ltr'>comparare</span> <span class='ocrx_word' id='word_1_223' title='bbox 550 2169 690 2213; x_wconf 88' lang='lat' dir='ltr'>posset.</span> <span class='ocrx_word' id='word_1_224' title='bbox 730 2166 893 2202; x_wconf 86' lang='lat' dir='ltr'>Attende</span> 
     </span>
     <span class='ocr_line' id='line_1_42' title="bbox 109 2212 893 2266; baseline -0.006 -13"><span class='ocrx_word' id='word_1_225' title='bbox 109 2215 224 2254; x_wconf 88' lang='lat' dir='ltr'>etiam</span> <span class='ocrx_word' id='word_1_226' title='bbox 257 2215 344 2262; x_wconf 90' lang='lat' dir='ltr'>quia</span> <span class='ocrx_word' id='word_1_227' title='bbox 375 2215 460 2262; x_wconf 88' lang='lat' dir='ltr'>plus</span> <span class='ocrx_word' id='word_1_228' title='bbox 486 2213 586 2250; x_wconf 72' lang='lat' dir='ltr'>valet</span> <span class='ocrx_word' id='word_1_229' title='bbox 618 2213 677 2249; x_wconf 91' lang='lat' dir='ltr'>hie</span> <span class='ocrx_word' id='word_1_230' title='bbox 707 2212 893 2266; x_wconf 88' lang='lat' dir='ltr'>patientia</span> 
     </span>
     <span class='ocr_line' id='line_1_43' title="bbox 109 2261 890 2309; baseline -0.006 -9"><span class='ocrx_word' id='word_1_231' title='bbox 109 2263 191 2300; x_wconf 89' lang='lat' dir='ltr'>dies</span> <span class='ocrx_word' id='word_1_232' title='bbox 210 2273 323 2307; x_wconf 80' lang='lat' dir='ltr'>unuS,</span> <span class='ocrx_word' id='word_1_233' title='bbox 339 2272 452 2309; x_wconf 91' lang='lat' dir='ltr'>quam</span> <span class='ocrx_word' id='word_1_234' title='bbox 467 2261 506 2297; x_wconf 93' lang='lat' dir='ltr'>in</span> <span class='ocrx_word' id='word_1_235' title='bbox 522 2264 740 2308; x_wconf 83' lang='lat' dir='ltr'>purgatorio</span> <span class='ocrx_word' id='word_1_236' title='bbox 756 2271 890 2296; x_wconf 90' lang='lat' dir='ltr'>annus.</span> 
     </span>
     <span class='ocr_line' id='line_1_44' title="bbox 108 2308 893 2353; baseline -0.005 -7"><span class='ocrx_word' id='word_1_237' title='bbox 108 2310 216 2347; x_wconf 89' lang='lat' dir='ltr'>Unde</span> <span class='ocrx_word' id='word_1_238' title='bbox 236 2309 274 2346; x_wconf 90' lang='lat' dir='ltr'>in</span> <span class='ocrx_word' id='word_1_239' title='bbox 291 2309 460 2346; x_wconf 89' lang='lat' dir='ltr'>Ezechiel</span> <span class='ocrx_word' id='word_1_240' title='bbox 474 2320 483 2344; x_wconf 72' lang='grc' dir='ltr'>ι</span> <span class='ocrx_word' id='word_1_241' title='bbox 496 2311 598 2344; x_wconf 72' lang='lat' dir='ltr'>Diem</span> <span class='ocrx_word' id='word_1_242' title='bbox 614 2318 679 2353; x_wconf 79' lang='lat' dir='ltr'>pro</span> <span class='ocrx_word' id='word_1_243' title='bbox 694 2318 788 2343; x_wconf 77' lang='lat' dir='ltr'>anno</span> <span class='ocrx_word' id='word_1_244' title='bbox 806 2308 893 2343; x_wconf 81' lang='lat' dir='ltr'>dedi</span> 
     </span>
     <span class='ocr_line' id='line_1_45' title="bbox 108 2354 894 2402; baseline -0.003 -9"><span class='ocrx_word' id='word_1_245' title='bbox 108 2358 191 2394; x_wconf 77' lang='lat' dir='ltr'>tibi.</span> <span class='ocrx_word' id='word_1_246' title='bbox 221 2357 339 2393; x_wconf 87' lang='lat' dir='ltr'>Poena</span> <span class='ocrx_word' id='word_1_247' title='bbox 366 2361 492 2392; x_wconf 89' lang='lat' dir='ltr'>tamen</span> <span class='ocrx_word' id='word_1_248' title='bbox 514 2354 723 2402; x_wconf 82' lang='lat' dir='ltr'>purgatorii</span> <span class='ocrx_word' id='word_1_249' title='bbox 747 2354 894 2391; x_wconf 84' lang='lat' dir='ltr'>excedit</span> 
     </span>
     <span class='ocr_line' id='line_1_46' title="bbox 109 2402 893 2457; baseline -0.005 -16"><span class='ocrx_word' id='word_1_250' title='bbox 109 2414 260 2441; x_wconf 91' lang='lat' dir='ltr'>omnem</span> <span class='ocrx_word' id='word_1_251' title='bbox 300 2414 448 2457; x_wconf 88' lang='lat' dir='ltr'>poenam</span> <span class='ocrx_word' id='word_1_252' title='bbox 493 2402 742 2449; x_wconf 86' lang='lat' dir='ltr'>temporalem</span> <span class='ocrx_word' id='word_1_253' title='bbox 782 2403 893 2448; x_wconf 83' lang='lat' dir='ltr'>huJ&#39;us</span> 
     </span>
     <span class='ocr_line' id='line_1_47' title="bbox 108 2449 893 2495; baseline -0.003 -7"><span class='ocrx_word' id='word_1_254' title='bbox 108 2451 210 2488; x_wconf 72' lang='lat' dir='ltr'>vitae.</span> <span class='ocrx_word' id='word_1_255' title='bbox 230 2451 327 2488; x_wconf 82' lang='lat' dir='ltr'>Dicit</span> <span class='ocrx_word' id='word_1_256' title='bbox 344 2451 444 2487; x_wconf 88' lang='lat' dir='ltr'>enim</span> <span class='ocrx_word' id='word_1_257' title='bbox 461 2451 693 2495; x_wconf 74' lang='lat' dir='ltr'>Auqustinus</span> <span class='ocrx_word' id='word_1_258' title='bbox 712 2450 811 2495; x_wconf 89' lang='lat' dir='ltr'>quod</span> <span class='ocrx_word' id='word_1_259' title='bbox 830 2449 893 2486; x_wconf 93' lang='lat' dir='ltr'>ille</span> 
     </span>
     <span class='ocr_line' id='line_1_48' title="bbox 106 2496 892 2546; baseline -0.006 -10"><span class='ocrx_word' id='word_1_260' title='bbox 106 2498 207 2546; x_wconf 87' lang='lat' dir='ltr'>ignis</span> <span class='ocrx_word' id='word_1_261' title='bbox 216 2498 424 2546; x_wconf 82' lang='lat' dir='ltr'>purgatorii</span> <span class='ocrx_word' id='word_1_262' title='bbox 441 2497 571 2534; x_wconf 86' lang='lat' dir='ltr'>durior</span> <span class='ocrx_word' id='word_1_263' title='bbox 585 2500 641 2533; x_wconf 89' lang='lat' dir='ltr'>cst</span> <span class='ocrx_word' id='word_1_264' title='bbox 658 2507 771 2543; x_wconf 91' lang='lat' dir='ltr'>quam</span> <span class='ocrx_word' id='word_1_265' title='bbox 787 2496 892 2543; x_wconf 90' lang='lat' dir='ltr'>quid-</span> 
     </span>
     <span class='ocr_line' id='line_1_49' title="bbox 110 2545 894 2594; baseline -0.004 -12"><span class='ocrx_word' id='word_1_266' title='bbox 110 2545 201 2594; x_wconf 88' lang='lat' dir='ltr'>quid</span> <span class='ocrx_word' id='word_1_267' title='bbox 234 2545 274 2582; x_wconf 91' lang='lat' dir='ltr'>in</span> <span class='ocrx_word' id='word_1_268' title='bbox 313 2547 383 2582; x_wconf 89' lang='lat' dir='ltr'>hoc</span> <span class='ocrx_word' id='word_1_269' title='bbox 420 2545 544 2581; x_wconf 86' lang='lat' dir='ltr'>seculo</span> <span class='ocrx_word' id='word_1_270' title='bbox 582 2554 794 2591; x_wconf 68' lang='lat' dir='ltr'>poenarum,</span> <span class='ocrx_word' id='word_1_271' title='bbox 828 2546 894 2580; x_wconf 89' lang='lat' dir='ltr'>aut</span> 
     </span>
     <span class='ocr_line' id='line_1_50' title="bbox 109 2590 892 2638; baseline -0.006 -7"><span class='ocrx_word' id='word_1_272' title='bbox 109 2593 265 2638; x_wconf 90' lang='lat' dir='ltr'>sentire,</span> <span class='ocrx_word' id='word_1_273' title='bbox 287 2597 351 2630; x_wconf 91' lang='lat' dir='ltr'>ant</span> <span class='ocrx_word' id='word_1_274' title='bbox 371 2592 513 2638; x_wconf 83' lang='lat' dir='ltr'>videre,</span> <span class='ocrx_word' id='word_1_275' title='bbox 535 2597 600 2628; x_wconf 86' lang='lat' dir='ltr'>aut</span> <span class='ocrx_word' id='word_1_276' title='bbox 620 2591 786 2637; x_wconf 86' lang='lat' dir='ltr'>cogitare</span> <span class='ocrx_word' id='word_1_277' title='bbox 808 2590 892 2637; x_wconf 90' lang='lat' dir='ltr'>quis</span> 
     </span>
    </p>

    <p class='ocr_par' dir='ltr' id='par_1_6' title="bbox 137 2638 890 2687">
     <span class='ocr_line' id='line_1_51' title="bbox 137 2638 890 2687; baseline -0.005 -9"><span class='ocrx_word' id='word_1_278' title='bbox 137 2644 246 2678; x_wconf 89' lang='lat' dir='ltr'>otest.</span> <span class='ocrx_word' id='word_1_279' title='bbox 266 2640 382 2687; x_wconf 83' lang='lat' dir='ltr'>Igitur</span> <span class='ocrx_word' id='word_1_280' title='bbox 402 2639 522 2686; x_wconf 86' lang='lat' dir='ltr'>magis</span> <span class='ocrx_word' id='word_1_281' title='bbox 541 2643 597 2676; x_wconf 91' lang='lat' dir='ltr'>est</span> <span class='ocrx_word' id='word_1_282' title='bbox 617 2639 825 2675; x_wconf 89' lang='lat' dir='ltr'>curandum</span> <span class='ocrx_word' id='word_1_283' title='bbox 843 2638 890 2675; x_wconf 89' lang='lat' dir='ltr'>de</span> 
     </span>
    </p>

    <p class='ocr_par' dir='ltr' id='par_1_7' title="bbox 110 2686 891 2781">
     <span class='ocr_line' id='line_1_52' title="bbox 137 2686 890 2734; baseline -0.004 -10"><span class='ocrx_word' id='word_1_284' title='bbox 137 2698 209 2725; x_wconf 88' lang='lat' dir='ltr'>ona</span> <span class='ocrx_word' id='word_1_285' title='bbox 227 2687 318 2732; x_wconf 88' lang='lat' dir='ltr'>vita,</span> <span class='ocrx_word' id='word_1_286' title='bbox 341 2698 452 2734; x_wconf 91' lang='lat' dir='ltr'>quam</span> <span class='ocrx_word' id='word_1_287' title='bbox 480 2687 525 2723; x_wconf 93' lang='lat' dir='ltr'>de</span> <span class='ocrx_word' id='word_1_288' title='bbox 554 2687 678 2733; x_wconf 83' lang='lat' dir='ltr'>longa.</span> <span class='ocrx_word' id='word_1_289' title='bbox 701 2686 806 2722; x_wconf 90' lang='lat' dir='ltr'>Unde</span> <span class='ocrx_word' id='word_1_290' title='bbox 826 2686 890 2723; x_wconf 82' lang='lat' dir='ltr'>Se-</span> 
     </span>
     <span class='ocr_line' id='line_1_53' title="bbox 110 2733 891 2781; baseline -0.004 -8"><span class='ocrx_word' id='word_1_291' title='bbox 110 2745 198 2773; x_wconf 80' lang='lat' dir='ltr'>neca</span> <span class='ocrx_word' id='word_1_292' title='bbox 216 2748 227 2773; x_wconf 92' lang='grc'>.·</span> <span class='ocrx_word' id='word_1_293' title='bbox 251 2751 269 2769; x_wconf 91' lang='lat'>«</span> <span class='ocrx_word' id='word_1_294' title='bbox 292 2737 411 2781; x_wconf 86' lang='lat' dir='ltr'>Quam</span> <span class='ocrx_word' id='word_1_295' title='bbox 430 2735 526 2773; x_wconf 89' lang='lat' dir='ltr'>bene</span> <span class='ocrx_word' id='word_1_296' title='bbox 544 2733 647 2771; x_wconf 72' lang='lat' dir='ltr'>vivas</span> <span class='ocrx_word' id='word_1_297' title='bbox 667 2733 795 2779; x_wconf 84' lang='lat' dir='ltr'>refert,</span> <span class='ocrx_word' id='word_1_298' title='bbox 814 2743 891 2770; x_wconf 93' lang='lat' dir='ltr'>non</span> 
     </span>
    </p>
   </div>
   <div class='ocr_carea' id='block_1_5' title="bbox 109 1083 929 1280">
    <p class='ocr_par' dir='ltr' id='par_1_8' title="bbox 109 1083 929 1280">
     <span class='ocr_line' id='line_1_54' title="bbox 398 1083 929 1120; baseline -0.002 -3"><span class='ocrx_word' id='word_1_299' title='bbox 398 1099 416 1117; x_wconf 88' lang='lat'>«</span> <span class='ocrx_word' id='word_1_300' title='bbox 450 1084 567 1120; x_wconf 85' lang='lat' dir='ltr'>Hodie</span> <span class='ocrx_word' id='word_1_301' title='bbox 594 1083 662 1119; x_wconf 89' lang='lat' dir='ltr'>filii</span> <span class='ocrx_word' id='word_1_302' title='bbox 695 1083 895 1120; x_wconf 90' lang='lat' dir='ltr'>hominum</span> <span class='ocrx_word' id='word_1_303' title='bbox 926 1093 929 1116; x_wconf 69' lang='grc' dir='ltr'>ι</span> 
     </span>
     <span class='ocr_line' id='line_1_55' title="bbox 110 1130 928 1178; baseline -0.005 -8"><span class='ocrx_word' id='word_1_304' title='bbox 110 1133 247 1171; x_wconf 86' lang='lat' dir='ltr'>animae</span> <span class='ocrx_word' id='word_1_305' title='bbox 262 1142 393 1169; x_wconf 91' lang='lat' dir='ltr'>euram</span> <span class='ocrx_word' id='word_1_306' title='bbox 406 1131 616 1178; x_wconf 85' lang='lat' dir='ltr'>negligunt,</span> <span class='ocrx_word' id='word_1_307' title='bbox 628 1130 753 1167; x_wconf 90' lang='lat' dir='ltr'>carnis</span> <span class='ocrx_word' id='word_1_308' title='bbox 765 1142 894 1167; x_wconf 91' lang='lat' dir='ltr'>curam</span> <span class='ocrx_word' id='word_1_309' title='bbox 927 1151 928 1154; x_wconf 64' lang='lat'><em>=</em></span> 
     </span>
     <span class='ocr_line' id='line_1_56' title="bbox 109 1177 928 1228; baseline -0.005 -11"><span class='ocrx_word' id='word_1_310' title='bbox 109 1180 325 1228; x_wconf 85' lang='lat' dir='ltr'>perficiunt,</span> <span class='ocrx_word' id='word_1_311' title='bbox 349 1179 389 1215; x_wconf 93' lang='lat' dir='ltr'>in</span> <span class='ocrx_word' id='word_1_312' title='bbox 417 1179 519 1215; x_wconf 91' lang='lat' dir='ltr'>omni</span> <span class='ocrx_word' id='word_1_313' title='bbox 541 1177 743 1214; x_wconf 82' lang='lat' dir='ltr'>desiderio.</span> <span class='ocrx_word' id='word_1_314' title='bbox 767 1179 894 1224; x_wconf 86' lang='lat' dir='ltr'>Neque</span> <span class='ocrx_word' id='word_1_315' title='bbox 927 1183 928 1197; x_wconf 66' lang='lat'>¹</span> 
     </span>
     <span class='ocr_line' id='line_1_57' title="bbox 109 1223 928 1280; baseline -0.005 -16"><span class='ocrx_word' id='word_1_316' title='bbox 109 1227 210 1265; x_wconf 92' lang='lat' dir='ltr'>enim</span> <span class='ocrx_word' id='word_1_317' title='bbox 242 1237 400 1280; x_wconf 87' lang='lat' dir='ltr'>peccare</span> <span class='ocrx_word' id='word_1_318' title='bbox 434 1229 620 1269; x_wconf 87' lang='lat' dir='ltr'>metuunt,</span> <span class='ocrx_word' id='word_1_319' title='bbox 645 1226 710 1261; x_wconf 86' lang='lat' dir='ltr'>sed</span> <span class='ocrx_word' id='word_1_320' title='bbox 741 1225 892 1271; x_wconf 86' lang='lat' dir='ltr'>puniri;</span> <span class='ocrx_word' id='word_1_321' title='bbox 927 1223 928 1241; x_wconf 76' lang='lat'><em>³</em></span> 
     </span>
    </p>
   </div>
   <div class='ocr_carea' id='block_1_6' title="bbox 926 649 930 1608">
    <p class='ocr_par' dir='ltr' id='par_1_9' title="bbox 926 649 930 1608">
     <span class='ocr_line' id='line_1_58' title="bbox 926 649 930 1608; baseline 0 0"><span class='ocrx_word' id='word_1_322' title='bbox 926 649 930 1608; x_wconf 95' lang='lat' dir='ltr'> </span> 
     </span>
    </p>
   </div>
   <div class='ocr_carea' id='block_1_7' title="bbox 925 649 930 1966">
    <p class='ocr_par' dir='ltr' id='par_1_10' title="bbox 925 649 930 1966">
     <span class='ocr_line' id='line_1_59' title="bbox 925 649 930 1966; baseline 0 0"><span class='ocrx_word' id='word_1_323' title='bbox 925 649 930 1966; x_wconf 95' lang='lat' dir='ltr'> </span> 
     </span>
    </p>
   </div>
   <div class='ocr_carea' id='block_1_8' title="bbox 965 191 1754 1647">
    <p class='ocr_par' dir='ltr' id='par_1_11' title="bbox 970 191 1749 283">
     <span class='ocr_line' id='line_1_60' title="bbox 971 191 1749 241; baseline 0.009 -15"><span class='ocrx_word' id='word_1_324' title='bbox 971 191 1162 236; x_wconf 90' lang='lat' dir='ltr'>quamdiu.</span> <span class='ocrx_word' id='word_1_325' title='bbox 1184 193 1277 230; x_wconf 80' lang='lat' dir='ltr'>Actu</span> <span class='ocrx_word' id='word_1_326' title='bbox 1301 192 1416 230; x_wconf 85' lang='lat' dir='ltr'>vitam</span> <span class='ocrx_word' id='word_1_327' title='bbox 1437 195 1652 241; x_wconf 88' lang='lat' dir='ltr'>metiamur,</span> <span class='ocrx_word' id='word_1_328' title='bbox 1673 207 1749 234; x_wconf 89' lang='lat' dir='ltr'>non</span> 
     </span>
     <span class='ocr_line' id='line_1_61' title="bbox 970 241 1196 283; baseline -0.004 -10"><span class='ocrx_word' id='word_1_329' title='bbox 970 241 1153 283; x_wconf 86' lang='lat' dir='ltr'>tempore.</span> <span class='ocrx_word' id='word_1_330' title='bbox 1178 254 1196 271; x_wconf 89' lang='lat'>»</span> 
     </span>
    </p>

    <p class='ocr_par' dir='ltr' id='par_1_12' title="bbox 965 286 1754 1647">
     <span class='ocr_line' id='line_1_62' title="bbox 1019 286 1750 326; baseline 0.01 -7"><span class='ocrx_word' id='word_1_331' title='bbox 1019 288 1039 320; x_wconf 87' lang='grc'>6</span> <span class='ocrx_word' id='word_1_332' title='bbox 1058 286 1151 320; x_wconf 66' lang='lat' dir='ltr'>Tuas</span> <span class='ocrx_word' id='word_1_333' title='bbox 1173 298 1261 322; x_wconf 70' lang='lat' dir='ltr'>sexr</span> <span class='ocrx_word' id='word_1_334' title='bbox 1287 298 1514 325; x_wconf 72' lang='lat' dir='ltr'>POENlTENTIAE</span> <span class='ocrx_word' id='word_1_335' title='bbox 1539 301 1683 326; x_wconf 66' lang='lat' dir='ltr'>mures.</span> <span class='ocrx_word' id='word_1_336' title='bbox 1703 310 1750 316; x_wconf 96' lang='lat'><strong>—</strong></span> 
     </span>
     <span class='ocr_line' id='line_1_63' title="bbox 971 332 1749 383; baseline 0.006 -15"><span class='ocrx_word' id='word_1_337' title='bbox 971 332 1063 383; x_wconf 77' lang='lat' dir='ltr'>Sunt</span> <span class='ocrx_word' id='word_1_338' title='bbox 1089 335 1213 367; x_wconf 88' lang='lat' dir='ltr'>autem</span> <span class='ocrx_word' id='word_1_339' title='bbox 1242 337 1318 369; x_wconf 89' lang='lat' dir='ltr'>tres</span> <span class='ocrx_word' id='word_1_340' title='bbox 1347 339 1472 380; x_wconf 86' lang='lat' dir='ltr'>partes</span> <span class='ocrx_word' id='word_1_341' title='bbox 1501 335 1749 382; x_wconf 75' lang='lat' dir='ltr'>poenitentiae,</span> 
     </span>
     <span class='ocr_line' id='line_1_64' title="bbox 971 378 1749 425; baseline 0.012 -13"><span class='ocrx_word' id='word_1_342' title='bbox 971 378 1138 414; x_wconf 79' lang='lat' dir='ltr'>scilicet:</span> <span class='ocrx_word' id='word_1_343' title='bbox 1161 379 1285 415; x_wconf 90' lang='lat' dir='ltr'>cordis</span> <span class='ocrx_word' id='word_1_344' title='bbox 1305 382 1494 425; x_wconf 87' lang='lat' dir='ltr'>contritio,</span> <span class='ocrx_word' id='word_1_345' title='bbox 1508 383 1584 419; x_wconf 85' lang='lat' dir='ltr'>oris</span> <span class='ocrx_word' id='word_1_346' title='bbox 1605 384 1749 421; x_wconf 85' lang='lat' dir='ltr'>conses-</span> 
     </span>
     <span class='ocr_line' id='line_1_65' title="bbox 970 424 1751 477; baseline 0.01 -17"><span class='ocrx_word' id='word_1_347' title='bbox 970 424 1040 468; x_wconf 91' lang='lat' dir='ltr'>sio,</span> <span class='ocrx_word' id='word_1_348' title='bbox 1080 428 1116 461; x_wconf 87' lang='lat' dir='ltr'>et</span> <span class='ocrx_word' id='word_1_349' title='bbox 1153 425 1276 471; x_wconf 89' lang='lat' dir='ltr'>operis</span> <span class='ocrx_word' id='word_1_350' title='bbox 1313 427 1530 465; x_wconf 76' lang='lat' dir='ltr'>satisfactio.</span> <span class='ocrx_word' id='word_1_351' title='bbox 1571 430 1751 477; x_wconf 82' lang='lat' dir='ltr'>l‘raecepit</span> 
     </span>
     <span class='ocr_line' id='line_1_66' title="bbox 970 471 1750 522; baseline 0.009 -15"><span class='ocrx_word' id='word_1_352' title='bbox 970 471 1070 508; x_wconf 89' lang='lat' dir='ltr'>enim</span> <span class='ocrx_word' id='word_1_353' title='bbox 1098 471 1290 518; x_wconf 86' lang='lat' dir='ltr'>Scriptura</span> <span class='ocrx_word' id='word_1_354' title='bbox 1322 475 1493 511; x_wconf 83' lang='lat' dir='ltr'>scindere</span> <span class='ocrx_word' id='word_1_355' title='bbox 1520 478 1647 522; x_wconf 81' lang='lat' dir='ltr'>corda,</span> <span class='ocrx_word' id='word_1_356' title='bbox 1675 487 1750 514; x_wconf 91' lang='lat' dir='ltr'>non</span> 
     </span>
     <span class='ocr_line' id='line_1_67' title="bbox 971 518 1751 570; baseline 0.009 -16"><span class='ocrx_word' id='word_1_357' title='bbox 971 518 1208 563; x_wconf 85' lang='lat' dir='ltr'>vestimenta,</span> <span class='ocrx_word' id='word_1_358' title='bbox 1230 520 1400 556; x_wconf 84' lang='lat' dir='ltr'>confiteri</span> <span class='ocrx_word' id='word_1_359' title='bbox 1425 522 1648 559; x_wconf 78' lang='lat' dir='ltr'>alterutrum</span> <span class='ocrx_word' id='word_1_360' title='bbox 1669 534 1751 570; x_wconf 87' lang='lat' dir='ltr'>pec·</span> 
     </span>
     <span class='ocr_line' id='line_1_68' title="bbox 969 566 1749 616; baseline 0.008 -15"><span class='ocrx_word' id='word_1_361' title='bbox 969 568 1067 609; x_wconf 89' lang='lat' dir='ltr'>cata,</span> <span class='ocrx_word' id='word_1_362' title='bbox 1093 569 1130 602; x_wconf 87' lang='lat' dir='ltr'>et</span> <span class='ocrx_word' id='word_1_363' title='bbox 1156 566 1278 603; x_wconf 84' lang='lat' dir='ltr'>facere</span> <span class='ocrx_word' id='word_1_364' title='bbox 1301 567 1435 613; x_wconf 84' lang='lat' dir='ltr'>dignos</span> <span class='ocrx_word' id='word_1_365' title='bbox 1462 570 1602 605; x_wconf 78' lang='lat' dir='ltr'>tructus</span> <span class='ocrx_word' id='word_1_366' title='bbox 1630 570 1749 616; x_wconf 85' lang='lat' dir='ltr'>poeni-</span> 
     </span>
     <span class='ocr_line' id='line_1_69' title="bbox 968 613 1751 662; baseline 0.008 -14"><span class='ocrx_word' id='word_1_367' title='bbox 968 613 1109 649; x_wconf 62' lang='lat' dir='ltr'>tentiae.</span> <span class='ocrx_word' id='word_1_368' title='bbox 1150 614 1243 649; x_wconf 88' lang='lat' dir='ltr'>Nam</span> <span class='ocrx_word' id='word_1_369' title='bbox 1283 625 1367 650; x_wconf 91' lang='lat' dir='ltr'>cum</span> <span class='ocrx_word' id='word_1_370' title='bbox 1406 625 1517 651; x_wconf 89' lang='lat' dir='ltr'>omne</span> <span class='ocrx_word' id='word_1_371' title='bbox 1556 622 1751 662; x_wconf 85' lang='lat' dir='ltr'>peccatum</span> 
     </span>
     <span class='ocr_line' id='line_1_70' title="bbox 969 660 1750 708; baseline 0.005 -12"><span class='ocrx_word' id='word_1_372' title='bbox 969 660 1227 696; x_wconf 91' lang='lat' dir='ltr'>committatur</span> <span class='ocrx_word' id='word_1_373' title='bbox 1258 662 1385 705; x_wconf 89' lang='lat' dir='ltr'>eorde,</span> <span class='ocrx_word' id='word_1_374' title='bbox 1419 672 1547 708; x_wconf 89' lang='lat' dir='ltr'>opere,</span> <span class='ocrx_word' id='word_1_375' title='bbox 1580 664 1635 698; x_wconf 82' lang='lat' dir='ltr'>vel</span> <span class='ocrx_word' id='word_1_376' title='bbox 1670 674 1750 707; x_wconf 88' lang='lat' dir='ltr'>ore,</span> 
     </span>
     <span class='ocr_line' id='line_1_71' title="bbox 965 707 1751 754; baseline 0.004 -12"><span class='ocrx_word' id='word_1_377' title='bbox 965 707 1111 753; x_wconf 87' lang='lat' dir='ltr'>justum</span> <span class='ocrx_word' id='word_1_378' title='bbox 1133 711 1188 743; x_wconf 88' lang='lat' dir='ltr'>est</span> <span class='ocrx_word' id='word_1_379' title='bbox 1209 707 1262 744; x_wconf 89' lang='lat' dir='ltr'>ita</span> <span class='ocrx_word' id='word_1_380' title='bbox 1279 708 1401 744; x_wconf 86' lang='lat' dir='ltr'>curari</span> <span class='ocrx_word' id='word_1_381' title='bbox 1420 719 1487 754; x_wconf 89' lang='lat' dir='ltr'>per</span> <span class='ocrx_word' id='word_1_382' title='bbox 1505 709 1751 754; x_wconf 86' lang='lat' dir='ltr'>contrarium,</span> 
     </span>
     <span class='ocr_line' id='line_1_72' title="bbox 969 755 1750 801; baseline 0.004 -11"><span class='ocrx_word' id='word_1_383' title='bbox 969 758 1009 790; x_wconf 91' lang='lat' dir='ltr'>ut</span> <span class='ocrx_word' id='word_1_384' title='bbox 1027 758 1202 800; x_wconf 88' lang='lat' dir='ltr'>peccator</span> <span class='ocrx_word' id='word_1_385' title='bbox 1219 755 1367 801; x_wconf 85' lang='lat' dir='ltr'>eulpam</span> <span class='ocrx_word' id='word_1_386' title='bbox 1384 755 1510 791; x_wconf 87' lang='lat' dir='ltr'>animo</span> <span class='ocrx_word' id='word_1_387' title='bbox 1529 756 1750 801; x_wconf 86' lang='lat' dir='ltr'>detestetur,</span> 
     </span>
     <span class='ocr_line' id='line_1_73' title="bbox 969 803 1753 849; baseline 0.004 -13"><span class='ocrx_word' id='word_1_388' title='bbox 969 803 1083 837; x_wconf 82' lang='lat' dir='ltr'>verbo</span> <span class='ocrx_word' id='word_1_389' title='bbox 1103 806 1269 846; x_wconf 88' lang='lat' dir='ltr'>accuset,</span> <span class='ocrx_word' id='word_1_390' title='bbox 1283 806 1319 838; x_wconf 90' lang='lat' dir='ltr'>et</span> <span class='ocrx_word' id='word_1_391' title='bbox 1339 803 1437 839; x_wconf 87' lang='lat' dir='ltr'>facto</span> <span class='ocrx_word' id='word_1_392' title='bbox 1457 803 1649 849; x_wconf 82' lang='lat' dir='ltr'>poeniteat.</span> <span class='ocrx_word' id='word_1_393' title='bbox 1666 805 1753 840; x_wconf 82' lang='lat' dir='ltr'>Istae</span> 
     </span>
     <span class='ocr_line' id='line_1_74' title="bbox 968 849 1753 895; baseline 0.005 -12"><span class='ocrx_word' id='word_1_394' title='bbox 968 852 1046 884; x_wconf 86' lang='lat' dir='ltr'>tres</span> <span class='ocrx_word' id='word_1_395' title='bbox 1080 851 1207 894; x_wconf 85' lang='lat' dir='ltr'>partes</span> <span class='ocrx_word' id='word_1_396' title='bbox 1247 849 1481 895; x_wconf 82' lang='lat' dir='ltr'>poenitentioe</span> <span class='ocrx_word' id='word_1_397' title='bbox 1521 854 1606 886; x_wconf 89' lang='lat' dir='ltr'>sunt</span> <span class='ocrx_word' id='word_1_398' title='bbox 1643 850 1753 887; x_wconf 85' lang='lat' dir='ltr'>trinae</span> 
     </span>
     <span class='ocr_line' id='line_1_75' title="bbox 969 895 1753 943; baseline 0.003 -12"><span class='ocrx_word' id='word_1_399' title='bbox 969 895 1094 938; x_wconf 63' lang='lat' dir='ltr'>dietae,</span> <span class='ocrx_word' id='word_1_400' title='bbox 1110 896 1245 941; x_wconf 89' lang='lat' dir='ltr'>quibus</span> <span class='ocrx_word' id='word_1_401' title='bbox 1261 897 1309 932; x_wconf 91' lang='lat' dir='ltr'>ad</span> <span class='ocrx_word' id='word_1_402' title='bbox 1326 900 1466 933; x_wconf 87' lang='lat' dir='ltr'>terram</span> <span class='ocrx_word' id='word_1_403' title='bbox 1489 896 1753 943; x_wconf 87' lang='lat' dir='ltr'>promissionis</span> 
     </span>
     <span class='ocr_line' id='line_1_76' title="bbox 969 941 1749 988; baseline 0.004 -11"><span class='ocrx_word' id='word_1_404' title='bbox 969 941 1058 978; x_wconf 85' lang='lat' dir='ltr'>itur.</span> <span class='ocrx_word' id='word_1_405' title='bbox 1086 944 1137 978; x_wconf 90' lang='lat' dir='ltr'>De</span> <span class='ocrx_word' id='word_1_406' title='bbox 1170 943 1305 988; x_wconf 87' lang='lat' dir='ltr'>quibus</span> <span class='ocrx_word' id='word_1_407' title='bbox 1339 943 1376 979; x_wconf 90' lang='lat' dir='ltr'>in</span> <span class='ocrx_word' id='word_1_408' title='bbox 1411 944 1536 980; x_wconf 78' lang='lat' dir='ltr'>Exodo</span> <span class='ocrx_word' id='word_1_409' title='bbox 1571 944 1709 980; x_wconf 90' lang='lat' dir='ltr'>dicitur</span> <span class='ocrx_word' id='word_1_410' title='bbox 1740 955 1749 980; x_wconf 73' lang='grc' dir='ltr'>ε</span> 
     </span>
     <span class='ocr_line' id='line_1_77' title="bbox 968 991 1753 1032; baseline 0.004 -8"><span class='ocrx_word' id='word_1_411' title='bbox 968 992 1062 1025; x_wconf 75' lang='lat' dir='ltr'>Deus</span> <span class='ocrx_word' id='word_1_412' title='bbox 1077 991 1307 1026; x_wconf 75' lang='lat' dir='ltr'>Hebraeorzcm</span> <span class='ocrx_word' id='word_1_413' title='bbox 1324 993 1468 1027; x_wconf 72' lang='lat' dir='ltr'>vocavit</span> <span class='ocrx_word' id='word_1_414' title='bbox 1483 1001 1561 1032; x_wconf 77' lang='lat'>7208,</span> <span class='ocrx_word' id='word_1_415' title='bbox 1574 995 1612 1027; x_wconf 81' lang='lat' dir='ltr'>ut</span> <span class='ocrx_word' id='word_1_416' title='bbox 1629 1002 1753 1028; x_wconf 82' lang='lat' dir='ltr'>eamus</span> 
     </span>
     <span class='ocr_line' id='line_1_78' title="bbox 968 1038 1754 1084; baseline 0.003 -12"><span class='ocrx_word' id='word_1_417' title='bbox 968 1039 1067 1072; x_wconf 80' lang='lat' dir='ltr'>viam</span> <span class='ocrx_word' id='word_1_418' title='bbox 1099 1040 1210 1073; x_wconf 76' lang='lat' dir='ltr'>trium</span> <span class='ocrx_word' id='word_1_419' title='bbox 1245 1038 1387 1073; x_wconf 76' lang='lat' dir='ltr'>dierum</span> <span class='ocrx_word' id='word_1_420' title='bbox 1421 1040 1461 1074; x_wconf 81' lang='lat' dir='ltr'>in</span> <span class='ocrx_word' id='word_1_421' title='bbox 1484 1039 1695 1084; x_wconf 74' lang='lat' dir='ltr'>solitudine,</span> <span class='ocrx_word' id='word_1_422' title='bbox 1719 1042 1754 1075; x_wconf 80' lang='lat' dir='ltr'>et</span> 
     </span>
     <span class='ocr_line' id='line_1_79' title="bbox 968 1086 1753 1129; baseline 0.005 -11"><span class='ocrx_word' id='word_1_423' title='bbox 968 1086 1212 1129; x_wconf 74' lang='lat' dir='ltr'>sacrificemus</span> <span class='ocrx_word' id='word_1_424' title='bbox 1246 1087 1398 1121; x_wconf 78' lang='lat' dir='ltr'>Domino</span> <span class='ocrx_word' id='word_1_425' title='bbox 1430 1088 1502 1121; x_wconf 80' lang='lat' dir='ltr'>Deo</span> <span class='ocrx_word' id='word_1_426' title='bbox 1536 1089 1670 1129; x_wconf 76' lang='lat' dir='ltr'>nostro,</span> <span class='ocrx_word' id='word_1_427' title='bbox 1708 1096 1753 1122; x_wconf 81' lang='lat' dir='ltr'>ne</span> 
     </span>
     <span class='ocr_line' id='line_1_80' title="bbox 968 1132 1753 1180; baseline 0.004 -14"><span class='ocrx_word' id='word_1_428' title='bbox 968 1133 1063 1174; x_wconf 81' lang='lat' dir='ltr'>forte</span> <span class='ocrx_word' id='word_1_429' title='bbox 1082 1133 1226 1167; x_wconf 77' lang='lat' dir='ltr'>accidat</span> <span class='ocrx_word' id='word_1_430' title='bbox 1245 1133 1348 1167; x_wconf 81' lang='lat' dir='ltr'>nobis</span> <span class='ocrx_word' id='word_1_431' title='bbox 1366 1135 1494 1178; x_wconf 78' lang='lat' dir='ltr'>pestis,</span> <span class='ocrx_word' id='word_1_432' title='bbox 1510 1132 1546 1168; x_wconf 90' lang='lat' dir='ltr'>id</span> <span class='ocrx_word' id='word_1_433' title='bbox 1565 1136 1620 1168; x_wconf 86' lang='lat' dir='ltr'>cst</span> <span class='ocrx_word' id='word_1_434' title='bbox 1641 1132 1753 1180; x_wconf 80' lang='lat' dir='ltr'>culpa</span> 
     </span>
     <span class='ocr_line' id='line_1_81' title="bbox 967 1177 1753 1226; baseline 0.004 -13"><span class='ocrx_word' id='word_1_435' title='bbox 967 1177 1005 1213; x_wconf 86' lang='lat' dir='ltr'>in</span> <span class='ocrx_word' id='word_1_436' title='bbox 1027 1179 1219 1224; x_wconf 72' lang='lat' dir='ltr'>praesenti,</span> <span class='ocrx_word' id='word_1_437' title='bbox 1239 1183 1303 1215; x_wconf 75' lang='lat' dir='ltr'>aut</span> <span class='ocrx_word' id='word_1_438' title='bbox 1323 1180 1485 1223; x_wconf 54' lang='lat' dir='ltr'>gladius,</span> <span class='ocrx_word' id='word_1_439' title='bbox 1507 1179 1543 1215; x_wconf 87' lang='lat' dir='ltr'>id</span> <span class='ocrx_word' id='word_1_440' title='bbox 1567 1183 1622 1215; x_wconf 88' lang='lat' dir='ltr'>est</span> <span class='ocrx_word' id='word_1_441' title='bbox 1642 1189 1753 1226; x_wconf 83' lang='lat' dir='ltr'>poena</span> 
     </span>
     <span class='ocr_line' id='line_1_82' title="bbox 968 1224 1754 1273; baseline 0.004 -13"><span class='ocrx_word' id='word_1_442' title='bbox 968 1224 1006 1261; x_wconf 89' lang='lat' dir='ltr'>in</span> <span class='ocrx_word' id='word_1_443' title='bbox 1043 1226 1182 1262; x_wconf 80' lang='lat' dir='ltr'>futuro.</span> <span class='ocrx_word' id='word_1_444' title='bbox 1224 1228 1264 1262; x_wconf 86' lang='lat' dir='ltr'>In</span> <span class='ocrx_word' id='word_1_445' title='bbox 1302 1227 1374 1262; x_wconf 88' lang='lat' dir='ltr'>hoc</span> <span class='ocrx_word' id='word_1_446' title='bbox 1413 1227 1552 1271; x_wconf 89' lang='lat' dir='ltr'>triduo,</span> <span class='ocrx_word' id='word_1_447' title='bbox 1581 1226 1754 1273; x_wconf 63' lang='lat' dir='ltr'>quaesivit</span> 
     </span>
     <span class='ocr_line' id='line_1_83' title="bbox 968 1272 1753 1318; baseline 0.001 -9"><span class='ocrx_word' id='word_1_448' title='bbox 968 1272 1082 1318; x_wconf 88' lang='lat' dir='ltr'>Virgo</span> <span class='ocrx_word' id='word_1_449' title='bbox 1106 1272 1223 1309; x_wconf 87' lang='lat' dir='ltr'>Maria</span> <span class='ocrx_word' id='word_1_450' title='bbox 1251 1273 1382 1309; x_wconf 86' lang='lat' dir='ltr'>Filium</span> <span class='ocrx_word' id='word_1_451' title='bbox 1406 1285 1529 1318; x_wconf 92' lang='lat' dir='ltr'>suum,</span> <span class='ocrx_word' id='word_1_452' title='bbox 1553 1278 1589 1310; x_wconf 83' lang='lat' dir='ltr'>et</span> <span class='ocrx_word' id='word_1_453' title='bbox 1611 1273 1753 1310; x_wconf 77' lang='lat' dir='ltr'>invenit</span> 
     </span>
     <span class='ocr_line' id='line_1_84' title="bbox 969 1320 1753 1365; baseline 0.003 -11"><span class='ocrx_word' id='word_1_454' title='bbox 969 1330 1068 1355; x_wconf 80' lang='lat' dir='ltr'>euni.</span> <span class='ocrx_word' id='word_1_455' title='bbox 1090 1322 1130 1355; x_wconf 90' lang='lat' dir='ltr'>ln</span> <span class='ocrx_word' id='word_1_456' title='bbox 1153 1331 1225 1365; x_wconf 89' lang='lat' dir='ltr'>quo</span> <span class='ocrx_word' id='word_1_457' title='bbox 1253 1320 1349 1356; x_wconf 82' lang='lat' dir='ltr'>felici</span> <span class='ocrx_word' id='word_1_458' title='bbox 1372 1321 1495 1357; x_wconf 84' lang='lat' dir='ltr'>triduo</span> <span class='ocrx_word' id='word_1_459' title='bbox 1521 1321 1695 1357; x_wconf 88' lang='lat' dir='ltr'>similiter</span> <span class='ocrx_word' id='word_1_460' title='bbox 1715 1324 1753 1357; x_wconf 86' lang='lat' dir='ltr'>et</span> 
     </span>
     <span class='ocr_line' id='line_1_85' title="bbox 966 1366 1751 1413; baseline 0.003 -11"><span class='ocrx_word' id='word_1_461' title='bbox 966 1369 1009 1402; x_wconf 88' lang='lat' dir='ltr'>tu</span> <span class='ocrx_word' id='word_1_462' title='bbox 1036 1366 1067 1402; x_wconf 92' lang='lat' dir='ltr'>si</span> <span class='ocrx_word' id='word_1_463' title='bbox 1095 1367 1303 1412; x_wconf 79' lang='lat' dir='ltr'>quaesieriS,</span> <span class='ocrx_word' id='word_1_464' title='bbox 1333 1367 1504 1404; x_wconf 83' lang='lat' dir='ltr'>invenies</span> <span class='ocrx_word' id='word_1_465' title='bbox 1535 1370 1679 1413; x_wconf 88' lang='lat' dir='ltr'>Jesum,</span> <span class='ocrx_word' id='word_1_466' title='bbox 1713 1367 1751 1404; x_wconf 88' lang='lat' dir='ltr'>id</span> 
     </span>
     <span class='ocr_line' id='line_1_86' title="bbox 969 1414 1751 1459; baseline 0.003 -10"><span class='ocrx_word' id='word_1_467' title='bbox 969 1416 1026 1449; x_wconf 89' lang='lat' dir='ltr'>est</span> <span class='ocrx_word' id='word_1_468' title='bbox 1049 1414 1208 1449; x_wconf 87' lang='lat' dir='ltr'>salutem</span> <span class='ocrx_word' id='word_1_469' title='bbox 1229 1418 1427 1450; x_wconf 78' lang='lat' dir='ltr'>aeternam.</span> <span class='ocrx_word' id='word_1_470' title='bbox 1450 1416 1536 1450; x_wconf 82' lang='lat' dir='ltr'>Haee</span> <span class='ocrx_word' id='word_1_471' title='bbox 1559 1418 1614 1450; x_wconf 89' lang='lat' dir='ltr'>est</span> <span class='ocrx_word' id='word_1_472' title='bbox 1634 1415 1751 1459; x_wconf 90' lang='lat' dir='ltr'>scala,</span> 
     </span>
     <span class='ocr_line' id='line_1_87' title="bbox 968 1461 1751 1507; baseline 0.004 -12"><span class='ocrx_word' id='word_1_473' title='bbox 968 1461 1751 1507; x_wconf 84' lang='lat' dir='ltr'>cumtribusgradibus,quamviditJacob,</span> 
     </span>
     <span class='ocr_line' id='line_1_88' title="bbox 968 1508 1753 1554; baseline 0.001 -11"><span class='ocrx_word' id='word_1_474' title='bbox 968 1511 1132 1543; x_wconf 89' lang='lat' dir='ltr'>erectam</span> <span class='ocrx_word' id='word_1_475' title='bbox 1155 1519 1177 1543; x_wconf 87' lang='lat' dir='ltr'>a</span> <span class='ocrx_word' id='word_1_476' title='bbox 1197 1512 1300 1544; x_wconf 88' lang='lat' dir='ltr'>terra</span> <span class='ocrx_word' id='word_1_477' title='bbox 1326 1519 1443 1554; x_wconf 89' lang='lat' dir='ltr'>usque</span> <span class='ocrx_word' id='word_1_478' title='bbox 1463 1508 1511 1544; x_wconf 89' lang='lat' dir='ltr'>ad</span> <span class='ocrx_word' id='word_1_479' title='bbox 1535 1508 1691 1553; x_wconf 82' lang='lat' dir='ltr'>coelum3</span> <span class='ocrx_word' id='word_1_480' title='bbox 1715 1511 1753 1544; x_wconf 88' lang='lat' dir='ltr'>et</span> 
     </span>
     <span class='ocr_line' id='line_1_89' title="bbox 966 1554 1750 1601; baseline 0.003 -12"><span class='ocrx_word' id='word_1_481' title='bbox 966 1554 1169 1590; x_wconf 89' lang='lat' dir='ltr'>Dominum</span> <span class='ocrx_word' id='word_1_482' title='bbox 1181 1554 1351 1591; x_wconf 85' lang='lat' dir='ltr'>innixum</span> <span class='ocrx_word' id='word_1_483' title='bbox 1364 1555 1474 1591; x_wconf 84' lang='lat' dir='ltr'>scalae</span> <span class='ocrx_word' id='word_1_484' title='bbox 1486 1558 1642 1601; x_wconf 89' lang='lat' dir='ltr'>propter</span> <span class='ocrx_word' id='word_1_485' title='bbox 1653 1555 1750 1591; x_wconf 88' lang='lat' dir='ltr'>tria:</span> 
     </span>
     <span class='ocr_line' id='line_1_90' title="bbox 965 1600 1750 1647; baseline 0.001 -11"><span class='ocrx_word' id='word_1_486' title='bbox 965 1600 1151 1647; x_wconf 90' lang='lat' dir='ltr'>primum,</span> <span class='ocrx_word' id='word_1_487' title='bbox 1177 1605 1219 1638; x_wconf 91' lang='lat' dir='ltr'>ut</span> <span class='ocrx_word' id='word_1_488' title='bbox 1250 1612 1334 1638; x_wconf 90' lang='lat' dir='ltr'>eam</span> <span class='ocrx_word' id='word_1_489' title='bbox 1360 1602 1509 1638; x_wconf 87' lang='lat' dir='ltr'>fortiter</span> <span class='ocrx_word' id='word_1_490' title='bbox 1540 1601 1750 1647; x_wconf 85' lang='lat' dir='ltr'>sustineat3</span> 
     </span>
    </p>
   </div>
   <div class='ocr_carea' id='block_1_9' title="bbox 952 1648 1752 1695">
    <p class='ocr_par' dir='ltr' id='par_1_13' title="bbox 952 1648 1752 1695">
     <span class='ocr_line' id='line_1_91' title="bbox 952 1648 1752 1695; baseline 0.001 -11"><span class='ocrx_word' id='word_1_491' title='bbox 952 1648 1187 1693; x_wconf 88' lang='lat' dir='ltr'>secundum,</span> <span class='ocrx_word' id='word_1_492' title='bbox 1221 1651 1263 1684; x_wconf 87' lang='lat' dir='ltr'>ut</span> <span class='ocrx_word' id='word_1_493' title='bbox 1297 1648 1516 1685; x_wconf 85' lang='lat' dir='ltr'>ascendenti</span> <span class='ocrx_word' id='word_1_494' title='bbox 1552 1659 1620 1695; x_wconf 89' lang='lat' dir='ltr'>per</span> <span class='ocrx_word' id='word_1_495' title='bbox 1652 1659 1752 1694; x_wconf 88' lang='lat' dir='ltr'>eam,</span> 
     </span>
    </p>
   </div>
   <div class='ocr_carea' id='block_1_10' title="bbox 964 1695 1754 2781">
    <p class='ocr_par' dir='ltr' id='par_1_14' title="bbox 964 1695 1754 1978">
     <span class='ocr_line' id='line_1_92' title="bbox 966 1695 1754 1743; baseline 0.001 -12"><span class='ocrx_word' id='word_1_496' title='bbox 966 1706 1114 1740; x_wconf 87' lang='lat' dir='ltr'>manus,</span> <span class='ocrx_word' id='word_1_497' title='bbox 1125 1695 1155 1731; x_wconf 90' lang='lat' dir='ltr'>si</span> <span class='ocrx_word' id='word_1_498' title='bbox 1168 1706 1325 1732; x_wconf 89' lang='lat' dir='ltr'>neeesse</span> <span class='ocrx_word' id='word_1_499' title='bbox 1339 1696 1466 1740; x_wconf 84' lang='lat' dir='ltr'>suerit,</span> <span class='ocrx_word' id='word_1_500' title='bbox 1476 1696 1666 1743; x_wconf 82' lang='lat' dir='ltr'>porrigat3</span> <span class='ocrx_word' id='word_1_501' title='bbox 1681 1699 1754 1733; x_wconf 86' lang='lat' dir='ltr'>ter·</span> 
     </span>
     <span class='ocr_line' id='line_1_93' title="bbox 964 1742 1752 1790; baseline 0.003 -12"><span class='ocrx_word' id='word_1_502' title='bbox 964 1742 1073 1786; x_wconf 91' lang='lat' dir='ltr'>tium,</span> <span class='ocrx_word' id='word_1_503' title='bbox 1095 1746 1137 1778; x_wconf 87' lang='lat' dir='ltr'>ut</span> <span class='ocrx_word' id='word_1_504' title='bbox 1155 1744 1380 1788; x_wconf 88' lang='lat' dir='ltr'>ascendens,</span> <span class='ocrx_word' id='word_1_505' title='bbox 1402 1754 1488 1779; x_wconf 92' lang='lat' dir='ltr'>eum</span> <span class='ocrx_word' id='word_1_506' title='bbox 1510 1743 1752 1790; x_wconf 87' lang='lat' dir='ltr'>laboraverit,</span> 
     </span>
     <span class='ocr_line' id='line_1_94' title="bbox 967 1789 1750 1837; baseline 0.001 -12"><span class='ocrx_word' id='word_1_507' title='bbox 967 1793 1003 1826; x_wconf 88' lang='lat' dir='ltr'>et</span> <span class='ocrx_word' id='word_1_508' title='bbox 1020 1789 1198 1836; x_wconf 82' lang='lat' dir='ltr'>fatigatus</span> <span class='ocrx_word' id='word_1_509' title='bbox 1214 1790 1341 1835; x_wconf 86' lang='lat' dir='ltr'>fuerit,</span> <span class='ocrx_word' id='word_1_510' title='bbox 1359 1790 1399 1826; x_wconf 95' lang='lat' dir='ltr'>in</span> <span class='ocrx_word' id='word_1_511' title='bbox 1417 1791 1540 1837; x_wconf 91' lang='lat' dir='ltr'>ipsum</span> <span class='ocrx_word' id='word_1_512' title='bbox 1556 1790 1750 1837; x_wconf 88' lang='lat' dir='ltr'>respiciat,</span> 
     </span>
     <span class='ocr_line' id='line_1_95' title="bbox 966 1838 1750 1884; baseline 0.003 -12"><span class='ocrx_word' id='word_1_513' title='bbox 966 1840 1003 1873; x_wconf 91' lang='lat' dir='ltr'>et</span> <span class='ocrx_word' id='word_1_514' title='bbox 1022 1840 1141 1873; x_wconf 86' lang='lat' dir='ltr'>totam</span> <span class='ocrx_word' id='word_1_515' title='bbox 1160 1848 1266 1873; x_wconf 90' lang='lat' dir='ltr'>suam</span> <span class='ocrx_word' id='word_1_516' title='bbox 1286 1849 1415 1874; x_wconf 89' lang='lat' dir='ltr'>curam</span> <span class='ocrx_word' id='word_1_517' title='bbox 1435 1838 1475 1874; x_wconf 92' lang='lat' dir='ltr'>in</span> <span class='ocrx_word' id='word_1_518' title='bbox 1495 1848 1580 1874; x_wconf 89' lang='lat' dir='ltr'>eum</span> <span class='ocrx_word' id='word_1_519' title='bbox 1599 1838 1718 1884; x_wconf 77' lang='lat' dir='ltr'>Jactet</span> <span class='ocrx_word' id='word_1_520' title='bbox 1739 1849 1750 1873; x_wconf 70' lang='grc' dir='ltr'>ε</span> 
     </span>
     <span class='ocr_line' id='line_1_96' title="bbox 965 1884 1751 1931; baseline 0.004 -12"><span class='ocrx_word' id='word_1_521' title='bbox 965 1894 1044 1920; x_wconf 86' lang='lat' dir='ltr'>non</span> <span class='ocrx_word' id='word_1_522' title='bbox 1069 1884 1170 1920; x_wconf 88' lang='lat' dir='ltr'>enirn</span> <span class='ocrx_word' id='word_1_523' title='bbox 1196 1884 1250 1920; x_wconf 89' lang='lat' dir='ltr'>ita</span> <span class='ocrx_word' id='word_1_524' title='bbox 1269 1885 1432 1922; x_wconf 90' lang='lat' dir='ltr'>crudelis</span> <span class='ocrx_word' id='word_1_525' title='bbox 1458 1885 1638 1931; x_wconf 86' lang='lat' dir='ltr'>estquod</span> <span class='ocrx_word' id='word_1_526' title='bbox 1664 1895 1751 1922; x_wconf 88' lang='lat' dir='ltr'>eum</span> 
     </span>
     <span class='ocr_line' id='line_1_97' title="bbox 966 1931 1329 1978; baseline 0.003 -11"><span class='ocrx_word' id='word_1_527' title='bbox 966 1931 1101 1967; x_wconf 86' lang='lat' dir='ltr'>cadere</span> <span class='ocrx_word' id='word_1_528' title='bbox 1122 1931 1329 1978; x_wconf 88' lang='lat' dir='ltr'>permittat.</span> 
     </span>
    </p>

    <p class='ocr_par' dir='ltr' id='par_1_15' title="bbox 965 1977 1753 2781">
     <span class='ocr_line' id='line_1_98' title="bbox 1014 1977 1753 2025; baseline 0 -11"><span class='ocrx_word' id='word_1_529' title='bbox 1014 1993 1033 2025; x_wconf 91' lang='lat'><strong>7</strong></span> <span class='ocrx_word' id='word_1_530' title='bbox 1063 1980 1116 2014; x_wconf 69' lang='lat' dir='ltr'>Dr:</span> <span class='ocrx_word' id='word_1_531' title='bbox 1136 1990 1371 2014; x_wconf 77' lang='lat' dir='ltr'>CONTRl&#39;rIONE</span> <span class='ocrx_word' id='word_1_532' title='bbox 1397 1990 1536 2014; x_wconf 73' lang='lat' dir='ltr'>comus.</span> <span class='ocrx_word' id='word_1_533' title='bbox 1559 1998 1604 2005; x_wconf 91' lang='lat'>—-</span> <span class='ocrx_word' id='word_1_534' title='bbox 1624 1977 1753 2015; x_wconf 83' lang='lat' dir='ltr'>Prima</span> 
     </span>
     <span class='ocr_line' id='line_1_99' title="bbox 967 2025 1750 2072; baseline 0.001 -12"><span class='ocrx_word' id='word_1_535' title='bbox 967 2035 1056 2070; x_wconf 88' lang='lat' dir='ltr'>ergo</span> <span class='ocrx_word' id='word_1_536' title='bbox 1078 2036 1166 2071; x_wconf 89' lang='lat' dir='ltr'>pars</span> <span class='ocrx_word' id='word_1_537' title='bbox 1187 2025 1418 2072; x_wconf 81' lang='lat' dir='ltr'>poenitentiae</span> <span class='ocrx_word' id='word_1_538' title='bbox 1441 2029 1495 2061; x_wconf 87' lang='lat' dir='ltr'>est</span> <span class='ocrx_word' id='word_1_539' title='bbox 1515 2025 1639 2061; x_wconf 88' lang='lat' dir='ltr'>cordis</span> <span class='ocrx_word' id='word_1_540' title='bbox 1659 2035 1750 2062; x_wconf 89' lang='lat' dir='ltr'>con-</span> 
     </span>
     <span class='ocr_line' id='line_1_100' title="bbox 966 2071 1751 2109; baseline 0.003 -2"><span class='ocrx_word' id='word_1_541' title='bbox 966 2071 1083 2107; x_wconf 89' lang='lat' dir='ltr'>tritio.</span> <span class='ocrx_word' id='word_1_542' title='bbox 1109 2074 1173 2108; x_wconf 87' lang='lat' dir='ltr'>Est</span> <span class='ocrx_word' id='word_1_543' title='bbox 1196 2076 1323 2109; x_wconf 88' lang='lat' dir='ltr'>autem</span> <span class='ocrx_word' id='word_1_544' title='bbox 1348 2072 1524 2109; x_wconf 87' lang='lat' dir='ltr'>contritio</span> <span class='ocrx_word' id='word_1_545' title='bbox 1548 2072 1657 2108; x_wconf 89' lang='lat' dir='ltr'>dolor</span> <span class='ocrx_word' id='word_1_546' title='bbox 1684 2082 1751 2109; x_wconf 90' lang='lat' dir='ltr'>vo-</span> 
     </span>
     <span class='ocr_line' id='line_1_101' title="bbox 966 2118 1751 2167; baseline 0.003 -13"><span class='ocrx_word' id='word_1_547' title='bbox 966 2118 1129 2155; x_wconf 88' lang='lat' dir='ltr'>luntarie</span> <span class='ocrx_word' id='word_1_548' title='bbox 1151 2123 1366 2167; x_wconf 92' lang='lat' dir='ltr'>assumptus</span> <span class='ocrx_word' id='word_1_549' title='bbox 1384 2130 1452 2166; x_wconf 93' lang='lat' dir='ltr'>pro</span> <span class='ocrx_word' id='word_1_550' title='bbox 1471 2119 1649 2166; x_wconf 86' lang='lat' dir='ltr'>peccatis,</span> <span class='ocrx_word' id='word_1_551' title='bbox 1665 2129 1751 2156; x_wconf 89' lang='lat' dir='ltr'>cum</span> 
     </span>
     <span class='ocr_line' id='line_1_102' title="bbox 966 2165 1751 2212; baseline 0.001 -11"><span class='ocrx_word' id='word_1_552' title='bbox 966 2166 1182 2212; x_wconf 87' lang='lat' dir='ltr'>proposito,</span> <span class='ocrx_word' id='word_1_553' title='bbox 1207 2177 1274 2203; x_wconf 89' lang='lat' dir='ltr'>seu</span> <span class='ocrx_word' id='word_1_554' title='bbox 1305 2166 1515 2203; x_wconf 88' lang='lat' dir='ltr'>intentione</span> <span class='ocrx_word' id='word_1_555' title='bbox 1542 2165 1751 2203; x_wconf 87' lang='lat' dir='ltr'>confitendi</span> 
     </span>
     <span class='ocr_line' id='line_1_103' title="bbox 967 2213 1750 2260; baseline 0.001 -11"><span class='ocrx_word' id='word_1_556' title='bbox 967 2216 1004 2249; x_wconf 84' lang='lat' dir='ltr'>et</span> <span class='ocrx_word' id='word_1_557' title='bbox 1023 2213 1293 2259; x_wconf 84' lang='lat' dir='ltr'>satisfaciendi,</span> <span class='ocrx_word' id='word_1_558' title='bbox 1309 2214 1398 2260; x_wconf 92' lang='lat' dir='ltr'>quia</span> <span class='ocrx_word' id='word_1_559' title='bbox 1415 2214 1540 2250; x_wconf 92' lang='lat' dir='ltr'>nullus</span> <span class='ocrx_word' id='word_1_560' title='bbox 1556 2224 1644 2250; x_wconf 74' lang='lat' dir='ltr'>vere</span> <span class='ocrx_word' id='word_1_561' title='bbox 1664 2223 1750 2250; x_wconf 89' lang='lat' dir='ltr'>cen-</span> 
     </span>
     <span class='ocr_line' id='line_1_104' title="bbox 967 2260 1750 2307; baseline 0.003 -11"><span class='ocrx_word' id='word_1_562' title='bbox 967 2264 1070 2297; x_wconf 88' lang='lat' dir='ltr'>setur</span> <span class='ocrx_word' id='word_1_563' title='bbox 1090 2261 1287 2305; x_wconf 90' lang='lat' dir='ltr'>contritus,</span> <span class='ocrx_word' id='word_1_564' title='bbox 1310 2260 1382 2297; x_wconf 89' lang='lat' dir='ltr'>nisi</span> <span class='ocrx_word' id='word_1_565' title='bbox 1411 2261 1549 2298; x_wconf 89' lang='lat' dir='ltr'>habeat</span> <span class='ocrx_word' id='word_1_566' title='bbox 1575 2261 1750 2307; x_wconf 86' lang='lat' dir='ltr'>proposi-</span> 
     </span>
     <span class='ocr_line' id='line_1_105' title="bbox 966 2308 1748 2361; baseline 0.001 -18"><span class='ocrx_word' id='word_1_567' title='bbox 966 2311 1045 2344; x_wconf 89' lang='lat' dir='ltr'>tum</span> <span class='ocrx_word' id='word_1_568' title='bbox 1080 2308 1310 2361; x_wconf 74' lang='lat' dir='ltr'>huJusmodi.</span> <span class='ocrx_word' id='word_1_569' title='bbox 1343 2310 1383 2345; x_wconf 92' lang='lat' dir='ltr'>In</span> <span class='ocrx_word' id='word_1_570' title='bbox 1407 2319 1482 2355; x_wconf 87' lang='lat' dir='ltr'>qua</span> <span class='ocrx_word' id='word_1_571' title='bbox 1507 2308 1748 2354; x_wconf 86' lang='lat' dir='ltr'>contritione,</span> 
     </span>
     <span class='ocr_line' id='line_1_106' title="bbox 966 2355 1748 2402; baseline 0.003 -12"><span class='ocrx_word' id='word_1_572' title='bbox 966 2355 1079 2391; x_wconf 91' lang='lat' dir='ltr'>homo</span> <span class='ocrx_word' id='word_1_573' title='bbox 1113 2355 1306 2402; x_wconf 78' lang='lat' dir='ltr'>sigillatim</span> <span class='ocrx_word' id='word_1_574' title='bbox 1339 2356 1467 2392; x_wconf 89' lang='lat' dir='ltr'>omnia</span> <span class='ocrx_word' id='word_1_575' title='bbox 1499 2359 1654 2402; x_wconf 87' lang='lat' dir='ltr'>peccata</span> <span class='ocrx_word' id='word_1_576' title='bbox 1680 2365 1748 2392; x_wconf 92' lang='lat' dir='ltr'>sua</span> 
     </span>
     <span class='ocr_line' id='line_1_107' title="bbox 966 2402 1748 2439; baseline 0.001 -1"><span class='ocrx_word' id='word_1_577' title='bbox 966 2406 1055 2438; x_wconf 87' lang='lat' dir='ltr'>ante</span> <span class='ocrx_word' id='word_1_578' title='bbox 1076 2403 1241 2439; x_wconf 87' lang='lat' dir='ltr'>tribunal</span> <span class='ocrx_word' id='word_1_579' title='bbox 1262 2403 1501 2439; x_wconf 79' lang='lat' dir='ltr'>conscicntiae</span> <span class='ocrx_word' id='word_1_580' title='bbox 1529 2414 1605 2439; x_wconf 77' lang='lat' dir='ltr'>suae</span> <span class='ocrx_word' id='word_1_581' title='bbox 1626 2402 1748 2439; x_wconf 83' lang='lat' dir='ltr'>addu-</span> 
     </span>
     <span class='ocr_line' id='line_1_108' title="bbox 967 2449 1747 2496; baseline 0 -11"><span class='ocrx_word' id='word_1_582' title='bbox 967 2453 1039 2494; x_wconf 89' lang='lat' dir='ltr'>cat,</span> <span class='ocrx_word' id='word_1_583' title='bbox 1056 2454 1095 2486; x_wconf 91' lang='lat' dir='ltr'>ut</span> <span class='ocrx_word' id='word_1_584' title='bbox 1116 2450 1167 2487; x_wconf 88' lang='lat' dir='ltr'>ibi</span> <span class='ocrx_word' id='word_1_585' title='bbox 1189 2450 1354 2496; x_wconf 91' lang='lat' dir='ltr'>seipsum</span> <span class='ocrx_word' id='word_1_586' title='bbox 1373 2461 1568 2493; x_wconf 85' lang='lat' dir='ltr'>accusans,</span> <span class='ocrx_word' id='word_1_587' title='bbox 1589 2449 1626 2485; x_wconf 90' lang='lat' dir='ltr'>in</span> <span class='ocrx_word' id='word_1_588' title='bbox 1646 2458 1747 2486; x_wconf 89' lang='lat' dir='ltr'>ama-</span> 
     </span>
     <span class='ocr_line' id='line_1_109' title="bbox 966 2496 1745 2542; baseline -0.001 -10"><span class='ocrx_word' id='word_1_589' title='bbox 966 2496 1129 2534; x_wconf 87' lang='lat' dir='ltr'>ritudine</span> <span class='ocrx_word' id='word_1_590' title='bbox 1153 2497 1289 2534; x_wconf 81' lang='lat' dir='ltr'>animae</span> <span class='ocrx_word' id='word_1_591' title='bbox 1311 2509 1388 2535; x_wconf 80' lang='lat' dir='ltr'>suae</span> <span class='ocrx_word' id='word_1_592' title='bbox 1409 2499 1455 2534; x_wconf 91' lang='lat' dir='ltr'>de</span> <span class='ocrx_word' id='word_1_593' title='bbox 1475 2497 1633 2542; x_wconf 80' lang='lat' dir='ltr'>singulis</span> <span class='ocrx_word' id='word_1_594' title='bbox 1655 2506 1745 2532; x_wconf 89' lang='lat' dir='ltr'>con-</span> 
     </span>
     <span class='ocr_line' id='line_1_110' title="bbox 967 2543 1747 2592; baseline 0 -13"><span class='ocrx_word' id='word_1_595' title='bbox 967 2547 1132 2590; x_wconf 87' lang='lat' dir='ltr'>teretur,</span> <span class='ocrx_word' id='word_1_596' title='bbox 1169 2548 1205 2581; x_wconf 88' lang='lat' dir='ltr'>et</span> <span class='ocrx_word' id='word_1_597' title='bbox 1243 2549 1374 2592; x_wconf 89' lang='lat' dir='ltr'>postea</span> <span class='ocrx_word' id='word_1_598' title='bbox 1413 2546 1652 2581; x_wconf 83' lang='lat' dir='ltr'>confiteatur.</span> <span class='ocrx_word' id='word_1_599' title='bbox 1693 2543 1747 2579; x_wconf 84' lang='lat' dir='ltr'>De</span> 
     </span>
     <span class='ocr_line' id='line_1_111' title="bbox 966 2588 1747 2639; baseline -0.003 -12"><span class='ocrx_word' id='word_1_600' title='bbox 966 2591 1124 2638; x_wconf 91' lang='lat' dir='ltr'>singulis</span> <span class='ocrx_word' id='word_1_601' title='bbox 1160 2591 1298 2639; x_wconf 87' lang='lat' dir='ltr'>quippe</span> <span class='ocrx_word' id='word_1_602' title='bbox 1329 2591 1492 2638; x_wconf 87' lang='lat' dir='ltr'>peccatis</span> <span class='ocrx_word' id='word_1_603' title='bbox 1524 2588 1747 2626; x_wconf 89' lang='lat' dir='ltr'>mortalibus</span> 
     </span>
     <span class='ocr_line' id='line_1_112' title="bbox 965 2636 1748 2685; baseline -0.005 -10"><span class='ocrx_word' id='word_1_604' title='bbox 965 2639 1172 2685; x_wconf 89' lang='lat' dir='ltr'>requiritur</span> <span class='ocrx_word' id='word_1_605' title='bbox 1191 2641 1366 2676; x_wconf 87' lang='lat' dir='ltr'>contritio</span> <span class='ocrx_word' id='word_1_606' title='bbox 1388 2637 1602 2684; x_wconf 80' lang='lat' dir='ltr'>singularis.</span> <span class='ocrx_word' id='word_1_607' title='bbox 1620 2636 1748 2673; x_wconf 87' lang='lat' dir='ltr'>Diver-</span> 
     </span>
     <span class='ocr_line' id='line_1_113' title="bbox 966 2685 1747 2736; baseline -0.005 -13"><span class='ocrx_word' id='word_1_608' title='bbox 966 2696 1093 2723; x_wconf 91' lang='lat' dir='ltr'>sorum</span> <span class='ocrx_word' id='word_1_609' title='bbox 1115 2686 1215 2723; x_wconf 90' lang='lat' dir='ltr'>enim</span> <span class='ocrx_word' id='word_1_610' title='bbox 1237 2688 1455 2724; x_wconf 89' lang='lat' dir='ltr'>morborum</span> <span class='ocrx_word' id='word_1_611' title='bbox 1476 2685 1633 2721; x_wconf 61' lang='lat' dir='ltr'>diversae</span> <span class='ocrx_word' id='word_1_612' title='bbox 1659 2685 1747 2736; x_wconf 79' lang='lat' dir='ltr'>sunt</span> 
     </span>
     <span class='ocr_line' id='line_1_114' title="bbox 966 2731 1746 2781; baseline -0.005 -10"><span class='ocrx_word' id='word_1_613' title='bbox 966 2733 1179 2781; x_wconf 63' lang='lat' dir='ltr'>medicinae,</span> <span class='ocrx_word' id='word_1_614' title='bbox 1200 2735 1265 2771; x_wconf 92' lang='lat' dir='ltr'>sed</span> <span class='ocrx_word' id='word_1_615' title='bbox 1290 2733 1463 2771; x_wconf 87' lang='lat' dir='ltr'>contritio</span> <span class='ocrx_word' id='word_1_616' title='bbox 1484 2737 1540 2768; x_wconf 85' lang='lat' dir='ltr'>est</span> <span class='ocrx_word' id='word_1_617' title='bbox 1560 2731 1746 2768; x_wconf 81' lang='lat' dir='ltr'>medicina</span> 
     </span>
    </p>
   </div>
  </div>
 </body>
</html>
