1876 3126
101 203 167 237 240

119 270 221 314 anni,
241 278 375 316 passus
393 268 448 302 est
462 264 664 308 Dominus;
686 266 723 300 et
739 263 791 300 ita
807 262 895 299 vixit

121 317 273 364 triginta
300 314 445 351 duobus
478 311 589 348 annis
621 310 776 356 integris
806 322 814 346 :
849 310 895 346 de

119 363 312 411 trigesimo
333 360 459 404 tertio,
480 361 670 405 quantum·
683 357 786 394 fluxit
805 359 896 393 tem-

117 412 220 460 poris
237 421 259 446 a
277 408 406 452 natali,
418 417 536 452 usque
554 406 601 442 ad
623 405 779 450 Pascha,
795 404 894 450 quod

117 470 185 506 pro
222 467 320 494 anno
356 453 511 491 dimidio
544 452 749 499 computari
785 451 891 487 solet.

117 505 202 543 Fuit
235 507 360 541 autem
395 512 496 538 anno
525 499 717 546 trigesimo
751 499 894 534 Pascha

116 553 334 591 Judaeorum
347 549 476 596 quinto
494 547 676 584 kalendas
693 546 843 592 Aprilis,
858 548 894 597 et

116 600 210 637 feria
228 597 377 644 quinta;
397 596 462 632 sed
480 606 577 631 anno
595 593 800 641 trigesimo,
816 603 892 638 prl-

114 658 176 683 mo
191 646 261 682 fuit
275 644 421 681 decimo
434 646 535 679 sexto
547 641 729 677 kalendas
747 639 845 683 Maii,
856 642 893 674 et

115 694 210 730 feria
232 696 385 739 quarta;
406 701 505 726 anno
522 700 610 725 vero
629 687 818 733 trigesimo
835 696 890 737 se-

111 741 250 784 cundo,
266 739 336 775 suit
354 737 465 774 nonis
479 736 629 782 Aprilis,
644 735 681 770 in
696 734 756 770 die
770 735 893 768 Domi-

113 787 218 832 nica3
242 787 307 823 sed
332 795 431 822 anno
457 783 650 829 trigesimo
677 779 802 822 tertio,
824 779 892 814 fuit

112 837 243 872 octavo
262 832 443 869 kalendas
459 829 597 876 Aprilis
612 832 648 864 et
664 830 766 864 sexta
784 825 888 861 feria.

163 886 183 918 6
206 883 489 917 PRAEnicATiole
510 878 653 913 Cflmsn
671 886 741 910 TAM
762 884 890 908 Momco

115 929 276 965 TEMronE
298 937 460 962 PERACTAE
481 934 629 959 TmPLEx
653 932 757 957 amo
779 931 890 955 expo-

115 988 234 1012 NtTun.
252 995 293 1000 —-—
310 975 354 1009 Et
373 974 496 1018 potest
513 969 646 1015 triplex
666 978 778 1004 causa
798 965 890 1002 assi-

115 1022 237 1069 gnari,
247 1030 362 1066 quare
378 1017 547 1054 Christus
561 1015 707 1052 modico
722 1018 890 1060 tempore

115 1069 231 1105 voluit
257 1065 475 1113 praedicare.
503 1062 641 1107 Prima,
664 1062 711 1098 ad
734 1062 890 1097 demon-

114 1115 309 1152 strandum
323 1123 428 1149 suam
439 1111 630 1154 virtutem,
641 1109 740 1155 quod
752 1108 892 1144 scilicet

112 1162 150 1198 in
176 1167 253 1198 tam
277 1160 422 1196 modico
450 1162 619 1203 tempore
642 1160 761 1192 totum
783 1166 890 1190 mun-

115 1209 203 1245 dum
224 1208 452 1244 immutaret.
466 1226 511 1232 —-
524 1204 710 1248 Secunda,
726 1203 773 1239 ad
794 1202 890 1238 exci-

114 1257 271 1292 tandum
308 1252 496 1290 desideria
527 1251 814 1298 discipulorum,
851 1252 892 1285 ut

115 1303 236 1348 magis
263 1312 347 1338 eum
375 1300 646 1343 desiderarent,
677 1308 787 1344 quem
814 1300 891 1332 tam

111 1350 260 1386 modico
286 1353 456 1394 tempore
481 1345 665 1392 corporali
692 1345 892 1391 praesentia

112 1396 276 1434 habituri
295 1398 414 1432 erant.
427 1416 471 1421 —
484 1393 622 1437 Tertia,
643 1393 691 1429 ad
709 1402 890 1437 augmen-

115 1445 271 1480 tandum
285 1442 552 1489 discipulorum
567 1439 796 1486 spiritualem
809 1448 893 1484 pro-

117 1492 268 1529 fectum.
291 1491 382 1528 Cum
403 1488 503 1526 enim
523 1487 659 1524 Christi
679 1485 892 1523 humanitas

589 193 735 228 ranis
773 191 927 226 rinus
966 167 1100 225 cirus
1139 191 1257 224 xxix

959 261 1006 298 sit
1024 261 1130 297 nohis
1150 261 1209 297 via
1229 260 1404 297 tendendi
1427 260 1464 296 in
1484 262 1622 304 Deum;
1645 269 1734 296 nam

959 309 1038 355 ipse
1057 308 1168 345 dixit:
1183 311 1258 353 E90
1275 319 1353 343 sum
1373 310 1446 349 via,
1461 319 1536 343 non
1554 308 1733 343 debemus

960 358 995 391 in
1011 367 1056 392 ea
1076 359 1114 392 ut
1131 355 1169 391 in
1187 354 1348 391 termino
1367 354 1572 400 quiescere,
1586 354 1650 390 sed
1666 364 1734 400 per

959 414 1041 439 eam
1060 403 1097 438 in
1122 404 1236 439 Deum
1257 402 1425 438 tendere.
1440 404 1490 438 Ne
1510 412 1599 447 ergo
1618 401 1733 437 corda

959 450 1225 496 discipulorum
1246 450 1292 485 ad
1319 449 1505 485 Christum
1530 447 1733 484 carnaliter

958 497 1093 533 affecta
1118 496 1157 531 in
1183 508 1227 532 eo
1249 499 1289 532 ut
1306 496 1459 532 homine
1481 495 1731 542 quiescerent,

958 544 1190 588 corporalem
1201 542 1438 589 praesentiam
1452 543 1523 578 cito
1534 541 1730 579 subtraxit.

959 591 1063 626 Unde
1087 589 1286 635 Apostolus
1322 600 1330 624 :
1358 592 1405 625 Et
1437 592 1471 624 si
1503 592 1732 634 coynovimus

957 637 1151 672 secandum
1193 647 1335 671 carnem
1373 637 1568 678 Christum,
1592 636 1732 672 scilicet

957 683 1106 729 quando
1133 682 1378 728 corporaliter
1409 683 1603 719 nobiscum
1635 685 1728 726 erat,

955 731 1019 765 sed
1041 741 1135 765 nune
1153 729 1233 774 jam
1258 740 1329 764 non
1352 730 1539 772 novamus,-
1566 729 1664 765 unde
1695 732 1732 765 et

956 780 1041 813 ante
1074 776 1307 820 Passionem,
1340 775 1438 812 inter
1468 779 1612 820 cetera,
1641 775 1732 811 dixit

956 823 1009 860 eis
1027 825 1089 860 :Si
1105 834 1166 868 eqo
1187 834 1257 859 non
1277 824 1411 864 abiero,
1430 824 1641 859 Paracletus
1660 833 1731 858 non

955 873 1073 907 veniet
1093 871 1141 906 ad
1160 881 1222 906 vos
1244 883 1253 905 :
1277 869 1363 916 quia
1383 873 1423 906 ut
1443 881 1598 916 capaces
1619 869 1731 916 Spiri—

955 921 1014 954 tus
1040 918 1189 961 fierent,
1212 916 1433 963 expediebat
1456 917 1555 963 quod
1581 927 1667 953 caro
1693 919 1731 952 et

955 965 1076 1001 forma
1096 964 1192 1001 servi
1213 965 1260 1001 ab
1279 965 1332 1000 eis
1356 965 1578 1008 auferretur,
1599 974 1646 999 ne
1667 963 1731 999 ad-

954 1013 1026 1048 huc
1061 1011 1263 1048 carnaliter
1289 1022 1373 1047 eum
1405 1011 1615 1057 diligerent.
1647 1012 1730 1056 Ipse

956 1060 1056 1095 enim
1076 1058 1254 1095 Dominus
1270 1060 1333 1104 qui
1350 1059 1531 1094 mundum
1550 1057 1650 1102 vicit,
1669 1068 1732 1093 vo-

956 1106 1026 1143 luit
1057 1109 1097 1142 ut
1130 1105 1301 1152 discipuli
1332 1105 1501 1142 animum
1532 1108 1652 1141 totum
1683 1103 1731 1140 ad

956 1153 1092 1190 coelum
1117 1153 1378 1196 transferrent,
1408 1152 1495 1198 quia
1521 1152 1573 1188 sie
1598 1154 1634 1188 et
1658 1150 1730 1197 ipsi

956 1200 1115 1236 faciliter
1126 1199 1275 1236 vincere
1286 1200 1466 1236 mundum
1478 1202 1645 1245 possent.
1656 1200 1730 1235 Nos

956 1258 1104 1294 quoque
1131 1246 1317 1291 similiter,
1346 1246 1375 1282 si
1403 1247 1450 1282 ad
1476 1245 1637 1292 patriam
1659 1256 1730 1281 no-

956 1298 1072 1331 stram
1091 1305 1153 1330 cor
1169 1293 1461 1340 transponimus,
1475 1297 1511 1329 et
1527 1293 1575 1329 ad
1592 1291 1732 1328 Princi-

955 1353 1040 1388 pem
1066 1341 1155 1377 fidei
1182 1344 1320 1376 nostrae
1346 1340 1602 1386 inspicientes,
1632 1338 1731 1375 viam

955 1390 1035 1435 ejus
1057 1388 1162 1434 sequi
1190 1388 1374 1431 volumus,
1399 1387 1546 1423 facilius
1571 1386 1731 1423 adversa

956 1440 992 1472 et
1024 1445 1206 1482 prospera
1241 1434 1370 1471 mundi
1408 1438 1663 1479 contemnere,
1694 1436 1731 1469 et

956 1485 1078 1530 ipsum
1098 1482 1278 1519 mundum
1294 1481 1443 1518 vincere
1460 1480 1679 1528 poterimus.

832 1608 1001 1645 ORATIO

145 1709 302 1746 Domine
325 1710 413 1745 Jesu
442 1707 598 1750 Christe,
624 1705 685 1752 qui
714 1708 850 1741 nostras
880 1703 1043 1740 miserire
1066 1703 1309 1750 compatiens,
1334 1705 1371 1739 et
1390 1705 1585 1748 tamquam
1616 1713 1729 1739 verus

98 1756 266 1794 medicus
285 1754 510 1791 medicinam
529 1753 741 1790 animarum
762 1751 869 1787 nobis
888 1752 977 1787 dare
997 1751 1139 1794 volens,
1160 1761 1181 1786 a
1200 1749 1423 1796 poenitentia
1442 1749 1728 1795 paedicationem

104 1810 208 1841 tuam
235 1802 422 1849 incepisti,
451 1805 487 1838 et
517 1800 626 1837 nobis
664 1799 937 1845 peccatoribus,
966 1798 1052 1834 dum
1088 1801 1235 1844 tempus
1270 1797 1466 1840 habemus,
1489 1807 1571 1833 eam
1607 1797 1729 1833 facere

101 1850 257 1895 ³ussisti,
279 1851 326 1886 da
347 1849 437 1885 mihi
452 1848 589 1884 misero
607 1846 793 1893 peccatori
807 1845 965 1892 spatium
989 1849 1024 1880 et
1043 1845 1219 1881 effectum
1238 1843 1461 1890 poenitendi,
1483 1843 1548 1889 qui
1568 1843 1727 1887 tamdiu,

102 1910 170 1945 pro
190 1910 262 1944 quo
282 1896 349 1933 tibi
378 1897 471 1940 laus,
494 1893 787 1930 misericorditer
809 1892 1007 1940 pepercisti
1029 1891 1281 1937 delinquenti;
1308 1895 1349 1927 ut
1374 1901 1442 1936 per
1467 1888 1729 1936 poenitentiam

103 1944 377 1992 appropinquet
399 1947 433 1979 et
460 1945 648 1978 reseretur
674 1941 765 1976 mihi
797 1951 955 1986 regnum
983 1939 1178 1983 coelorum,
1198 1941 1297 1984 quod
1335 1938 1532 1984 elongatur
1564 1941 1601 1973 et
1625 1937 1728 1974 clau-

104 1994 205 2029 ditur
233 2002 300 2038 per
329 1993 536 2036 peccatum,
564 1999 632 2035 per
660 1998 788 2023 veram
814 1987 1085 2034 poenitudinem
1104 2014 1112 2030 ,
1145 1989 1181 2022 et
1213 1986 1464 2032 lacrymarum
1496 1984 1728 2031 compuncti-

105 2050 234 2083 onem;
256 2038 367 2074 talem
389 2048 446 2073 me
466 2047 547 2072 esse
569 2036 731 2071 concede
750 2035 788 2070 in
808 2034 939 2070 mortis
961 2034 1134 2077 articulo,
1157 2033 1307 2079 qualem
1327 2043 1387 2068 me
1407 2043 1489 2068 esse
1504 2043 1572 2078 per
1591 2043 1729 2078 aquam

108 2084 406 2132 regenerationis
422 2082 630 2130 praestitisti
651 2082 689 2118 in
710 2081 950 2129 Baptismatis
976 2081 1138 2125 lavacrO,
1159 2083 1200 2117 ut
1223 2083 1332 2127 aptus
1353 2090 1434 2116 esse
1455 2089 1603 2116 merear
1620 2079 1730 2116 coelo-

98 2144 182 2170 rum
203 2143 333 2179 regno.
355 2133 486 2168 Amen.

730 2321 912 2368 CAPUT
946 2321 1092 2367 XXIX

366 2458 415 2485 DE
445 2456 622 2485 SECUNDA
651 2456 701 2484 ET
729 2456 875 2484 TERTIA
905 2456 1125 2485 VOCATIONE
1153 2454 1468 2497 DISCIPULORUM„

566 2556 731 2592 Matthaei
752 2567 833 2602 cap.
857 2558 903 2593 IV
924 2559 958 2593 et
980 2557 1087 2593 Lucae
1111 2567 1193 2603 cap.
1211 2557 1253 2593 V.

158 2690 169 2711 l
194 2674 368 2711 Cmnsws
388 2681 507 2706 mvn
534 2670 678 2706 Smoms
699 2679 880 2713 Ascnnmr,

104 2733 190 2757 mna
221 2724 349 2757 tunnis
378 2728 572 2754 nocrunus.
601 2735 647 2742 -
676 2717 880 2761 Postquam

102 2768 221 2814 igitur
260 2765 440 2803 Dominus
480 2766 588 2800 Jesus
624 2773 796 2799 reversus
834 2762 880 2798 de

101 2815 237 2851 Judaea
254 2813 292 2850 in
311 2812 502 2850 Galilaeam
531 2810 650 2848 multa
678 2809 878 2856 praedicas·

947 2672 1004 2705 set
1038 2673 1076 2705 et
1112 2670 1273 2714 fecisset,
1309 2671 1463 2716 propter
1500 2678 1584 2714 quae
1623 2667 1724 2704 fama

948 2716 1049 2753 clare
1069 2716 1115 2752 de
1142 2716 1222 2763 ipso
1251 2718 1432 2760 creverat,
1452 2714 1505 2751 ita
1532 2718 1574 2750 ut
1602 2715 1722 2751 turbae

948 2773 1031 2815 cum
1051 2773 1230 2809 pressura
1253 2766 1289 2799 et
1314 2762 1455 2809 impetu
1486 2761 1674 2798 irruerent
1687 2766 1724 2798 et

945 2809 1195 2856 impingerent
1219 2810 1257 2846 in
1279 2820 1380 2855 eum,
1407 2819 1485 2856 prae
1513 2807 1631 2845 nimia
1658 2808 1722 2845 de-
