1876 3126
111 155 170 188 284
571 155 717 188 PRIMAE
754 155 910 190 PARTIS
946 156 1082 190 CAPUT
1118 155 1282 189 XXXIV.

113 223 205 259 sicut
218 224 422 259 scabellum
437 226 492 259 est
504 222 661 259 inferior
669 234 756 269 pars
769 224 886 269 sedis;

111 281 225 314 neque
248 281 314 316 per
341 272 613 314 Jerosolymam,
637 272 726 315 quia
759 273 889 307 civitas

114 321 165 352 est
191 319 316 360 maym'
342 319 463 361 Regis,
491 316 527 352 id
556 321 611 353 est
640 317 720 362 Dei,
746 318 805 364 qui
835 321 890 354 est

115 365 190 399 Rex
230 365 370 409 Regum
386 392 394 408 ,
429 367 466 399 et
504 364 551 399 ad
592 364 674 410 ejus
712 365 891 411 deputata

114 411 272 453 cultum;
294 422 407 456 neque
424 422 486 454 per
505 415 613 455 caput
631 415 730 447 tuum
741 413 888 456 jin-ave-

112 458 164 492 ris
189 470 198 492 :
228 457 316 502 quia
343 457 483 493 scilicet
506 461 561 493 est
587 468 679 504 opus
705 458 886 502 divinum,

115 514 189 539 non
204 508 322 548 tuum,
339 505 439 550 quod
454 506 600 550 probat,
616 504 744 541 dicens
765 517 772 540 :
797 507 890 548 Quia

113 554 291 596 nonpotes
307 563 416 586 unum
429 553 601 597 capillum
619 553 740 587 album
755 554 887 596 facere,

112 601 177 632 aut
202 600 360 641 myrum.
392 599 497 634 Unde
529 598 603 634 vult
630 599 768 642 dicere,
795 599 889 634 sicut

112 654 179 690 per
203 646 318 680 Deum
342 656 417 681 non
438 649 492 681 est
509 645 725 691 jurandum,
745 646 797 681 ita
822 656 889 680 nec

113 702 181 737 per
196 696 405 728 creaturas:
427 692 512 738 quia
530 703 612 728 cum
629 692 803 737 quaelibct
814 703 890 727 cre-

112 742 221 774 atura
238 738 285 773 sit
302 750 395 785 opus
415 739 595 782 divinum,
621 739 683 784 qui
701 740 803 784 Jurat
824 749 890 783 per

112 789 336 828 creaturam,
365 787 466 831 Jurat
492 789 528 821 et
553 797 620 831 per
641 788 771 821 Deum.
804 786 889 820 Ideo

114 832 226 867 etiam
261 834 503 878 prohibemur
525 833 654 877 jurare
687 842 753 877 per
787 842 889 866 crea-

112 882 230 922 turas,
259 890 303 914 ne
331 884 541 914 creaturam
568 878 605 913 in
628 879 773 912 honore
800 877 891 912 divi-

114 936 171 961 nae
205 926 459 961 venerationis
495 926 720 966 habeamus,
748 924 820 966 vel,
843 934 890 958 ne

111 977 288 1018 putemus
312 983 385 1007 non
413 981 495 1006 esse
521 970 743 1015 perjtirium,
760 971 890 1016 jurare

112 1019 246 1054 salsum
287 1029 354 1063 per
391 1021 606 1059 creaturas3
636 1019 673 1052 et
699 1017 787 1052 dum
824 1027 891 1062 per

115 1070 303 1101 creaturas
333 1065 528 1110 juramus,
557 1063 647 1098 nihil
672 1064 799 1109 jurare
817 1092 825 1107 ,
855 1068 891 1098 et

110 1112 364 1157 jurameutum
390 1121 465 1146 non
490 1110 657 1155 obligare
678 1111 887 1146 credamus.

113 1159 220 1193 Fiunt
244 1162 369 1193 tamen
395 1158 583 1193 interdum
612 1168 679 1203 per
702 1169 831 1193 cruces
855 1161 891 1192 et

112 1205 326 1250 Evangelia,
349 1205 386 1240 id
413 1209 468 1240 est
493 1215 560 1250 per
594 1214 679 1240 eum
717 1205 773 1239 cui
810 1205 888 1239 haec

112 1256 197 1287 sunt
221 1252 405 1287 dedicata.
434 1254 478 1287 Et
505 1251 677 1287 similiter
703 1251 799 1286 fiunt
823 1262 890 1297 per

114 1300 334 1335 Sanctorum
360 1298 551 1344 reliquias,
574 1298 660 1344 quia
683 1298 719 1333 in
747 1298 804 1333 his
831 1309 890 1344 po-

111 1346 186 1381 tius
210 1347 325 1381 Deum
347 1356 457 1391 quam
480 1347 634 1382 Sanctos
650 1356 888 1388 veneramur,

114 1403 136 1428 a
169 1404 241 1437 quo
275 1396 443 1437 auctore,
469 1403 579 1428 omne
614 1393 755 1428 bonum
792 1392 891 1438 quod

112 1440 267 1482 habent,
299 1451 364 1475 eos
397 1441 535 1475 habere
571 1439 888 1484 recognoscimus.

111 1487 177 1529 Qui
196 1490 320 1521 autem
333 1488 462 1532 Jurare
479 1486 683 1531 prohibuit,
701 1486 889 1531 quomodo

112 1533 213 1578 loqui
252 1537 411 1579 oportet,
439 1533 578 1577 docuit,
609 1533 770 1569 subdens
797 1544 805 1567 :
835 1534 891 1569 Sit

113 1585 233 1615 autem
248 1591 360 1615 sermo
376 1584 508 1623 vestem
529 1584 593 1623 est,
613 1583 683 1623 est3
702 1591 786 1621 non,
805 1590 888 1623 non,

115 1626 334 1671 simpliciter
361 1627 586 1662 affirmando
612 1629 829 1669 veritatem,
856 1630 891 1661 et

115 1673 288 1718 negando
330 1674 544 1709 falsitatem.
584 1674 688 1709 Unde
727 1673 891 1719 duplicat

113 1723 328 1765 utrumque,
348 1724 386 1756 ut
405 1721 503 1765 quod
522 1723 577 1755 est
598 1720 699 1755 intus
720 1720 757 1755 in
779 1720 891 1755 corde

113 1767 184 1802 hoc
218 1767 362 1802 dicatur
393 1767 484 1802 foris
515 1767 553 1802 in
591 1778 680 1803 ore:
714 1770 802 1802 tunc
835 1771 890 1802 est

114 1813 212 1848 enim
234 1824 356 1849 sermo
376 1818 516 1857 noster,
532 1818 596 1858 est,
616 1817 680 1857 est,
698 1825 782 1859 non,
805 1825 889 1858 non,

114 1870 197 1895 cum
229 1871 378 1905 gemina
405 1861 560 1896 veritate
590 1861 713 1896 cordis
737 1865 773 1896 et
800 1861 889 1905 oris,

112 1907 252 1952 aliquid
275 1908 508 1944 affirmamus
528 1908 585 1943 vel
603 1918 799 1952 negamus.
823 1907 892 1953 Igi-

112 1956 174 1988 tur
196 1954 289 1989 sicut
310 1958 366 1989 est
387 1954 425 1989 in
450 1954 692 1997 conscientia,
712 1955 764 1990 ita
786 1954 832 1989 sit
854 1958 891 1990 et

111 1999 151 2035 in
177 2000 323 2046 lingua3
346 2006 382 2036 et
402 2003 496 2037 sicut
514 2005 569 2036 θεῖ
589 2001 629 2036 in
652 2012 705 2045 re,
728 2001 780 2036 ita
800 2005 836 2036 et
853 2001 891 2036 in

113 2057 197 2089 ore;
218 2051 253 2082 θῖ
269 2048 362 2083 sicut
378 2052 433 2083 est
448 2048 486 2083 in
502 2048 643 2092 ore,ita
657 2053 692 2083 et
707 2048 744 2083 in
762 2058 889 2094 opere,

113 2097 151 2129 ut
173 2094 273 2138 quod
291 2105 330 2129 re
352 2095 599 2138 affirmamus,
614 2095 790 2140 operibus
809 2106 892 2140 pro-

113 2140 306 2183 bemus,et
326 2142 424 2185 quod
440 2141 561 2177 verbis
578 2142 891 2187 negamus‚I‘actis

117 2196 192 2222 non
230 2187 506 2224 confirmemus.
543 2189 645 2232 Quod
678 2193 797 2224 autem
833 2191 890 2224 his

959 225 1209 260 abundantius
1235 226 1272 259 et
1297 222 1470 269 amplius,
1499 227 1562 268 est,
1591 223 1732 260 scilicet

957 272 1098 317 Jurare,
1110 283 1132 306 a
1146 272 1241 306 malo
1259 270 1371 314 est‚id
1386 273 1443 306 est
1457 271 1503 306 ab
1518 270 1736 308 infirmitate

961 323 995 354 et
1011 317 1223 364 suspicione
1237 317 1336 354 illius
1351 317 1413 363 qui
1429 317 1735 363 sinejuramento

960 376 1035 400 non
1053 364 1184 401 credit.
1205 366 1286 400 Non
1309 364 1399 400 dixit
1417 376 1424 399 :
1448 364 1585 400 Malum
1604 368 1674 408 est,
1697 367 1739 401 tu

960 412 1058 448 enim
1074 423 1150 447 non
1165 411 1254 447 sacis
1266 412 1420 455 malum,
1433 411 1493 457 qui
1510 412 1604 448 bene
1619 411 1739 447 uteris

956 459 1158 504 juratione,
1182 469 1264 504 quae
1286 459 1352 494 etsi
1377 469 1453 494 non
1476 459 1588 502 bona,
1610 461 1737 494 tamen

960 505 1174 540 necessaria
1198 509 1267 548 est,
1290 508 1329 540 ut
1355 504 1463 541 alteri
1491 505 1735 551 persuadeaS‚

960 552 1062 596 quod
1091 551 1230 586 utiliter
1254 552 1412 595 suades;
1436 552 1500 587 sed
1533 563 1554 588 a
1580 552 1678 587 malo
1699 554 1737 587 et

959 597 1179 633 infirmitate
1195 597 1294 633 illius
1312 602 1380 641 est,
1396 599 1500 643 cujus
1518 598 1738 634 infirmitate

961 644 1105 689 cogeris
1122 645 1265 689 Jurare,
1286 655 1370 679 cum
1396 644 1497 679 vides
1517 645 1667 690 pigrum
1688 645 1736 681 ad

961 691 1202 735 credendum,
1218 691 1316 735 quod
1332 690 1365 726 ei
1382 691 1471 726 utile
1493 694 1550 726 est
1569 692 1735 735 credere,

960 737 1030 772 nisi
1043 737 1427 782 firmeturjuratione.
1441 738 1596 783 Semper
1609 740 1737 773 tamen

961 787 1015 819 est
1033 784 1171 819 malum
1190 784 1241 820 ibi
1257 795 1300 819 ex
1320 784 1445 830 aliqua
1462 788 1568 829 parte
1589 796 1596 819 :
1618 784 1676 820 vel
1695 794 1737 820 ex

961 834 1067 876 parte
1084 830 1263 875 jurantis,
1284 831 1434 875 quando
1455 832 1557 876 Jurat
1575 831 1657 866 sine
1674 841 1738 867 ne-

962 877 1154 920 cessit=ate3
1178 877 1248 914 vel.
1275 877 1305 912 si
1326 877 1527 922 requisitus
1545 879 1661 923 Jurat,
1681 880 1738 913 est

960 923 1011 959 ibi
1043 934 1065 959 a
1095 926 1202 969 parte
1232 923 1472 969 requirentis.
1503 925 1545 959 Et
1578 926 1647 959 hoc
1677 924 1737 960 vel

963 970 1102 1006 malum
1127 971 1259 1016 culpae,
1284 971 1433 1016 quando
1450 970 1589 1006 scilicet
1611 970 1738 1016 requi-

963 1017 1009 1052 rit
1026 1018 1284 1063 juramentum
1308 1017 1387 1053 sine
1411 1017 1657 1060 necessitate3
1680 1017 1739 1053 vel

962 1065 1101 1100 malum
1140 1075 1279 1109 poenae,
1319 1065 1404 1110 quia
1441 1075 1483 1100 ex
1518 1064 1738 1100 infirmitate

961 1112 1138 1154 humana,
1162 1122 1244 1157 quae
1269 1115 1325 1147 est
1345 1112 1517 1157 quaedam
1542 1122 1653 1156 poena
1673 1121 1737 1156 ge-

961 1158 1041 1193 neri
1067 1159 1230 1194 humano
1254 1158 1410 1202 inflicta,
1433 1158 1616 1203 procedit,
1639 1157 1739 1203 quod

962 1205 1133 1240 homines
1152 1216 1225 1240 non
1247 1206 1402 1241 credunt
1416 1205 1484 1240 sibi
1506 1210 1634 1241 mutuo
1653 1204 1739 1240 sim-

962 1252 1048 1297 plici
1066 1253 1586 1297 verbo,absqueJuramento.
1598 1253 1739 1287 Verum

963 1298 1076 1344 igitur
1101 1300 1312 1344 loquamur,
1338 1309 1460 1344 neque
1483 1299 1520 1334 id
1540 1297 1739 1344 Jurationi-

962 1346 1030 1381 bus
1041 1346 1195 1390 crebris,
1210 1347 1275 1382 sed
1291 1356 1436 1381 morum
1449 1346 1635 1391 probitate
1644 1355 1742 1380 com-

964 1393 1195 1428 mendemus.
1224 1395 1267 1428 Et
1293 1392 1331 1428 in
1361 1393 1550 1438 loquendo
1578 1402 1643 1428 ore
1657 1395 1739 1427 tan-

962 1444 1039 1474 tum
1061 1443 1222 1483 utamur,
1245 1439 1346 1485 quia,
1371 1440 1471 1485 quod
1485 1450 1549 1475 ore
1576 1438 1739 1485 amplius

962 1490 1030 1529 est,
1042 1486 1181 1522 scilicet
1196 1485 1309 1522 etiam
1322 1486 1455 1522 ceteris
1468 1487 1623 1522 artubus
1637 1484 1704 1530 uti,
1717 1496 1741 1522 a

962 1534 1059 1569 malo
1073 1536 1149 1577 est3
1180 1536 1220 1568 ut
1243 1533 1343 1569 enim
1362 1533 1399 1568 in
1425 1532 1637 1569 Proverbiis
1653 1531 1742 1568 dici-

962 1583 1041 1615 tur:
1061 1582 1169 1615 Homo
1188 1584 1369 1626 apostata,
1391 1583 1448 1615 vir
1465 1581 1609 1615 inutilis
1621 1580 1660 1615 di
1687 1580 1736 1615 ito

963 1628 1135 1672 loquitur.
1159 1628 1299 1663 Stultus
1326 1638 1415 1672 ergo
1443 1630 1512 1671 est,
1535 1626 1596 1672 qui
1623 1630 1637 1662 t
1678 1636 1738 1662 em

961 1673 1142 1716 imitatur,
1162 1677 1198 1709 et
1219 1674 1392 1709 similiter
1413 1673 1527 1719 digito
1549 1673 1732 1719 loquitur3

962 1721 1027 1756 sed
1049 1720 1166 1766 magis
1188 1721 1322 1756 stultus
1341 1724 1410 1764 est,
1424 1720 1453 1755 si
1475 1720 1587 1756 etiam
1605 1730 1734 1763 manu,

961 1768 999 1803 in
1019 1778 1092 1813 qua
1106 1768 1231 1813 plures
1252 1767 1358 1813 digiti
1377 1767 1677 1812 sunt,loquatur;
1698 1769 1735 1802 et

963 1825 1028 1860 per
1059 1825 1306 1859 consequens,
1340 1815 1580 1850 stultissimus
1612 1816 1681 1857 est,
1703 1813 1734 1849 si

962 1861 1075 1897 etiam
1094 1861 1256 1897 brachiis
1276 1865 1312 1897 et
1331 1860 1511 1904 humeris,
1528 1861 1567 1896 in
1586 1860 1739 1906 loquen-

963 1909 1010 1944 do
1034 1911 1170 1943 utatur.
1196 1908 1231 1944 Si
1251 1912 1376 1944 autem
1397 1908 1443 1943 ad
1463 1911 1607 1943 motum
1627 1917 1740 1942 mem-

964 1957 1117 1991 brorum
1140 1955 1298 1990 istorum
1322 1954 1465 1990 accedit
1485 1958 1521 1990 et
1541 1953 1655 1990 motio
1678 1964 1739 1990 ca-

963 2001 1148 2047 pitis,jam
1164 2002 1311 2037 videtur
1328 2002 1431 2047 quasi
1449 2002 1580 2037 insano
1592 2000 1738 2037 similis.

966 2049 1119 2094 Expedit
1143 2059 1230 2094 ergo
1253 2049 1380 2084 onmia
1401 2049 1582 2092 membra,
1606 2050 1741 2094 praeter

963 2107 1018 2139 os,
1044 2095 1082 2130 in
1114 2096 1301 2141 loquendo
1335 2095 1543 2139 continere,
1571 2106 1618 2130 ne
1649 2094 1738 2130 inde

965 2143 1182 2178 scandalum
1203 2143 1251 2179 ad
1276 2143 1370 2179 alios
1391 2142 1509 2190 possit
1532 2141 1738 2188 quomodo-

967 2190 1057 2226 libet
1077 2189 1261 2226 derivare.

839 2323 1010 2361 ORATIO

162 2419 319 2456 Domine
338 2421 427 2456 Jesu
447 2420 605 2465 Christe,
619 2421 682 2467 qui
703 2423 867 2468 antiquis
884 2424 1120 2470 temporalia,
1132 2423 1240 2460 nobis
1254 2433 1343 2459 vero
1361 2425 1504 2460 aeterna
1523 2421 1743 2469 promisisti,

117 2470 156 2502 ut
175 2471 304 2503 nostra
319 2468 596 2513 superabundet
609 2468 768 2514 justitia,
782 2471 829 2505 da
844 2470 933 2505 mihi
953 2482 1078 2507 coram
1094 2474 1129 2506 te
1144 2474 1181 2506 et
1193 2469 1372 2516 proximis
1390 2481 1561 2506 sermone
1580 2474 1617 2507 et
1630 2480 1744 2523 opere

113 2513 251 2566 lucere,
273 2525 316 2550 ac
337 2516 471 2560 Legem
489 2519 592 2551 tuam
609 2526 684 2550 non
705 2516 863 2560 solvere,
878 2518 943 2553 sed
961 2517 1312 2564 superabundanter
1330 2517 1498 2564 implere.
1515 2517 1666 2554 Custodi
1682 2527 1743 2553 me

116 2562 162 2597 ab
184 2572 240 2597 ira
261 2565 297 2598 et
315 2562 523 2598 offensione
542 2561 715 2608 proximi,
738 2566 775 2598 ut
797 2574 930 2600 munus
950 2565 1087 2609 cordis,
1103 2565 1194 2609 oris,
1209 2565 1267 2600 vel
1285 2564 1373 2601 boni
1395 2564 1533 2611 operis,
1555 2564 1656 2610 quod
1674 2562 1744 2600 tibi

113 2608 298 2653 obtulero,
315 2612 508 2656 acceptum
529 2609 577 2645 sit
595 2609 634 2644 in
655 2614 854 2655 conspectu
876 2614 952 2646 tuo.
976 2612 1147 2648 Concede
1166 2611 1271 2656 mihi,
1287 2611 1578 2648 clementissime
1593 2613 1704 2654 Deus,
1722 2620 1746 2646 a

115 2655 427 2701 concupiscentiis
441 2659 478 2692 et
491 2656 703 2703 aspectibus
718 2656 825 2692 malis
837 2668 982 2702 cavere,
995 2670 1104 2695 omne
1112 2659 1366 2705 juramentum
1381 2658 1585 2703 declinare,
1596 2661 1637 2694 ut
1649 2656 1745 2693 sicut

115 2703 328 2786 almeimzi(
355 2703 407 2739 sic
430 2707 468 2739 et
490 2714 513 2740 a
534 2707 599 2740 tua
625 2703 760 2749 injuria
782 2703 926 2740 valeam
951 2705 1152 2750 abstinere,
1176 2709 1212 2742 et
1237 2705 1305 2742 tibi
1331 2705 1370 2741 in
1397 2705 1569 2742 omnibus
1598 2713 1746 2750 semper

113 2758 137 2794 p
154 2759 275 2786 acere.
327 2761 426 2786 men.
