1902 3126
175 152 234 188 138
670 151 816 187 PRIMAE
851 153 1012 188 PARTIS
1050 153 1185 187 CAPUT
1223 153 1300 186 XVI

174 232 257 258 cum
290 220 507 266 despicitur,
544 220 645 257 dolet
671 221 701 257 si
728 222 949 268 honoratur,

173 267 289 314 gemit
307 267 343 303 in
362 267 566 313 prosperis,
586 269 746 306 exsultat
764 269 802 306 in
822 271 952 307 adver-

172 316 238 359 sis,
257 314 363 350 timet
384 314 423 350 in
444 314 597 359 divitiis,
615 315 717 362 luget
736 316 776 353 in
794 317 949 362 deliciis,

173 362 361 399 cruciatur
374 361 412 397 in
427 363 672 408 abundantia,
689 368 725 400 et
740 364 777 400 in
795 365 952 411 penuria

171 409 367 456 gloriatur,
388 409 518 446 laudes
541 411 746 447 contemnit
773 412 949 448 transito-

171 457 262 501 rias,
280 460 315 493 et
335 457 436 493 omni
454 458 597 494 honore
613 458 774 495 aestimat
794 470 832 495 se
853 459 950 495 indi-

169 515 300 551 gnum,
341 504 519 541 abhorret
556 505 796 552 hypocrisim,
833 506 951 542 nescit

171 550 464 596 simulationem,
495 553 560 588 sed
593 552 713 599 diligit
738 553 949 597 veritatem,

170 598 395 645 temporalia
433 599 688 645 obliviscitur,
732 604 768 636 ct
809 602 971 636 aeterna'

170 645 421 691 concupiscit;
445 646 563 682 nescit
587 657 668 693 quae
696 647 826 682 mundi
849 650 948 691 sunt,

170 696 212 729 ut
227 692 393 729 coelestia
407 697 614 737 me1·eatur;
629 704 835 740 numquam
851 695 896 730 de
911 704 950 730 se

170 749 401 786 praesumere
427 741 639 785 consuevit;
662 741 760 777 vires
785 752 871 777 suas
892 741 950 776 vel

171 787 327 832 gratias,
344 787 373 823 si
395 798 489 833 quas
511 788 637 831 habet,
651 799 858 834 numquam
881 787 952 824 sibi

171 833 320 878 tribuit;
344 835 478 870 merita
506 845 573 870 sua
601 846 677 870 non
703 835 780 871 suis
809 835 951 871 viribus

170 881 229 916 vel
257 892 325 917 suo
353 881 477 917 sensui
510 881 701 925 adscribit,
724 882 786 918 sed
816 881 951 918 divinae

169 928 379 964 clementiae
389 928 686 964 donahumiliter
700 929 948 973 recognoscit.

170 975 273 1010 Idem
299 975 415 1011 latere
444 974 645 1019 desiderat,
667 975 696 1011 si
723 976 805 1011 fieri
832 976 950 1022 possit

169 1021 252 1057 sine
285 1022 421 1057 damno
454 1021 626 1066 proximi,
661 1034 708 1058 ne
741 1023 859 1068 possit
890 1024 949 1060 vel

168 1068 316 1104 modico
345 1068 536 1113 jactantiae
570 1079 634 1104 seu
661 1070 836 1106 elationis
860 1070 948 1107 vitio

168 1114 372 1160 inquinari.
387 1117 474 1158 Quis
491 1119 543 1150 est
560 1116 658 1160 talis,
669 1120 701 1152 et
716 1118 949 1153 laudabimus

151 1172 244 1202 ,eum
256 1164 273 1196 Σ)
295 1162 398 1198 Unde
415 1164 623 1198 Bernartius
638 1177 648 1198 .·
667 1178 685 1196 «
700 1165 885 1210 Appetere
903 1165 949 1201 de

168 1208 379 1245 humililate
391 1209 542 1245 laudem
557 1210 792 1256 humilitatis,
804 1223 879 1247 non
894 1216 950 1248 est

166 1255 300 1300 virtus,
324 1256 390 1292 sed
417 1257 624 1293 subversio.
654 1259 772 1295 Verus
797 1259 950 1295 humilis

167 1302 252 1338 vilis
267 1303 345 1338 vult
360 1304 540 1349 reputari,
554 1316 628 1341 non
642 1305 795 1342 humilis
812 1306 948 1352 praedi-

170 1349 264 1395 cari3
291 1351 429 1396 gaudet
462 1351 500 1387 in
538 1356 753 1398 contemptu
784 1353 856 1396 sui,
879 1355 950 1390 hoc

169 1396 248 1433 solo
271 1408 361 1433 sane
382 1399 565 1444 superbus
586 1401 687 1446 quod
707 1400 838 1436 laudes
862 1411 949 1437 con-

168 1444 302 1481 temnit
332 1457 339 1481 :
365 1459 382 1477 »
422 1447 502 1481 haec
534 1448 755 1483 Bernardus.
791 1447 828 1484 Si
861 1458 949 1493 ergo

169 1502 316 1538 quaeras
351 1503 466 1538 quare
493 1493 676 1530 Dominus
703 1495 756 1530 sic
787 1494 948 1539 vivebat,

167 1540 378 1585 respondeo
411 1539 492 1583 tibi,
520 1551 596 1576 non
628 1541 718 1586 quia
742 1541 948 1586 indjgereu

169 1586 235 1622 sed
267 1590 308 1622 ut
341 1598 409 1622 nos
442 1587 659 1623 instrueret.
683 1589 787 1624 Unde
814 1589 843 1624 si
872 1600 949 1624 non

168 1632 360 1678 discimus,
379 1634 652 1670 inexcusabiles
679 1646 822 1671 sumus.
849 1637 948 1671 Abo-

168 1680 349 1717 minabile
370 1685 425 1717 est
443 1692 611 1728 prorsus,
628 1682 658 1717 si
680 1693 719 1718 se
740 1682 851 1727 erigit
868 1693 950 1718 ver-

168 1727 341 1767 miculus,
376 1732 411 1763 et
450 1729 632 1765 vermium
671 1740 752 1765 esca
788 1731 946 1774 futurus,

168 1774 231 1811 ubi
270 1785 310 1810 se
351 1775 554 1811 humilians
593 1776 728 1821 abiecit
767 1777 948 1812 Dominus

168 1821 388 1867 maiestatis.
410 1822 446 1858 Si
467 1826 592 1858 autem
613 1824 818 1859 absurdum
836 1824 946 1860 alicui

168 1868 339 1904 videatur
359 1870 457 1914 quod
483 1869 535 1905 sic
555 1869 737 1906 inutiliter
759 1874 888 1913 staret,
912 1874 947 1907 et

169 1916 270 1961 quod
287 1916 532 1962 Evangelistae
547 1918 666 1953 multa
682 1918 726 1953 de
741 1918 847 1953 factis
865 1919 947 1964 ejus

169 1962 378 2005 omiserint,
402 1967 437 1999 et
463 1963 537 1999 alia
558 1963 695 2000 similia
716 1964 811 2001 sorte
833 1965 944 2009 dicat,

169 2010 388 2055 responderi
430 2014 566 2056 potest,
612 2012 712 2056 quod
753 2023 828 2047 non
866 2017 948 2048 erat

168 2056 299 2092 inutile
318 2057 440 2093 facere
461 2062 496 2093 et
516 2059 684 2103 praebere
704 2062 819 2094 tantae
836 2058 949 2095 virtu-

167 2102 217 2139 tis
244 2104 477 2148 exercitium3
501 2105 576 2141 imo
606 2109 687 2141 erat
712 2106 819 2142 valde
842 2106 946 2151 utile,

169 2153 206 2186 et
218 2150 386 2186 omnium
406 2152 584 2188 virtutum
603 2156 748 2189 rectum
763 2157 798 2189 et
814 2154 947 2189 stabile

168 2197 469 2234 fundamentum.
493 2201 569 2235 Hoc
592 2204 717 2235 autem
741 2200 841 2246 quod
865 2201 947 2237 dico

167 2243 316 2280 videtur
326 2245 439 2280 etiam
453 2248 659 2282 Bernardus
675 2248 826 2292 sentire,
837 2250 948 2294 prout

166 2291 284 2327 habes
310 2291 408 2327 infra
433 2291 473 2327 in
498 2296 659 2329 tractatu
683 2295 729 2330 de
757 2294 946 2340 Baptismo

167 2338 315 2375 Domini
334 2338 432 2374 circa
444 2340 572 2375 finem.
591 2341 947 2388 Quomodocumque

167 2389 294 2422 autem
321 2396 360 2421 se
388 2387 502 2422 habet
527 2387 665 2423 veritas
692 2387 760 2433 rei,
785 2388 887 2434 pium
911 2393 948 2426 et

166 2432 257 2470 utile
278 2432 422 2469 videtur
442 2433 494 2469 sic
515 2434 703 2470 meditari.

214 2483 236 2523 4
256 2481 430 2516 Cnmsrcs
451 2492 559 2517 cumr
578 2493 680 2518 rmus
701 2494 832 2519 FACERE
851 2496 947 2524 QUAM

167 2538 316 2563 nocens.
337 2549 382 2554 —
404 2529 526 2565 Habes
545 2539 633 2574 ergo
662 2531 848 2575 quomodo
872 2533 947 2567 Do-

168 2574 294 2611 minus
311 2576 419 2611 Jesus
435 2575 545 2622 coepit
566 2576 669 2622 prius
689 2577 812 2613 facere
834 2589 946 2624 quam

169 2621 315 2658 docere.
336 2624 519 2659 Docturus
533 2623 633 2659 enim
651 2628 731 2660 erat
747 2636 756 2660 z
775 2626 909 2660 Discite
925 2637 948 2661 α

169 2680 236 2711 me,
257 2671 345 2714 quia
367 2672 465 2706 mitis
488 2681 581 2712 sum,
603 2674 637 2706 et
660 2672 808 2707 humilis
829 2673 945 2709 corde.

171 2717 247 2753 Hoc
270 2727 359 2762 ergo
378 2717 500 2763 primo
521 2719 644 2754 facere
666 2718 794 2763 voluit,
818 2723 854 2755 et
873 2730 949 2755 non

171 2763 272 2810 ficte,
286 2764 352 2801 sed
369 2775 411 2801 ex
427 2765 540 2802 corde
552 2765 725 2812 faciebat,
739 2766 833 2802 sicut
846 2777 948 2812 vere,

1025 226 1060 260 et
1081 234 1124 259 ex
1145 223 1256 260 corde
1271 223 1422 259 humilis
1437 226 1474 260 et
1487 223 1589 261 mitis
1608 228 1701 262 erat.
1717 227 1800 263 Non

1023 274 1170 317 poterat
1190 272 1229 306 in
1251 281 1335 307 eum
1357 271 1543 308 simulatio
1564 273 1712 318 cadere,
1734 274 1801 310 sed

1023 318 1148 364 potius
1169 318 1301 354 intima
1318 318 1485 354 fundavit
1505 322 1541 355 et
1560 319 1799 365 profundavit

1024 376 1064 401 se
1078 367 1117 400 in
1131 366 1356 410 humilitate,
1368 365 1510 402 vilitate
1522 369 1559 402 et
1575 366 1798 412 abjectione,

1024 415 1061 448 et
1077 412 1130 448 sic
1145 412 1235 448 sein
1253 416 1453 458 conspectu
1471 413 1641 449 omnium
1655 413 1800 450 annihi-
1823 417 1825 421 ⁴

1023 458 1112 495 lavit
1124 470 1131 503 ;
1143 460 1363 504 quodetiam
1372 463 1571 506 postquam
1582 460 1800 506 praedicare,

1025 517 1068 542 ac
1084 505 1210 542 divina
1229 510 1265 542 et
1283 507 1466 543 altissima
1485 508 1600 553 loqui,
1622 507 1803 544 miracula

1025 563 1175 598 quoque
1193 554 1394 599 magnifica
1408 565 1520 600 opere
1536 556 1658 591 facere
1675 554 1800 601 coepit,

1024 610 1100 635 non
1126 610 1211 635 eum
1241 602 1477 646 reputabant,
1503 602 1568 637 sed
1593 601 1799 648 vilipende-

1024 647 1129 690 bant,
1151 646 1317 682 (licentes
1346 659 1354 683 z
1382 649 1470 690 Quis
1494 652 1545 683 est
1571 650 1655 684 hic?
1675 651 1803 688 Nonne

1026 695 1082 729 hic
1103 697 1155 728 est
1172 694 1274 737 fabri
1290 695 1389 739 filius
1400 696 1417 729 P
1432 696 1474 730 Et
1488 696 1605 730 multa
1619 695 1692 732 alia
1706 695 1802 732 deri-

1025 740 1127 776 soria
1157 743 1193 776 et
1218 740 1431 786 despectiva
1457 740 1645 778 dicebant.
1667 742 1802 779 Verifi-

1025 790 1148 823 catum
1163 790 1219 823 est
1233 798 1335 834 ergo,
1349 788 1555 824 secundum
1574 789 1673 825 hunc
1691 789 1802 825 intel-

1024 835 1175 879 lectum,
1196 836 1350 871 verbum
1366 836 1535 881 Apostoli
1553 847 1562 871 t
1584 838 1804 873 Eminanivit

1024 884 1254 928 semetipsum
1269 884 1426 925 formam
1443 885 1538 918 servi
1553 885 1748 929 accipiens,
1765 886 1804 919 et

1004 934 1100 965 'non
1143 930 1265 965 solum
1304 930 1573 975 cujuscumque
1606 930 1704 966 servi
1735 940 1803 976 per

1024 976 1348 1020 Incarnationem,
1392 977 1458 1012 sed
1500 977 1614 1013 etiam
1659 976 1802 1014 inutilis

1024 1023 1134 1067 servi,
1154 1034 1221 1069 per
1243 1023 1424 1060 humilem
1447 1026 1484 1059 et
1506 1025 1692 1071 abJ'ectam
1711 1035 1800 1061 con-

1022 1070 1286 1107 versationem.

1071 1121 1090 1153 5
1125 1119 1300 1161 Quonono
1333 1130 1555 1159 AcoumATUR
1583 1129 1800 1155 nummus:

1023 1186 1070 1190 —
1095 1165 1301 1201 Considera
1337 1165 1503 1210 singulos
1540 1166 1619 1212 ejus
1656 1169 1761 1202 actus
1792 1177 1801 1202 :

1025 1223 1172 1258 semper
1200 1212 1238 1247 in
1268 1212 1321 1248 eis
1344 1213 1485 1248 relucet
1507 1211 1712 1248 humilitas.
1737 1212 1806 1249 Hic

1024 1258 1138 1305 igitur
1150 1259 1269 1304 ipsam
1285 1259 1495 1304 fabricavit,
1505 1259 1543 1295 id
1558 1263 1627 1303 est,
1637 1259 1803 1296 ostendit

1025 1305 1186 1351 qualiter
1221 1306 1363 1352 acquiri
1403 1307 1533 1351 possit,
1561 1306 1703 1342 scilicet
1735 1317 1804 1353 per

1024 1352 1306 1389 vilificationem
1317 1355 1354 1389 et
1363 1353 1612 1399 abjectionem
1626 1353 1802 1400 suiipsius
1857 1377 1859 1379 ·

1023 1399 1063 1435 in
1095 1403 1295 1446 conspectu
1319 1411 1385 1436 suo
1415 1403 1451 1436 et
1470 1400 1646 1446 aliorum,
1667 1411 1711 1438 ac
1734 1411 1804 1448 per

1025 1447 1245 1483 continuum
1263 1446 1479 1483 exercitium
1499 1458 1654 1494 operum
1673 1447 1802 1484 vilium

1025 1499 1062 1530 et
1099 1494 1310 1530 humilium.
1349 1494 1385 1530 Si
1422 1495 1523 1530 enim
1557 1495 1613 1531 vis
1646 1494 1802 1542 adeisci

1024 1541 1289 1586 humilitatem,
1315 1545 1463 1587 oportet
1486 1542 1585 1587 quod
1613 1542 1803 1588 praecedat

1024 1588 1246 1631 humiliatio,
1268 1592 1305 1624 et
1324 1589 1540 1625 exercitium
1559 1599 1715 1635 operum
1731 1590 1800 1625 hu-

1023 1635 1180 1671 milium.
1198 1636 1301 1671 Unde
1314 1637 1523 1671 Bernardus
1537 1649 1547 1671 .-
1563 1651 1581 1669 «
1602 1635 1802 1672 Humilitas

1023 1683 1070 1719 ad
1114 1693 1226 1727 quam
1264 1682 1394 1728 utique
1431 1683 1532 1719 ducit
1567 1683 1798 1728 humiliatio,

1021 1729 1136 1765 totius
1165 1733 1221 1765 est
1250 1729 1454 1775 spiritualis
1485 1729 1635 1766 fabricae
1665 1730 1800 1767 fonda—

1022 1780 1203 1813 mentum.
1222 1776 1418 1822 'Siquidem
1439 1776 1648 1813 humiliatio
1669 1777 1728 1813 via
1744 1780 1802 1814 est

1022 1824 1069 1859 ad
1105 1823 1368 1868 humilitatem,
1409 1823 1503 1860 sicut
1537 1824 1721 1870 patientia
1753 1824 1802 1861 ad

1021 1881 1166 1917 pacem,
1189 1870 1282 1906 sicut
1311 1870 1419 1907 lectio
1450 1871 1497 1907 ad
1528 1871 1745 1907 scientiam„
1762 1871 1800 1908 Si

1022 1918 1196 1954 virtutem
1211 1918 1356 1963 appetis
1366 1917 1602 1962 humilitatis,
1614 1918 1713 1954 viam
1723 1929 1802 1955 non

1021 1965 1186 2010 refugias
1205 1964 1488 2000 humiliationis.
1521 1966 1628 2010 Nam,
1662 1965 1693 2001 si
1725 1976 1804 2002 non

1021 2012 1162 2058 poteris
1204 2011 1408 2056 humiliari,
1433 2023 1509 2048 non
1530 2012 1672 2058 poteris
1693 2014 1730 2048 et
1755 2012 1804 2049 ad

1022 2059 1272 2095 humilitatem
1297 2059 1465 2105 provehi.
1490 2060 1648 2095 Prodest
1676 2059 1805 2105 itaque

1023 2107 1115 2142 mihi
1147 2117 1270 2142 meam
1301 2105 1557 2152 insipientiam
1590 2106 1691 2151 sciri,
1718 2109 1755 2142 et
1780 2117 1804 2143 a

1022 2153 1224 2190 scientibus
1257 2154 1342 2200 jure
1380 2153 1570 2196 conlundi,
1606 2152 1665 2189 cui
1703 2164 1804 2200 saepe

1022 2201 1207 2244 contingit
1228 2212 1250 2237 a
1272 2200 1526 2237 nescientibus
1554 2200 1691 2246 injuste
1717 2200 1804 2237 lau-

1023 2248 1117 2285 dari.
1131 2248 1278 2284 Grande
1292 2258 1424 2284 revera
1437 2247 1658 2293 periculum,
1670 2247 1802 2284 andire

1023 2306 1249 2342 quemquam
1275 2295 1321 2331 de
1342 2305 1395 2338 se,
1418 2305 1531 2340 supra
1551 2305 1663 2340 quam
1689 2294 1802 2331 sentit

1021 2344 1060 2378 in
1083 2354 1134 2379 se.
1158 2342 1246 2385 Quis
1266 2342 1370 2379 dabit
1395 2341 1487 2377 mihi
1509 2342 1608 2388 apud
1628 2341 1802 2378 homines

1022 2393 1167 2426 tantum
1179 2390 1225 2425 de
1236 2389 1335 2425 veris
1349 2388 1461 2436 digne
1472 2388 1674 2432 humiliari,
1688 2399 1803 2435 quan-

1021 2442 1101 2474 tum
1125 2437 1183 2473 vel
1213 2437 1259 2473 de
1285 2436 1389 2473 salsis
1419 2436 1547 2472 datum
1573 2439 1630 2473 est
1649 2435 1802 2482 indigne

1022 2484 1203 2521 exaltari?
1223 2484 1329 2520 Illam
1349 2494 1437 2520 vero
1461 2494 1590 2520 vocem
1610 2482 1801 2529 propheti-

1022 2543 1102 2568 cam
1112 2532 1196 2577 jure
1208 2541 1439 2568 assumerem
1450 2541 1458 2566 :
1469 2532 1667 2567 Eoealtatas
1681 2533 1802 2566 autem

1022 2580 1238 2615 humiliatus
1278 2590 1358 2615 sum
1400 2582 1433 2614 et
1476 2578 1723 2615 conturbatus.
1757 2578 1802 2613 Et

1020 2626 1112 2662 illud
1134 2638 1141 2662 :
1164 2627 1317 2667 Ludam‚
1340 2629 1374 2662 et
1396 2626 1505 2661 vilior
1522 2627 1620 2670 fiam.
1643 2624 1799 2669 Ludam‚

1021 2673 1174 2717 scilicet,
1196 2677 1237 2710 ut
1261 2673 1409 2709 illudar.
1434 2674 1560 2708 Bonus
1588 2670 1697 2707 ludus
1725 2681 1801 2717 quo

1021 2720 1155 2756 Micbol
1178 2720 1364 2764 irascitur,
1383 2723 1420 2756 et
1446 2721 1544 2755 Deus
1569 2718 1797 2754 delectatur!

1021 2769 1146 2804 Bonus
1176 2768 1299 2813 ludus,
1325 2766 1388 2814 qui
1412 2765 1629 2803 hominibus
1650 2764 1801 2812 quidem
