1943 3141
175 183 216 217 64
674 173 822 207 PR1MAE
859 173 1020 208 PARTIS
1058 173 1196 208 CAPUT
1235 173 1320 206 VIII

176 252 302 286 nostra
323 244 548 288 temeritate,
565 253 641 278 non
660 245 817 289 possunt
838 243 948 278 attin-

176 307 278 344 gere.
319 295 507 330 Couemur
554 290 669 336 igitur
709 292 786 326 toto
825 300 949 336 posse,

176 345 302 379 mente
323 340 468 376 reclusa
489 341 525 374 et
543 339 745 380 abstracta,
768 338 814 373 ab
835 337 954 373 omni-

175 391 244 426 bus
283 388 447 429 cajuris,
482 385 603 422 eidem
638 384 796 420 Domino
830 385 955 420 cordis

176 437 339 484 puritate
375 444 529 476 vacare3
553 431 641 478 quia
673 431 878 477 corporalis
903 442 958 467 re-

178 483 310 526 clusio,
330 481 422 518 nihil
445 483 507 516 aut
525 489 670 526 parum,
688 479 767 514 sine
788 477 954 521 mentali,

177 531 326 567 videtur
347 528 537 575 prodesse.
568 526 672 561 Unde
694 526 923 569 Augustinus
948 538 957 559 :

178 591 195 612 <‹
230 577 325 621 Quid
359 575 508 623 prodest
539 573 702 610 solitudo
724 573 904 618 corporis,
928 571 958 606 si

178 624 340 662 solitudo
370 622 530 659 aerium
560 619 722 655 mentis?
746 633 761 652 »
786 619 890 655 Unde
924 621 959 654 et

179 672 374 716 Greqorius
386 683 395 705 :
408 685 424 702 «
435 668 529 712 Quid
544 668 696 714 prodest
711 677 866 712 corpore
879 676 963 701 con-

179 719 319 755 versari
342 717 568 757 inrlaustrO,
589 718 623 749 et
640 717 762 749 mente
780 713 904 758 vagari
925 712 962 747 in

177 760 961 803 seculo?ConemuretiaminomnibusDeo

174 813 319 861 gratias
340 822 463 856 agere,
478 814 512 845 ct
531 820 572 844 cx
590 808 701 843 corde
714 817 798 842 eum
814 807 964 843 benedi-

180 871 278 904 cere,
300 869 386 895 nain
408 860 476 893 hoc
502 858 536 891 in
558 854 755 890 virtutihus
774 852 961 889 nobilissi-

180 917 282 943 mum
303 910 371 943 est,
395 909 429 940 et
452 913 576 940 coram
601 904 672 937 Deo
703 900 961 946 splendidissi-

180 947 960 996 mum,uthomoinconctioneobedientia}⁷

180 1002 218 1037 in
236 1000 359 1038 exilio,
374 999 408 1034 in
429 1000 662 1044 paupertate,
676 996 710 1030 in
729 998 960 1040 contemptu,

179 1048 218 1083 in
240 1046 471 1087 infirmitate,
491 1045 527 1079 in
551 1042 745 1088 multipliri
770 1042 906 1078 mentis
927 1045 963 1077 et

180 1095 346 1140 corporis
390 1091 642 1134 tribulatione,
666 1090 766 1134 velit,
790 1089 897 1133 sciat,
928 1092 964 1123 et

182 1141 298 1187 possit
321 1142 435 1175 Deum
458 1138 612 1173 laudare
637 1140 673 1172 et
696 1148 738 1171 ex
765 1137 877 1172 corde
898 1137 962 1171 he-

180 1189 371 1228 nedicere,
399 1197 441 1221 ac
473 1185 505 1220 ei
538 1195 622 1220 cnm
653 1182 790 1229 gaudio
824 1182 963 1228 gratias

183 1245 308 1281 agere,
331 1232 519 1269 desideria
555 1241 704 1267 sursum
742 1229 903 1275 erigere,
928 1233 965 1264 et

180 1292 265 1318 eum
311 1281 488 1326 operibus
529 1278 757 1313 collaudare.
800 1290 817 1310 »
862 1276 964 1312 Unde

179 1329 293 1366 etiam
308 1330 365 1364 Bes
377 1327 514 1363 naritus
526 1338 535 1360 :
549 1339 563 1358 «
587 1324 683 1361 Felix
698 1323 759 1370 qui
770 1323 965 1370 passiones

182 1375 350 1422 corporis
365 1375 417 1410 sui
439 1371 786 1419 propterJustitiam
799 1371 963 1415 ordinat,

182 1427 222 1460 ut
243 1421 422 1469 quidquid
452 1424 628 1466 patiatur,
650 1422 804 1465 propter
824 1418 890 1454 Dei
911 1418 965 1453 Fi-

183 1471 274 1506 lium
307 1469 485 1515 patiatur,
509 1471 690 1513 quatenus
719 1469 756 1502 et
796 1476 818 1501 a
853 1465 965 1501 corde

181 1517 336 1553 tollatur
357 1514 616 1558 murmuratio,
641 1516 677 1549 et
698 1512 735 1548 in
756 1523 820 1549 ore
839 1523 965 1548 verse-

183 1568 245 1600 tur
269 1562 474 1610 gratiarum
496 1562 606 1605 actio,
630 1564 665 1596 et
691 1571 760 1595 vox
786 1559 907 1595 laudis
923 1560 929 1594 l
948 1573 964 1592 »

183 1613 263 1647 haec
280 1610 499 1646 Bernarrlus.
518 1608 586 1652 Qui
608 1609 707 1643 enim
727 1609 822 1643 hene
843 1610 965 1642 atten-

183 1659 303 1701 deret,
323 1657 422 1702 quod
443 1656 682 1700 diligentibus
702 1656 826 1693 Deum.
846 1656 967 1689 omniu

184 1708 420 1751 cooperantur
456 1705 495 1738 in
534 1704 675 1742 bonum,
708 1701 756 1736 ad
791 1711 967 1747 magnam

185 1751 302 1789 animi
332 1751 495 1797 quietem
527 1749 757 1796 perveniret,
780 1749 906 1794 sicque
928 1748 967 1783 in

185 1811 229 1836 eo
247 1800 370 1835 locum
392 1798 562 1841 haberet,
587 1796 686 1842 quod
705 1795 861 1841 Sapiens
883 1795 934 1831 ait
956 1806 965 1830 ι

184 1849 265 1886 Non
291 1845 521 1881 contristabit
550 1845 706 1889 justum,
735 1843 918 1888 quidquid
936 1844 969 1877 ei

186 1894 373 1929 acciderit.
432 1892 526 1934 Quia
584 1890 790 1926 secundum
838 1890 967 1934 Auyu-

184 1943 333 1979 stinum,
364 1938 547 1984 quidquid
570 1937 747 1973 acciderit
763 1937 878 1982 justo,
904 1947 967 1972 vo-

188 1987 321 2023 luntati
349 1986 486 2021 divinae
515 1984 771 2030 deputandum
803 1987 873 2028 est,
895 1994 969 2019 non

187 2033 365 2081 potestati
404 2031 558 2068 inimici.
588 2033 631 2066 Et
662 2031 849 2075 similiter,
891 2032 969 2076 ipse

186 2082 312 2118 dicere
350 2082 476 2126 posset
509 2089 595 2114 cum
631 2079 702 2114 Job
726 2089 733 2113 :
759 2080 864 2115 Sicut
899 2080 969 2113 Do-

188 2130 285 2164 mino
332 2129 487 2173 placuit,
527 2128 581 2161 itu
617 2127 757 2168 fuctum
806 2128 882 2169 est,·
922 2127 971 2161 sit

189 2185 316 2212 nomen
337 2175 484 2209 Domini
513 2174 751 2208 benedictum.

239 2225 259 2257 8
276 2223 493 2257 Tmssumrio
516 2232 683 2255 Boxoncn
706 2232 792 2255 ipsis
813 2231 971 2255 PROPTER

191 2280 365 2305 Timonem
389 2279 515 2303 erius.
543 2288 584 2293 —
612 2267 728 2312 Igitur
755 2267 793 2302 in
814 2266 970 2302 tribula-

191 2315 371 2358 tionibus,
383 2325 446 2350 seu
463 2313 621 2360 flagellis
637 2317 673 2349 et
689 2313 971 2360 afflictionibus,

192 2373 269 2400 non
303 2362 419 2398 debes
454 2361 640 2404 dubitare,
664 2362 752 2407 quia
769 2362 867 2397 Deus
894 2372 970 2396 non

193 2409 377 2457 permittit
416 2419 478 2444 eas
510 2408 559 2443 ad
595 2418 682 2444 suos
720 2407 861 2452 venire,
898 2407 970 2443 nisi

193 2468 260 2504 pro
273 2456 443 2503 ipsorum
462 2454 636 2491 utilitate.
661 2454 785 2491 Primo
804 2455 969 2501 quidem,

194 2507 235 2541 ut
260 2504 373 2540 homo
394 2514 416 2539 a
441 2502 566 2538 seculo
593 2513 632 2538 se
662 2505 850 2546 avertens,
873 2502 973 2538 oble-

196 2553 384 2587 ctamenta
416 2549 639 2596 temporalia
671 2552 835 2595 respuat,
859 2552 895 2584 et
924 2549 971 2585 ad

195 2600 313 2635 Deum
337 2608 377 2633 se
403 2599 642 2641 convertens,
674 2599 815 2632 aeterna
841 2606 973 2632 concu-

195 2645 328 2692 piscat.
370 2644 474 2680 Unde
511 2644 742 2688 Auqustinus
782 2656 792 2678 ε
833 2656 852 2677 «
891 2644 972 2679 Non

195 2691 298 2729 enim
332 2690 564 2728 convertitur
599 2689 724 2726 anima
759 2689 806 2726 ad
837 2691 970 2735 Deum,

196 2739 270 2775 nisi
303 2749 387 2776 cum
417 2738 464 2774 ab
499 2739 571 2774 hoc
607 2737 731 2774 seculo
769 2736 968 2782 avertitur3

196 2797 266 2823 nec
288 2784 536 2834 opportunius
556 2785 604 2822 ab
624 2785 696 2822 hoc
716 2784 841 2821 seculo
865 2794 971 2822 aver-

1034 243 1139 287 titur,
1169 243 1240 278 nisi
1275 241 1494 288 perniciosis
1532 240 1613 283 ejus
1651 241 1819 289 volupta-

1036 290 1136 326 tibus
1176 289 1314 326 laboriS
1354 292 1390 325 et
1430 287 1572 325 doloris
1609 299 1717 334 aquae
1751 289 1820 326 mi-

1037 341 1226 373 sceantur.
1251 338 1287 373 Si
1312 336 1410 372 enim
1435 338 1600 372 cessaret
1621 335 1818 382 Dominus,

1037 390 1073 420 et
1098 395 1171 419 non
1200 385 1373 420 misceret
1400 382 1672 419 amaritudines
1699 383 1819 419 felici-

1037 431 1176 467 tatibus
1198 431 1329 474 seculi,
1349 430 1658 467 oblivisceremur
1671 441 1758 466 eum
1774 442 1782 467 :
1799 445 1818 464 »

1039 479 1120 513 haec
1154 479 1396 521 Auyustinus.
1427 479 1470 512 Et
1508 477 1592 513 ideo
1632 477 1685 513 ait
1721 477 1823 514 Psal-

1040 525 1152 560 mista
1174 537 1182 560 z
1205 526 1461 570 Multiplicatae
1479 527 1564 559 sunt
1589 526 1822 570 infirmitates

1041 583 1174 613 eorum,
1208 576 1332 617 postea
1366 573 1667 607 acceleraverunt.
1690 593 1736 597 -—
1761 573 1822 609 Se-

1041 619 1178 661 cundo,
1201 622 1241 654 ut
1266 622 1419 663 peccata
1454 628 1522 654 sua
1548 617 1681 654 melius
1705 629 1820 664 agno-

1041 669 1133 709 scat,
1149 669 1185 701 et
1201 665 1286 700 inde
1301 665 1485 711 poenitens
1503 667 1540 700 et
1558 675 1597 700 se
1615 664 1823 712 corrigens,

1042 715 1224 759 purgatus
1254 716 1289 747 et
1322 712 1522 748 mundatus
1549 712 1640 747 fiat:
1661 722 1763 757 nam,
1783 715 1825 749 ut

1042 760 1094 795 ait
1110 761 1352 803 Auqustinw,
1374 759 1471 805 quod
1489 758 1580 795 lima
1594 759 1708 804 ferro,
1723 759 1825 806 quod

1044 807 1175 842 fornax
1204 817 1311 850 auro,
1341 806 1440 852 quod
1465 806 1657 852 flagellum
1682 816 1824 852 grano;

1043 855 1113 889 hoc
1130 853 1321 889 tribulatio
1339 853 1419 889 viro
1433 854 1547 899 justo.
1572 853 1676 889 Unde
1690 853 1826 890 fratres

1041 903 1060 937 J
1066 902 1182 947 oseph
1197 900 1374 936 dicebant
1388 903 1536 936 :Merito
1553 902 1624 936 haec
1642 902 1823 946 patimur,

1044 950 1133 994 quia
1158 950 1386 993 peccavimus
1410 950 1447 982 in
1467 949 1622 991 fratrem
1647 950 1822 983 nostrum.

1043 1017 1088 1021 —
1103 995 1242 1037 Tertio,
1259 998 1312 1038 ut,
1331 996 1478 1031 sublato
1491 995 1676 1040 adjutore,
1690 994 1826 1030 melius

1043 1042 1366 1088 imperfectionem
1403 1052 1508 1078 suam
1535 1041 1674 1085 videat,
1695 1043 1732 1077 et
1755 1041 1826 1078 sei-

1042 1100 1153 1135 psum
1170 1093 1382 1135 cognoscat.
1395 1090 1499 1125 Unde
1513 1088 1730 1125 Psalmista:
1749 1091 1826 1133 qu

1043 1138 1126 1172 dimi·
1144 1139 1182 1171 in
1202 1138 1430 1172 abundantia
1451 1148 1527 1171 ineu
1542 1148 1549 1171 :
1566 1139 1645 1174 Non
1662 1136 1825 1172 movebor

1044 1186 1083 1218 in
1118 1189 1311 1227 aeternum3
1335 1185 1399 1219 sed
1421 1187 1462 1219 ut
1489 1183 1622 1219 melius
1648 1193 1707 1224 me
1733 1182 1827 1219 mini

1045 1231 1263 1266 ostenderes
1285 1242 1293 1265 ε
1315 1232 1494 1266 Avertisti
1519 1232 1652 1274 faciem
1679 1234 1779 1266 tuam
1805 1241 1828 1266 a

1044 1289 1111 1319 me,
1151 1282 1184 1313 et
1224 1280 1345 1321 fuctus
1382 1289 1461 1313 sum
1503 1277 1751 1312 conturbatus.
1781 1296 1827 1303 —

1045 1325 1198 1368 Quarto,
1222 1328 1377 1371 propter
1397 1324 1647 1360 humilitatem
1674 1334 1826 1360 conser-

1044 1373 1218 1415 vandam,
1257 1376 1293 1407 et
1322 1372 1502 1408 virtutum
1534 1371 1758 1416 custodiam,
1777 1381 1826 1407 ne

1045 1420 1091 1455 de
1127 1419 1271 1455 meritis
1305 1419 1382 1455 suis
1411 1422 1629 1465 praesumat,
1652 1421 1689 1455 et
1708 1418 1747 1454 in
1766 1429 1825 1455 su-

1045 1466 1215 1512 perbiam
1234 1477 1272 1502 se
1288 1467 1457 1502 extollat.
1475 1466 1580 1502 Unde
1594 1466 1819 1513 Apostolus:

1045 1516 1098 1552 Ne
1132 1515 1346 1557 magnitudo
1376 1515 1637 1549 revelationum
1671 1514 1825 1549 eaetollat

1047 1571 1113 1602 me,
1137 1560 1245 1596 dutus
1282 1565 1333 1596 est
1374 1562 1465 1596 mihi
1497 1562 1668 1597 stimulus
1707 1561 1827 1596 earnis

1046 1619 1143 1646 mese.
1172 1609 1335 1652 Angelus
1368 1609 1514 1644 Satanae
1550 1610 1614 1653 qui
1647 1618 1702 1643 nze
1735 1608 1829 1643 cola-

1043 1657 1181 1701 phizet.
1204 1676 1249 1681 —
1268 1655 1418 1698 Quinto,
1440 1657 1481 1691 ut
1506 1655 1599 1690 sciat
1618 1665 1731 1701 quam
1751 1664 1830 1690 ma-

1046 1703 1124 1738 lum
1155 1702 1202 1738 sit
1227 1701 1473 1747 dereliquisse
1497 1703 1628 1746 Deum,
1657 1704 1694 1738 et
1717 1702 1763 1738 ab
1783 1711 1828 1738 eo

1047 1760 1127 1785 esse
1172 1750 1408 1785 derelictum.
1448 1749 1554 1785 Unde
1596 1749 1782 1786 Jeremias
1817 1759 1826 1784 :

1047 1798 1144 1833 Scito
1169 1800 1201 1832 et
1227 1797 1322 1838 vide,
1346 1798 1433 1842 quia
1453 1798 1589 1832 mulum
1611 1799 1644 1832 et
1665 1806 1850 1832 amarums

1048 1848 1100 1879 est
1117 1845 1309 1889 reliquisse
1329 1847 1362 1879 te
1379 1846 1570 1879 Dominum
1583 1847 1693 1879 Deum
1710 1847 1826 1885 tuum,

1033 1895 1081 1927 ἐἰ
1120 1902 1190 1926 non
1224 1902 1296 1926 esse
1325 1893 1487 1926 timorem
1527 1891 1606 1936 ejus
1641 1891 1741 1936 apud
1778 1893 1824 1926 te.

1050 1959 1093 1964 —
1109 1940 1232 1983 Sexto,
1252 1941 1292 1973 ut
1310 1939 1409 1973 Deus
1429 1937 1651 1984 patientiam
1668 1937 1828 1984 alicujus

1050 1985 1228 2026 declaret,
1256 1989 1292 2020 et
1317 1995 1384 2030 per
1411 1986 1632 2021 Sanctorum
1658 1985 1828 2031 exempla

1049 2032 1144 2068 alios
1170 2032 1217 2068 ad
1254 2031 1477 2078 patientiam
1509 2031 1684 2068 instruat.
1723 2031 1829 2068 Unde

1048 2080 1118 2116 Job
1140 2091 1147 2114 :
1165 2081 1247 2115 Haee
1267 2082 1316 2115 sit
1334 2081 1425 2114 mihi
1444 2081 1656 2124 consolatio,
1674 2082 1715 2115 ut
1730 2080 1828 2124 affli—

1049 2137 1135 2171 9ens
1161 2137 1215 2162 me
1242 2127 1364 2162 dolore
1389 2137 1459 2162 non
1478 2130 1634 2172 parcat3
1660 2137 1724 2162 nec
1750 2137 1830 2162 con-

1050 2175 1230 2210 tradicam
1251 2174 1474 2209 sermonibus
1503 2175 1654 2209 sanctis.
1690 2194 1736 2200 —-
1769 2174 1832 2210 Se-

1050 2221 1182 2267 ptimo,
1207 2224 1247 2257 ut
1267 2220 1329 2257 alii
1351 2220 1471 2266 magis
1493 2220 1662 2265 timeant,
1685 2223 1723 2257 et
1738 2220 1827 2257 inde

1050 2269 1260 2315 exemplum
1271 2269 1367 2304 bene
1381 2267 1529 2304 vivendi
1542 2270 1704 2304 sumant.
1721 2267 1829 2304 Unde

1051 2315 1206 2362 Sapiens
1234 2327 1242 2351 :
1265 2317 1457 2351 Pestilente
1473 2317 1675 2360 slnqellatO,
1693 2315 1830 2351 stultus

1048 2364 1250 2408 sapientior
1282 2365 1363 2399 erit.
1403 2383 1448 2388 —
1483 2363 1636 2408 Octavo,
1673 2362 1722 2399 ad
1759 2361 1828 2398 Dei

1049 2411 1229 2445 salvantis
1268 2409 1434 2455 laudem,
1471 2413 1508 2446 et
1549 2410 1629 2457 ejus
1666 2408 1828 2456 gloriam

1051 2457 1391 2502 manifestandam,
1444 2457 1538 2494 sicut
1587 2456 1828 2492 infirmitates

1050 2504 1138 2540 caeci
1155 2505 1231 2540 nati
1252 2508 1289 2540 et
1308 2504 1435 2540 Lazari
1456 2504 1618 2549 fuerunt,
1643 2505 1686 2540 ut
1707 2503 1748 2539 in
1775 2501 1830 2539 eis

1049 2562 1165 2597 opera
1197 2552 1261 2587 Dei
1290 2552 1635 2595 manifestarentur,
1673 2552 1711 2586 et
1747 2549 1828 2596 ipse

1050 2599 1148 2634 Deus
1175 2598 1452 2645 glorificaretur
1491 2599 1530 2634 in
1562 2601 1759 2634 aeternum.
1782 2616 1830 2624 -

1051 2646 1171 2690 Nono,
1192 2649 1233 2681 ut
1253 2645 1393 2682 amoris
1420 2645 1556 2682 Christi
1581 2643 1745 2690 insignia
1766 2654 1827 2680 re-

1050 2692 1250 2738 cogitet,et
1269 2692 1565 2729 misericordiam
1579 2691 1645 2728 Dei
1664 2689 1765 2727 circa
1784 2701 1826 2728 se

1049 2744 1307 2785 recognoscat.
1349 2739 1453 2776 Unde
1483 2739 1524 2775 in
1561 2736 1785 2776 Machabaeis
1813 2749 1823 2774 ι

1050 2788 1195 2823 Etenim
1213 2788 1326 2824 multo
1345 2790 1502 2834 tempore
1517 2796 1588 2824 non
1605 2787 1724 2823 sinere
1738 2795 1826 2833 pee-
