<?xml version="1.0" encoding="UTF-8"?>
<!DOCTYPE html PUBLIC "-//W3C//DTD XHTML 1.0 Transitional//EN"
    "http://www.w3.org/TR/xhtml1/DTD/xhtml1-transitional.dtd">
<html xmlns="http://www.w3.org/1999/xhtml" xml:lang="en" lang="en">
 <head>
  <title>
</title>
<meta http-equiv="Content-Type" content="text/html;charset=utf-8" />
  <meta name='ocr-system' content='tesseract 3.04.00' />
  <meta name='ocr-capabilities' content='ocr_page ocr_carea ocr_par ocr_line ocrx_word'/>
</head>
<body>
  <div class='ocr_page' id='page_1' title='image "./vitajesuchristie01ludouoft_0203.png"; bbox 0 0 1902 3126; ppageno 0'>
   <div class='ocr_carea' id='block_1_1' title="bbox 649 177 1741 216">
    <p class='ocr_par' dir='ltr' id='par_1_1' title="bbox 649 177 1741 216">
     <span class='ocr_line' id='line_1_1' title="bbox 649 177 1741 216; baseline 0.005 -6"><span class='ocrx_word' id='word_1_1' title='bbox 649 177 699 212; x_wconf 71' lang='lat' dir='ltr'>nt:</span> <span class='ocrx_word' id='word_1_2' title='bbox 737 177 962 212; x_wconf 74' lang='lat' dir='ltr'>BAPTISMO</span> <span class='ocrx_word' id='word_1_3' title='bbox 1002 178 1174 214; x_wconf 86' lang='lat' dir='ltr'>DOMINI.</span> <span class='ocrx_word' id='word_1_4' title='bbox 1682 181 1741 216; x_wconf 87' lang='lat'>189</span> 
     </span>
    </p>
   </div>
   <div class='ocr_carea' id='block_1_2' title="bbox 90 244 884 2844">
    <p class='ocr_par' dir='ltr' id='par_1_2' title="bbox 93 244 884 1237">
     <span class='ocr_line' id='line_1_2' title="bbox 99 244 878 296; baseline -0.01 -9"><span class='ocrx_word' id='word_1_5' title='bbox 99 251 200 287; x_wconf 89' lang='lat' dir='ltr'>hune</span> <span class='ocrx_word' id='word_1_6' title='bbox 211 248 446 296; x_wconf 83' lang='lat' dir='ltr'>trigesimum</span> <span class='ocrx_word' id='word_1_7' title='bbox 458 256 598 283; x_wconf 90' lang='lat' dir='ltr'>annum</span> <span class='ocrx_word' id='word_1_8' title='bbox 609 245 702 281; x_wconf 89' lang='lat' dir='ltr'>nihil</span> <span class='ocrx_word' id='word_1_9' title='bbox 717 244 878 280; x_wconf 86' lang='lat' dir='ltr'>invenio.</span> 
     </span>
     <span class='ocr_line' id='line_1_3' title="bbox 101 291 880 342; baseline -0.01 -8"><span class='ocrx_word' id='word_1_10' title='bbox 101 298 208 334; x_wconf 89' lang='lat' dir='ltr'>Nunc</span> <span class='ocrx_word' id='word_1_11' title='bbox 226 308 314 333; x_wconf 82' lang='lat' dir='ltr'>vero</span> <span class='ocrx_word' id='word_1_12' title='bbox 329 297 409 342; x_wconf 88' lang='lat' dir='ltr'>jam</span> <span class='ocrx_word' id='word_1_13' title='bbox 430 305 502 330; x_wconf 91' lang='lat' dir='ltr'>non</span> <span class='ocrx_word' id='word_1_14' title='bbox 523 295 645 339; x_wconf 85' lang='lat' dir='ltr'>potest</span> <span class='ocrx_word' id='word_1_15' title='bbox 667 292 798 335; x_wconf 90' lang='lat' dir='ltr'>latere,</span> <span class='ocrx_word' id='word_1_16' title='bbox 817 291 880 336; x_wconf 84' lang='lat' dir='ltr'>qui</span> 
     </span>
     <span class='ocr_line' id='line_1_4' title="bbox 98 339 882 381; baseline -0.01 0"><span class='ocrx_word' id='word_1_17' title='bbox 98 348 177 381; x_wconf 84' lang='lat' dir='ltr'>tam</span> <span class='ocrx_word' id='word_1_18' title='bbox 218 343 416 380; x_wconf 79' lang='lat' dir='ltr'>manifeste</span> <span class='ocrx_word' id='word_1_19' title='bbox 447 341 730 376; x_wconf 88' lang='lat' dir='ltr'>demonstratur</span> <span class='ocrx_word' id='word_1_20' title='bbox 765 349 786 374; x_wconf 93' lang='lat' dir='ltr'>a</span> <span class='ocrx_word' id='word_1_21' title='bbox 815 339 882 374; x_wconf 90' lang='lat' dir='ltr'>Pa-</span> 
     </span>
     <span class='ocr_line' id='line_1_5' title="bbox 99 386 880 428; baseline -0.009 0"><span class='ocrx_word' id='word_1_22' title='bbox 99 395 158 428; x_wconf 87' lang='lat' dir='ltr'>tre</span> <span class='ocrx_word' id='word_1_23' title='bbox 186 403 195 427; x_wconf 88' lang='lat'>:</span> <span class='ocrx_word' id='word_1_24' title='bbox 219 405 238 424; x_wconf 76' lang='lat' dir='ltr'>n</span> <span class='ocrx_word' id='word_1_25' title='bbox 276 391 356 426; x_wconf 88' lang='lat' dir='ltr'>haec</span> <span class='ocrx_word' id='word_1_26' title='bbox 391 387 615 424; x_wconf 73' lang='lat' dir='ltr'><strong><em>Bernartius.</em></strong></span> <span class='ocrx_word' id='word_1_27' title='bbox 653 388 697 422; x_wconf 89' lang='lat' dir='ltr'>Et</span> <span class='ocrx_word' id='word_1_28' title='bbox 720 386 801 421; x_wconf 81' lang='lat' dir='ltr'>liaec</span> <span class='ocrx_word' id='word_1_29' title='bbox 825 388 880 421; x_wconf 88' lang='lat' dir='ltr'>est</span> 
     </span>
     <span class='ocr_line' id='line_1_6' title="bbox 97 433 881 486; baseline -0.01 -10"><span class='ocrx_word' id='word_1_30' title='bbox 97 438 303 476; x_wconf 80' lang='lat' dir='ltr'>auctoritas</span> <span class='ocrx_word' id='word_1_31' title='bbox 336 445 449 481; x_wconf 88' lang='lat' dir='ltr'>quam</span> <span class='ocrx_word' id='word_1_32' title='bbox 472 444 584 480; x_wconf 75' lang='lat' dir='ltr'>supra</span> <span class='ocrx_word' id='word_1_33' title='bbox 611 433 787 486; x_wconf 66' lang='lat' dir='ltr'>allegavi,</span> <span class='ocrx_word' id='word_1_34' title='bbox 813 443 881 479; x_wconf 88' lang='lat' dir='ltr'>per</span> 
     </span>
     <span class='ocr_line' id='line_1_7' title="bbox 97 479 880 532; baseline -0.009 -10"><span class='ocrx_word' id='word_1_35' title='bbox 97 495 210 532; x_wconf 80' lang='lat' dir='ltr'>quam</span> <span class='ocrx_word' id='word_1_36' title='bbox 231 485 389 530; x_wconf 84' lang='lat' dir='ltr'>apparet</span> <span class='ocrx_word' id='word_1_37' title='bbox 410 481 599 527; x_wconf 85' lang='lat' dir='ltr'>quomodo</span> <span class='ocrx_word' id='word_1_38' title='bbox 622 480 727 516; x_wconf 87' lang='lat' dir='ltr'>siluit</span> <span class='ocrx_word' id='word_1_39' title='bbox 752 479 880 516; x_wconf 88' lang='lat' dir='ltr'>Domi-</span> 
     </span>
     <span class='ocr_line' id='line_1_8' title="bbox 95 526 877 571; baseline -0.009 -2"><span class='ocrx_word' id='word_1_40' title='bbox 95 542 168 569; x_wconf 90' lang='lat' dir='ltr'>nus</span> <span class='ocrx_word' id='word_1_41' title='bbox 186 533 296 568; x_wconf 86' lang='lat' dir='ltr'>Jesus</span> <span class='ocrx_word' id='word_1_42' title='bbox 308 529 355 565; x_wconf 84' lang='lat' dir='ltr'>ad</span> <span class='ocrx_word' id='word_1_43' title='bbox 375 531 544 565; x_wconf 87' lang='lat' dir='ltr'>nostram</span> <span class='ocrx_word' id='word_1_44' title='bbox 566 526 877 571; x_wconf 72' lang='lat' dir='ltr'>instructionem3</span> 
     </span>
     <span class='ocr_line' id='line_1_9' title="bbox 97 574 881 621; baseline -0.006 -6"><span class='ocrx_word' id='word_1_45' title='bbox 97 582 135 616; x_wconf 85' lang='lat' dir='ltr'>et</span> <span class='ocrx_word' id='word_1_46' title='bbox 147 577 306 615; x_wconf 87' lang='lat' dir='ltr'>tacendo</span> <span class='ocrx_word' id='word_1_47' title='bbox 320 587 399 620; x_wconf 89' lang='lat' dir='ltr'>ore,</span> <span class='ocrx_word' id='word_1_48' title='bbox 418 575 595 611; x_wconf 80' lang='lat' dir='ltr'>instruxit</span> <span class='ocrx_word' id='word_1_49' title='bbox 612 585 738 621; x_wconf 89' lang='lat' dir='ltr'>opere.</span> <span class='ocrx_word' id='word_1_50' title='bbox 761 574 881 620; x_wconf 81' lang='lat' dir='ltr'>Ipsius</span> 
     </span>
     <span class='ocr_line' id='line_1_10' title="bbox 95 621 881 672; baseline -0.008 -10"><span class='ocrx_word' id='word_1_51' title='bbox 95 624 211 672; x_wconf 87' lang='lat' dir='ltr'>igitur</span> <span class='ocrx_word' id='word_1_52' title='bbox 230 624 400 670; x_wconf 86' lang='lat' dir='ltr'>exemplo</span> <span class='ocrx_word' id='word_1_53' title='bbox 423 623 530 659; x_wconf 86' lang='lat' dir='ltr'>stude</span> <span class='ocrx_word' id='word_1_54' title='bbox 557 627 592 658; x_wconf 91' lang='lat' dir='ltr'>ct</span> <span class='ocrx_word' id='word_1_55' title='bbox 616 626 655 658; x_wconf 87' lang='lat' dir='ltr'>tu</span> <span class='ocrx_word' id='word_1_56' title='bbox 684 621 881 657; x_wconf 86' lang='lat' dir='ltr'>taciturni-</span> 
     </span>
     <span class='ocr_line' id='line_1_11' title="bbox 95 668 882 718; baseline -0.006 -9"><span class='ocrx_word' id='word_1_57' title='bbox 95 671 164 709; x_wconf 76' lang='lat' dir='ltr'>tati</span> <span class='ocrx_word' id='word_1_58' title='bbox 185 683 194 716; x_wconf 92' lang='lat'>;</span> <span class='ocrx_word' id='word_1_59' title='bbox 217 671 317 718; x_wconf 91' lang='lat' dir='ltr'>quia,</span> <span class='ocrx_word' id='word_1_60' title='bbox 343 670 405 717; x_wconf 86' lang='lat' dir='ltr'>qui</span> <span class='ocrx_word' id='word_1_61' title='bbox 432 671 478 706; x_wconf 90' lang='lat' dir='ltr'>de</span> <span class='ocrx_word' id='word_1_62' title='bbox 505 669 681 706; x_wconf 86' lang='lat' dir='ltr'>omnibus</span> <span class='ocrx_word' id='word_1_63' title='bbox 702 673 813 712; x_wconf 88' lang='lat' dir='ltr'>tacet,</span> <span class='ocrx_word' id='word_1_64' title='bbox 836 668 882 704; x_wconf 91' lang='lat' dir='ltr'>de</span> 
     </span>
     <span class='ocr_line' id='line_1_12' title="bbox 96 716 881 765; baseline -0.006 -10"><span class='ocrx_word' id='word_1_65' title='bbox 96 718 274 756; x_wconf 90' lang='lat' dir='ltr'>omnibus</span> <span class='ocrx_word' id='word_1_66' title='bbox 285 728 415 765; x_wconf 84' lang='lat' dir='ltr'>pacem</span> <span class='ocrx_word' id='word_1_67' title='bbox 433 718 558 754; x_wconf 84' lang='lat' dir='ltr'>habet.</span> <span class='ocrx_word' id='word_1_68' title='bbox 572 717 701 760; x_wconf 81' lang='lat' dir='ltr'>Stude,</span> <span class='ocrx_word' id='word_1_69' title='bbox 713 716 881 762; x_wconf 79' lang='lat' dir='ltr'>inquam,</span> 
     </span>
     <span class='ocr_line' id='line_1_13' title="bbox 95 764 884 811; baseline -0.008 -8"><span class='ocrx_word' id='word_1_70' title='bbox 95 769 134 804; x_wconf 85' lang='lat' dir='ltr'>et</span> <span class='ocrx_word' id='word_1_71' title='bbox 150 765 291 809; x_wconf 84' lang='lat' dir='ltr'>nitere;</span> <span class='ocrx_word' id='word_1_72' title='bbox 315 765 416 811; x_wconf 84' lang='lat' dir='ltr'>quia,</span> <span class='ocrx_word' id='word_1_73' title='bbox 440 768 478 801; x_wconf 85' lang='lat' dir='ltr'>ut</span> <span class='ocrx_word' id='word_1_74' title='bbox 500 764 552 800; x_wconf 88' lang='lat' dir='ltr'>ait</span> <span class='ocrx_word' id='word_1_75' title='bbox 574 765 804 804; x_wconf 64' lang='lat' dir='ltr'>Ambrosius,</span> <span class='ocrx_word' id='word_1_76' title='bbox 827 774 884 798; x_wconf 85' lang='lat' dir='ltr'>ra-</span> 
     </span>
     <span class='ocr_line' id='line_1_14' title="bbox 96 811 882 856; baseline -0.006 -6"><span class='ocrx_word' id='word_1_77' title='bbox 96 813 177 850; x_wconf 87' lang='lat' dir='ltr'>rior</span> <span class='ocrx_word' id='word_1_78' title='bbox 194 816 251 849; x_wconf 87' lang='lat' dir='ltr'>est</span> <span class='ocrx_word' id='word_1_79' title='bbox 271 812 419 848; x_wconf 86' lang='lat' dir='ltr'>tacendi</span> <span class='ocrx_word' id='word_1_80' title='bbox 436 812 570 855; x_wconf 73' lang='lat' dir='ltr'>virtus,</span> <span class='ocrx_word' id='word_1_81' title='bbox 586 821 700 856; x_wconf 79' lang='lat' dir='ltr'>quam</span> <span class='ocrx_word' id='word_1_82' title='bbox 722 811 882 856; x_wconf 84' lang='lat' dir='ltr'>loquen-</span> 
     </span>
     <span class='ocr_line' id='line_1_15' title="bbox 93 857 882 903; baseline -0.008 -6"><span class='ocrx_word' id='word_1_83' title='bbox 93 859 147 897; x_wconf 89' lang='lat' dir='ltr'>di.</span> <span class='ocrx_word' id='word_1_84' title='bbox 183 859 318 896; x_wconf 77' lang='lat' dir='ltr'>Vidisti</span> <span class='ocrx_word' id='word_1_85' title='bbox 343 870 432 903; x_wconf 82' lang='lat' dir='ltr'>ergo</span> <span class='ocrx_word' id='word_1_86' title='bbox 470 858 609 902; x_wconf 75' lang='lat' dir='ltr'>ubique</span> <span class='ocrx_word' id='word_1_87' title='bbox 645 858 684 893; x_wconf 92' lang='lat' dir='ltr'>in</span> <span class='ocrx_word' id='word_1_88' title='bbox 724 857 882 892; x_wconf 82' lang='lat' dir='ltr'>Domino</span> 
     </span>
     <span class='ocr_line' id='line_1_16' title="bbox 94 905 882 950; baseline -0.009 -5"><span class='ocrx_word' id='word_1_89' title='bbox 94 909 186 945; x_wconf 85' lang='lat' dir='ltr'>Jesu</span> <span class='ocrx_word' id='word_1_90' title='bbox 216 905 468 943; x_wconf 74' lang='lat' dir='ltr'>humilitatem</span> <span class='ocrx_word' id='word_1_91' title='bbox 496 905 688 949; x_wconf 74' lang='lat' dir='ltr'><strong>redolere,</strong></span> <span class='ocrx_word' id='word_1_92' title='bbox 717 914 799 950; x_wconf 78' lang='lat' dir='ltr'>quae</span> <span class='ocrx_word' id='word_1_93' title='bbox 828 907 882 939; x_wconf 89' lang='lat' dir='ltr'>est</span> 
     </span>
     <span class='ocr_line' id='line_1_17' title="bbox 95 950 879 999; baseline -0.008 -8"><span class='ocrx_word' id='word_1_94' title='bbox 95 954 217 991; x_wconf 86' lang='lat' dir='ltr'>virtus</span> <span class='ocrx_word' id='word_1_95' title='bbox 229 953 446 999; x_wconf 80' lang='lat' dir='ltr'>magnifica,</span> <span class='ocrx_word' id='word_1_96' title='bbox 465 956 501 988; x_wconf 89' lang='lat' dir='ltr'>et</span> <span class='ocrx_word' id='word_1_97' title='bbox 524 952 631 988; x_wconf 84' lang='lat' dir='ltr'>valde</span> <span class='ocrx_word' id='word_1_98' title='bbox 647 950 857 987; x_wconf 87' lang='lat' dir='ltr'>necessaria</span> <span class='ocrx_word' id='word_1_99' title='bbox 872 962 879 994; x_wconf 89' lang='grc'>;</span> 
     </span>
     <span class='ocr_line' id='line_1_18' title="bbox 95 998 883 1048; baseline -0.009 -9"><span class='ocrx_word' id='word_1_100' title='bbox 95 1012 140 1039; x_wconf 85' lang='lat' dir='ltr'>eo</span> <span class='ocrx_word' id='word_1_101' title='bbox 174 1000 311 1048; x_wconf 83' lang='lat' dir='ltr'>quippe</span> <span class='ocrx_word' id='word_1_102' title='bbox 351 999 557 1036; x_wconf 80' lang='lat' dir='ltr'>studiosius</span> <span class='ocrx_word' id='word_1_103' title='bbox 591 998 809 1044; x_wconf 72' lang='lat' dir='ltr'>qurerenda,</span> <span class='ocrx_word' id='word_1_104' title='bbox 847 1001 883 1033; x_wconf 91' lang='lat' dir='ltr'>et</span> 
     </span>
     <span class='ocr_line' id='line_1_19' title="bbox 95 1045 882 1090; baseline -0.008 -5"><span class='ocrx_word' id='word_1_105' title='bbox 95 1048 211 1086; x_wconf 86' lang='lat' dir='ltr'>etiam</span> <span class='ocrx_word' id='word_1_106' title='bbox 232 1049 474 1084; x_wconf 76' lang='lat' dir='ltr'>affectuosius</span> <span class='ocrx_word' id='word_1_107' title='bbox 502 1047 666 1082; x_wconf 89' lang='lat' dir='ltr'>amanda</span> <span class='ocrx_word' id='word_1_108' title='bbox 689 1050 760 1089; x_wconf 88' lang='lat' dir='ltr'>est,</span> <span class='ocrx_word' id='word_1_109' title='bbox 794 1045 882 1090; x_wconf 89' lang='lat' dir='ltr'>quia</span> 
     </span>
     <span class='ocr_line' id='line_1_20' title="bbox 95 1092 880 1140; baseline -0.006 -8"><span class='ocrx_word' id='word_1_110' title='bbox 95 1095 279 1133; x_wconf 89' lang='lat' dir='ltr'>Dominus</span> <span class='ocrx_word' id='word_1_111' title='bbox 297 1095 335 1130; x_wconf 90' lang='lat' dir='ltr'>in</span> <span class='ocrx_word' id='word_1_112' title='bbox 358 1094 517 1140; x_wconf 85' lang='lat' dir='ltr'>singulis</span> <span class='ocrx_word' id='word_1_113' title='bbox 536 1093 681 1129; x_wconf 77' lang='lat' dir='ltr'>actibus</span> <span class='ocrx_word' id='word_1_114' title='bbox 700 1092 778 1128; x_wconf 90' lang='lat' dir='ltr'>suis</span> <span class='ocrx_word' id='word_1_115' title='bbox 801 1096 880 1128; x_wconf 87' lang='lat' dir='ltr'>stu-</span> 
     </span>
     <span class='ocr_line' id='line_1_21' title="bbox 97 1142 880 1187; baseline -0.005 -8"><span class='ocrx_word' id='word_1_116' title='bbox 97 1143 181 1180; x_wconf 90' lang='lat' dir='ltr'>duit</span> <span class='ocrx_word' id='word_1_117' title='bbox 204 1152 287 1179; x_wconf 90' lang='lat' dir='ltr'>eam</span> <span class='ocrx_word' id='word_1_118' title='bbox 304 1142 499 1187; x_wconf 86' lang='lat' dir='ltr'>signanter</span> <span class='ocrx_word' id='word_1_119' title='bbox 519 1142 737 1185; x_wconf 72' lang='lat' dir='ltr'>observare,</span> <span class='ocrx_word' id='word_1_120' title='bbox 760 1143 796 1175; x_wconf 90' lang='lat' dir='ltr'>et</span> <span class='ocrx_word' id='word_1_121' title='bbox 817 1150 880 1175; x_wconf 84' lang='lat' dir='ltr'>ex-</span> 
     </span>
     <span class='ocr_line' id='line_1_22' title="bbox 96 1188 705 1237; baseline -0.007 -10"><span class='ocrx_word' id='word_1_122' title='bbox 96 1190 262 1237; x_wconf 89' lang='lat' dir='ltr'>emplum</span> <span class='ocrx_word' id='word_1_123' title='bbox 283 1189 370 1225; x_wconf 88' lang='lat' dir='ltr'>inde</span> <span class='ocrx_word' id='word_1_124' title='bbox 391 1188 474 1225; x_wconf 90' lang='lat' dir='ltr'>aliis</span> <span class='ocrx_word' id='word_1_125' title='bbox 495 1188 705 1224; x_wconf 77' lang='lat' dir='ltr'>ostend‹·re.</span> 
     </span>
    </p>

    <p class='ocr_par' dir='ltr' id='par_1_3' title="bbox 90 1237 880 2754">
     <span class='ocr_line' id='line_1_23' title="bbox 148 1237 879 1274; baseline -0.005 0"><span class='ocrx_word' id='word_1_126' title='bbox 148 1238 188 1274; x_wconf 88' lang='lat'>15</span> <span class='ocrx_word' id='word_1_127' title='bbox 209 1239 378 1274; x_wconf 50' lang='lat' dir='ltr'>men-iis</span> <span class='ocrx_word' id='word_1_128' title='bbox 401 1248 486 1272; x_wconf 63' lang='lat' dir='ltr'>rosi*</span> <span class='ocrx_word' id='word_1_129' title='bbox 506 1237 649 1272; x_wconf 66' lang='lat' dir='ltr'>Cnmm</span> <span class='ocrx_word' id='word_1_130' title='bbox 673 1237 879 1271; x_wconf 47' lang='lat' dir='ltr'>Rammium</span> 
     </span>
     <span class='ocr_line' id='line_1_24' title="bbox 97 1282 880 1327; baseline -0.004 -6"><span class='ocrx_word' id='word_1_131' title='bbox 97 1295 270 1327; x_wconf 74' lang='lat' dir='ltr'>Quouono</span> <span class='ocrx_word' id='word_1_132' title='bbox 291 1296 532 1319; x_wconf 70' lang='lat' dir='ltr'>DlFFERENTER</span> <span class='ocrx_word' id='word_1_133' title='bbox 550 1295 737 1318; x_wconf 65' lang='lat' dir='ltr'>Arranclr.</span> <span class='ocrx_word' id='word_1_134' title='bbox 758 1304 804 1309; x_wconf 92' lang='lat'>—</span> <span class='ocrx_word' id='word_1_135' title='bbox 822 1282 880 1319; x_wconf 88' lang='lat' dir='ltr'>Sic</span> 
     </span>
     <span class='ocr_line' id='line_1_25' title="bbox 96 1330 880 1378; baseline -0.004 -10"><span class='ocrx_word' id='word_1_136' title='bbox 96 1343 188 1378; x_wconf 85' lang='lat' dir='ltr'>ergo</span> <span class='ocrx_word' id='word_1_137' title='bbox 203 1331 242 1368; x_wconf 89' lang='lat' dir='ltr'>in</span> <span class='ocrx_word' id='word_1_138' title='bbox 257 1332 327 1367; x_wconf 90' lang='lat' dir='ltr'>hoc</span> <span class='ocrx_word' id='word_1_139' title='bbox 341 1342 452 1377; x_wconf 90' lang='lat' dir='ltr'>opere</span> <span class='ocrx_word' id='word_1_140' title='bbox 467 1330 780 1366; x_wconf 76' lang='lat' dir='ltr'>excellentissimo</span> <span class='ocrx_word' id='word_1_141' title='bbox 802 1334 880 1365; x_wconf 86' lang='lat' dir='ltr'>tota</span> 
     </span>
     <span class='ocr_line' id='line_1_26' title="bbox 96 1378 878 1424; baseline -0.005 -8"><span class='ocrx_word' id='word_1_142' title='bbox 96 1379 260 1416; x_wconf 83' lang='lat' dir='ltr'>Trinitas</span> <span class='ocrx_word' id='word_1_143' title='bbox 297 1379 407 1414; x_wconf 86' lang='lat' dir='ltr'>modo</span> <span class='ocrx_word' id='word_1_144' title='bbox 440 1378 619 1424; x_wconf 69' lang='lat' dir='ltr'>singulari</span> <span class='ocrx_word' id='word_1_145' title='bbox 654 1388 693 1413; x_wconf 83' lang='lat' dir='ltr'>se</span> <span class='ocrx_word' id='word_1_146' title='bbox 721 1378 878 1413; x_wconf 81' lang='lat' dir='ltr'>manife-</span> 
     </span>
     <span class='ocr_line' id='line_1_27' title="bbox 96 1425 878 1472; baseline -0.004 -10"><span class='ocrx_word' id='word_1_147' title='bbox 96 1426 233 1462; x_wconf 85' lang='lat' dir='ltr'>stando</span> <span class='ocrx_word' id='word_1_148' title='bbox 255 1426 443 1472; x_wconf 86' lang='lat' dir='ltr'>apparuit,</span> <span class='ocrx_word' id='word_1_149' title='bbox 473 1426 575 1470; x_wconf 76' lang='lat' dir='ltr'>large</span> <span class='ocrx_word' id='word_1_150' title='bbox 603 1425 878 1471; x_wconf 85' lang='lat' dir='ltr'>apparitionem</span> 
     </span>
     <span class='ocr_line' id='line_1_28' title="bbox 97 1472 876 1519; baseline -0.005 -9"><span class='ocrx_word' id='word_1_151' title='bbox 97 1473 339 1519; x_wconf 81' lang='lat' dir='ltr'>accipiendo;</span> <span class='ocrx_word' id='word_1_152' title='bbox 364 1477 400 1508; x_wconf 84' lang='lat' dir='ltr'>et</span> <span class='ocrx_word' id='word_1_153' title='bbox 421 1473 472 1508; x_wconf 88' lang='lat' dir='ltr'>sic</span> <span class='ocrx_word' id='word_1_154' title='bbox 498 1472 691 1508; x_wconf 72' lang='lat' dir='ltr'>Trinitatis</span> <span class='ocrx_word' id='word_1_155' title='bbox 712 1482 876 1518; x_wconf 63' lang='lat' dir='ltr'>praesen-</span> 
     </span>
     <span class='ocr_line' id='line_1_29' title="bbox 95 1520 876 1566; baseline -0.005 -9"><span class='ocrx_word' id='word_1_156' title='bbox 95 1520 150 1557; x_wconf 88' lang='lat' dir='ltr'>tia</span> <span class='ocrx_word' id='word_1_157' title='bbox 173 1520 390 1566; x_wconf 81' lang='lat' dir='ltr'>Baptismus</span> <span class='ocrx_word' id='word_1_158' title='bbox 405 1523 659 1555; x_wconf 84' lang='lat' dir='ltr'>cousecratur.</span> <span class='ocrx_word' id='word_1_159' title='bbox 681 1521 791 1554; x_wconf 79' lang='lat' dir='ltr'>Pater</span> <span class='ocrx_word' id='word_1_160' title='bbox 811 1529 876 1564; x_wconf 90' lang='lat' dir='ltr'>ap-</span> 
     </span>
     <span class='ocr_line' id='line_1_30' title="bbox 95 1565 876 1615; baseline -0.004 -11"><span class='ocrx_word' id='word_1_161' title='bbox 95 1567 223 1615; x_wconf 89' lang='lat' dir='ltr'>paruit</span> <span class='ocrx_word' id='word_1_162' title='bbox 246 1567 283 1603; x_wconf 91' lang='lat' dir='ltr'>in</span> <span class='ocrx_word' id='word_1_163' title='bbox 304 1577 408 1611; x_wconf 78' lang='lat' dir='ltr'>voce,</span> <span class='ocrx_word' id='word_1_164' title='bbox 432 1567 547 1602; x_wconf 87' lang='lat' dir='ltr'>Filius</span> <span class='ocrx_word' id='word_1_165' title='bbox 572 1566 608 1601; x_wconf 91' lang='lat' dir='ltr'>in</span> <span class='ocrx_word' id='word_1_166' title='bbox 637 1565 790 1602; x_wconf 88' lang='lat' dir='ltr'>homine</span> <span class='ocrx_word' id='word_1_167' title='bbox 811 1576 876 1601; x_wconf 84' lang='lat' dir='ltr'>seu</span> 
     </span>
     <span class='ocr_line' id='line_1_31' title="bbox 96 1612 873 1660; baseline -0.005 -9"><span class='ocrx_word' id='word_1_168' title='bbox 96 1625 226 1659; x_wconf 86' lang='lat' dir='ltr'>carne,</span> <span class='ocrx_word' id='word_1_169' title='bbox 246 1614 407 1660; x_wconf 80' lang='lat' dir='ltr'>Spiritus</span> <span class='ocrx_word' id='word_1_170' title='bbox 432 1616 589 1650; x_wconf 82' lang='lat' dir='ltr'>Sanctus</span> <span class='ocrx_word' id='word_1_171' title='bbox 617 1613 654 1649; x_wconf 89' lang='lat' dir='ltr'>in</span> <span class='ocrx_word' id='word_1_172' title='bbox 685 1612 873 1648; x_wconf 88' lang='lat' dir='ltr'>columba.</span> 
     </span>
     <span class='ocr_line' id='line_1_32' title="bbox 96 1659 875 1706; baseline -0.005 -7"><span class='ocrx_word' id='word_1_173' title='bbox 96 1662 323 1699; x_wconf 82' lang='lat' dir='ltr'>Differenter</span> <span class='ocrx_word' id='word_1_174' title='bbox 340 1666 482 1705; x_wconf 87' lang='lat' dir='ltr'>tamen,</span> <span class='ocrx_word' id='word_1_175' title='bbox 505 1661 593 1706; x_wconf 84' lang='lat' dir='ltr'>quia</span> <span class='ocrx_word' id='word_1_176' title='bbox 623 1659 736 1696; x_wconf 87' lang='lat' dir='ltr'>Filius</span> <span class='ocrx_word' id='word_1_177' title='bbox 758 1670 875 1706; x_wconf 88' lang='lat' dir='ltr'>appa-</span> 
     </span>
     <span class='ocr_line' id='line_1_33' title="bbox 95 1707 872 1754; baseline -0.005 -8"><span class='ocrx_word' id='word_1_178' title='bbox 95 1709 170 1746; x_wconf 87' lang='lat' dir='ltr'>ruit</span> <span class='ocrx_word' id='word_1_179' title='bbox 190 1709 229 1745; x_wconf 92' lang='lat' dir='ltr'>in</span> <span class='ocrx_word' id='word_1_180' title='bbox 248 1708 400 1745; x_wconf 91' lang='lat' dir='ltr'>homine</span> <span class='ocrx_word' id='word_1_181' title='bbox 427 1708 465 1744; x_wconf 91' lang='lat' dir='ltr'>in</span> <span class='ocrx_word' id='word_1_182' title='bbox 496 1708 638 1744; x_wconf 88' lang='lat' dir='ltr'>unitate</span> <span class='ocrx_word' id='word_1_183' title='bbox 665 1707 845 1754; x_wconf 79' lang='lat' dir='ltr'>suppositi</span> <span class='ocrx_word' id='word_1_184' title='bbox 864 1718 872 1750; x_wconf 89' lang='lat'>;</span> 
     </span>
     <span class='ocr_line' id='line_1_34' title="bbox 94 1755 874 1803; baseline -0.005 -10"><span class='ocrx_word' id='word_1_185' title='bbox 94 1756 162 1794; x_wconf 89' lang='lat' dir='ltr'>sed</span> <span class='ocrx_word' id='word_1_186' title='bbox 188 1756 228 1792; x_wconf 89' lang='lat' dir='ltr'>in</span> <span class='ocrx_word' id='word_1_187' title='bbox 251 1755 487 1803; x_wconf 87' lang='lat' dir='ltr'>apparitione</span> <span class='ocrx_word' id='word_1_188' title='bbox 515 1755 672 1792; x_wconf 85' lang='lat' dir='ltr'>aliarum</span> <span class='ocrx_word' id='word_1_189' title='bbox 694 1765 874 1801; x_wconf 84' lang='lat' dir='ltr'>persona-</span> 
     </span>
     <span class='ocr_line' id='line_1_35' title="bbox 93 1802 874 1849; baseline -0.004 -8"><span class='ocrx_word' id='word_1_190' title='bbox 93 1814 178 1841; x_wconf 87' lang='lat' dir='ltr'>rum</span> <span class='ocrx_word' id='word_1_191' title='bbox 196 1807 278 1840; x_wconf 89' lang='lat' dir='ltr'>erat</span> <span class='ocrx_word' id='word_1_192' title='bbox 296 1803 383 1839; x_wconf 89' lang='lat' dir='ltr'>unio</span> <span class='ocrx_word' id='word_1_193' title='bbox 400 1814 466 1849; x_wconf 87' lang='lat' dir='ltr'>per</span> <span class='ocrx_word' id='word_1_194' title='bbox 480 1804 632 1839; x_wconf 84' lang='lat' dir='ltr'>modum</span> <span class='ocrx_word' id='word_1_195' title='bbox 649 1802 758 1846; x_wconf 78' lang='lat' dir='ltr'>signi.</span> <span class='ocrx_word' id='word_1_196' title='bbox 779 1802 874 1838; x_wconf 89' lang='lat' dir='ltr'>Caro</span> 
     </span>
     <span class='ocr_line' id='line_1_36' title="bbox 93 1849 875 1895; baseline -0.003 -8"><span class='ocrx_word' id='word_1_197' title='bbox 93 1850 195 1888; x_wconf 89' lang='lat' dir='ltr'>enim</span> <span class='ocrx_word' id='word_1_198' title='bbox 221 1849 327 1887; x_wconf 88' lang='lat' dir='ltr'>unita</span> <span class='ocrx_word' id='word_1_199' title='bbox 347 1854 428 1886; x_wconf 87' lang='lat' dir='ltr'>erat</span> <span class='ocrx_word' id='word_1_200' title='bbox 447 1850 538 1885; x_wconf 83' lang='lat' dir='ltr'>Filio</span> <span class='ocrx_word' id='word_1_201' title='bbox 566 1850 603 1886; x_wconf 91' lang='lat' dir='ltr'>in</span> <span class='ocrx_word' id='word_1_202' title='bbox 626 1850 767 1886; x_wconf 90' lang='lat' dir='ltr'>unitate</span> <span class='ocrx_word' id='word_1_203' title='bbox 788 1860 875 1895; x_wconf 92' lang='lat' dir='ltr'>sup-</span> 
     </span>
     <span class='ocr_line' id='line_1_37' title="bbox 94 1897 874 1945; baseline -0.004 -11"><span class='ocrx_word' id='word_1_204' title='bbox 94 1897 230 1945; x_wconf 90' lang='lat' dir='ltr'>positi;</span> <span class='ocrx_word' id='word_1_205' title='bbox 253 1908 322 1933; x_wconf 80' lang='lat' dir='ltr'>vox</span> <span class='ocrx_word' id='word_1_206' title='bbox 358 1900 482 1932; x_wconf 87' lang='lat' dir='ltr'>autem</span> <span class='ocrx_word' id='word_1_207' title='bbox 520 1901 554 1931; x_wconf 87' lang='lat' dir='ltr'>et</span> <span class='ocrx_word' id='word_1_208' title='bbox 592 1897 768 1932; x_wconf 89' lang='lat' dir='ltr'>columba</span> <span class='ocrx_word' id='word_1_209' title='bbox 800 1907 874 1932; x_wconf 90' lang='lat' dir='ltr'>non</span> 
     </span>
     <span class='ocr_line' id='line_1_38' title="bbox 94 1943 876 1989; baseline -0.003 -8"><span class='ocrx_word' id='word_1_210' title='bbox 94 1946 283 1981; x_wconf 84' lang='lat' dir='ltr'>habebant</span> <span class='ocrx_word' id='word_1_211' title='bbox 306 1943 489 1980; x_wconf 86' lang='lat' dir='ltr'>unitatem</span> <span class='ocrx_word' id='word_1_212' title='bbox 509 1943 692 1989; x_wconf 84' lang='lat' dir='ltr'>suppositi</span> <span class='ocrx_word' id='word_1_213' title='bbox 708 1954 791 1979; x_wconf 84' lang='lat' dir='ltr'>cum</span> <span class='ocrx_word' id='word_1_214' title='bbox 809 1944 876 1979; x_wconf 85' lang='lat' dir='ltr'>Pa-</span> 
     </span>
     <span class='ocr_line' id='line_1_39' title="bbox 95 1990 874 2038; baseline -0.005 -10"><span class='ocrx_word' id='word_1_215' title='bbox 95 1998 153 2028; x_wconf 87' lang='lat' dir='ltr'>tre</span> <span class='ocrx_word' id='word_1_216' title='bbox 174 1995 212 2028; x_wconf 86' lang='lat' dir='ltr'>et</span> <span class='ocrx_word' id='word_1_217' title='bbox 231 1991 370 2038; x_wconf 87' lang='lat' dir='ltr'>Spiritu</span> <span class='ocrx_word' id='word_1_218' title='bbox 403 1992 554 2033; x_wconf 82' lang='lat' dir='ltr'>Sancto,</span> <span class='ocrx_word' id='word_1_219' title='bbox 577 1990 641 2026; x_wconf 88' lang='lat' dir='ltr'>scd</span> <span class='ocrx_word' id='word_1_220' title='bbox 666 1993 814 2025; x_wconf 86' lang='lat' dir='ltr'>tantum</span> <span class='ocrx_word' id='word_1_221' title='bbox 837 1990 874 2025; x_wconf 89' lang='lat' dir='ltr'>iu</span> 
     </span>
     <span class='ocr_line' id='line_1_40' title="bbox 94 2037 872 2086; baseline -0.004 -11"><span class='ocrx_word' id='word_1_222' title='bbox 94 2038 388 2086; x_wconf 64' lang='lat' dir='ltr'>praesentatione</span> <span class='ocrx_word' id='word_1_223' title='bbox 406 2037 516 2084; x_wconf 82' lang='lat' dir='ltr'>signi.</span> <span class='ocrx_word' id='word_1_224' title='bbox 536 2040 575 2073; x_wconf 90' lang='lat' dir='ltr'>In</span> <span class='ocrx_word' id='word_1_225' title='bbox 589 2037 765 2073; x_wconf 86' lang='lat' dir='ltr'>columba</span> <span class='ocrx_word' id='word_1_226' title='bbox 783 2047 872 2082; x_wconf 84' lang='lat' dir='ltr'>ergo</span> 
     </span>
     <span class='ocr_line' id='line_1_41' title="bbox 93 2083 874 2133; baseline -0.005 -10"><span class='ocrx_word' id='word_1_227' title='bbox 93 2086 161 2124; x_wconf 79' lang='lat' dir='ltr'>suit</span> <span class='ocrx_word' id='word_1_228' title='bbox 183 2085 356 2133; x_wconf 74' lang='lat' dir='ltr'>Spiritus,</span> <span class='ocrx_word' id='word_1_229' title='bbox 379 2097 451 2121; x_wconf 91' lang='lat' dir='ltr'>non</span> <span class='ocrx_word' id='word_1_230' title='bbox 470 2084 630 2131; x_wconf 83' lang='lat' dir='ltr'>Spiritus</span> <span class='ocrx_word' id='word_1_231' title='bbox 647 2083 715 2120; x_wconf 89' lang='lat' dir='ltr'>suit</span> <span class='ocrx_word' id='word_1_232' title='bbox 732 2085 874 2120; x_wconf 87' lang='lat' dir='ltr'>colum-</span> 
     </span>
     <span class='ocr_line' id='line_1_42' title="bbox 93 2130 874 2180; baseline -0.006 -9"><span class='ocrx_word' id='word_1_233' title='bbox 93 2134 155 2178; x_wconf 87' lang='lat' dir='ltr'>ba,</span> <span class='ocrx_word' id='word_1_234' title='bbox 171 2144 255 2180; x_wconf 85' lang='lat' dir='ltr'>quae</span> <span class='ocrx_word' id='word_1_235' title='bbox 275 2133 307 2169; x_wconf 89' lang='lat' dir='ltr'>ei</span> <span class='ocrx_word' id='word_1_236' title='bbox 328 2137 455 2169; x_wconf 87' lang='lat' dir='ltr'>tamen</span> <span class='ocrx_word' id='word_1_237' title='bbox 476 2144 548 2168; x_wconf 90' lang='lat' dir='ltr'>non</span> <span class='ocrx_word' id='word_1_238' title='bbox 567 2131 635 2168; x_wconf 85' lang='lat' dir='ltr'>suit</span> <span class='ocrx_word' id='word_1_239' title='bbox 652 2130 776 2175; x_wconf 74' lang='lat' dir='ltr'>unita,</span> <span class='ocrx_word' id='word_1_240' title='bbox 799 2142 874 2167; x_wconf 89' lang='lat' dir='ltr'>non</span> 
     </span>
     <span class='ocr_line' id='line_1_43' title="bbox 92 2179 875 2225; baseline -0.006 -7"><span class='ocrx_word' id='word_1_241' title='bbox 92 2181 194 2218; x_wconf 81' lang='lat' dir='ltr'>enim</span> <span class='ocrx_word' id='word_1_242' title='bbox 215 2181 283 2218; x_wconf 84' lang='lat' dir='ltr'>suit</span> <span class='ocrx_word' id='word_1_243' title='bbox 306 2181 600 2224; x_wconf 74' lang='lat' dir='ltr'>incolumbatus,</span> <span class='ocrx_word' id='word_1_244' title='bbox 629 2179 716 2225; x_wconf 81' lang='lat' dir='ltr'>quia</span> <span class='ocrx_word' id='word_1_245' title='bbox 737 2183 875 2225; x_wconf 79' lang='lat' dir='ltr'>praeter</span> 
     </span>
     <span class='ocr_line' id='line_1_44' title="bbox 93 2230 874 2272; baseline -0.004 -7"><span class='ocrx_word' id='word_1_246' title='bbox 93 2232 267 2265; x_wconf 84' lang='lat' dir='ltr'>naturam</span> <span class='ocrx_word' id='word_1_247' title='bbox 294 2230 499 2264; x_wconf 83' lang='lat' dir='ltr'>humanam</span> <span class='ocrx_word' id='word_1_248' title='bbox 535 2237 738 2272; x_wconf 80' lang='lat' dir='ltr'>numquam</span> <span class='ocrx_word' id='word_1_249' title='bbox 770 2237 874 2262; x_wconf 78' lang='lat' dir='ltr'>crea-</span> 
     </span>
     <span class='ocr_line' id='line_1_45' title="bbox 91 2273 875 2322; baseline -0.005 -10"><span class='ocrx_word' id='word_1_250' title='bbox 91 2281 178 2312; x_wconf 81' lang='lat' dir='ltr'>tura</span> <span class='ocrx_word' id='word_1_251' title='bbox 219 2275 345 2322; x_wconf 80' lang='lat' dir='ltr'>aliqua</span> <span class='ocrx_word' id='word_1_252' title='bbox 390 2275 458 2311; x_wconf 88' lang='lat' dir='ltr'>suit</span> <span class='ocrx_word' id='word_1_253' title='bbox 509 2277 583 2311; x_wconf 75' lang='lat' dir='ltr'>Deo</span> <span class='ocrx_word' id='word_1_254' title='bbox 624 2273 875 2320; x_wconf 75' lang='lat' dir='ltr'>personaliter</span> 
     </span>
     <span class='ocr_line' id='line_1_46' title="bbox 92 2321 874 2368; baseline -0.005 -9"><span class='ocrx_word' id='word_1_255' title='bbox 92 2322 223 2367; x_wconf 87' lang='lat' dir='ltr'>unita;</span> <span class='ocrx_word' id='word_1_256' title='bbox 246 2333 314 2359; x_wconf 89' lang='lat' dir='ltr'>nec</span> <span class='ocrx_word' id='word_1_257' title='bbox 335 2322 445 2358; x_wconf 87' lang='lat' dir='ltr'>insuit</span> <span class='ocrx_word' id='word_1_258' title='bbox 467 2322 499 2358; x_wconf 78' lang='lat' dir='ltr'>ci</span> <span class='ocrx_word' id='word_1_259' title='bbox 523 2333 589 2368; x_wconf 83' lang='lat' dir='ltr'>per</span> <span class='ocrx_word' id='word_1_260' title='bbox 610 2321 784 2367; x_wconf 80' lang='lat' dir='ltr'>gratiam,</span> <span class='ocrx_word' id='word_1_261' title='bbox 808 2321 874 2356; x_wconf 79' lang='lat' dir='ltr'>sed</span> 
     </span>
     <span class='ocr_line' id='line_1_47' title="bbox 90 2369 871 2417; baseline -0.004 -11"><span class='ocrx_word' id='word_1_262' title='bbox 90 2380 161 2417; x_wconf 85' lang='lat' dir='ltr'>per</span> <span class='ocrx_word' id='word_1_263' title='bbox 198 2369 476 2416; x_wconf 85' lang='lat' dir='ltr'>apparitionem</span> <span class='ocrx_word' id='word_1_264' title='bbox 505 2374 539 2405; x_wconf 89' lang='lat' dir='ltr'>et</span> <span class='ocrx_word' id='word_1_265' title='bbox 568 2369 740 2414; x_wconf 62' lang='lat' dir='ltr'>signium</span> <span class='ocrx_word' id='word_1_266' title='bbox 774 2379 871 2414; x_wconf 64' lang='lat' dir='ltr'>quzc,</span> 
     </span>
     <span class='ocr_line' id='line_1_48' title="bbox 90 2415 871 2470; baseline -0.005 -16"><span class='ocrx_word' id='word_1_267' title='bbox 90 2420 245 2470; x_wconf 82' lang='lat' dir='ltr'>peracto</span> <span class='ocrx_word' id='word_1_268' title='bbox 258 2417 382 2453; x_wconf 84' lang='lat' dir='ltr'>osticio</span> <span class='ocrx_word' id='word_1_269' title='bbox 397 2428 463 2453; x_wconf 78' lang='lat' dir='ltr'>suo</span> <span class='ocrx_word' id='word_1_270' title='bbox 479 2421 561 2463; x_wconf 84' lang='lat' dir='ltr'>post</span> <span class='ocrx_word' id='word_1_271' title='bbox 581 2415 871 2462; x_wconf 80' lang='lat' dir='ltr'>apparitionem,</span> 
     </span>
     <span class='ocr_line' id='line_1_49' title="bbox 92 2464 871 2518; baseline -0.004 -17"><span class='ocrx_word' id='word_1_272' title='bbox 92 2475 132 2501; x_wconf 92' lang='lat' dir='ltr'>1n</span> <span class='ocrx_word' id='word_1_273' title='bbox 149 2464 493 2518; x_wconf 74' lang='lat' dir='ltr'>primortlialem,et</span> <span class='ocrx_word' id='word_1_274' title='bbox 509 2464 775 2510; x_wconf 70' lang='lat' dir='ltr'>pra¹Jacentem</span> <span class='ocrx_word' id='word_1_275' title='bbox 794 2473 871 2499; x_wconf 89' lang='lat' dir='ltr'>ma-</span> 
     </span>
     <span class='ocr_line' id='line_1_50' title="bbox 90 2510 870 2556; baseline -0.003 -8"><span class='ocrx_word' id='word_1_276' title='bbox 90 2515 226 2548; x_wconf 84' lang='lat' dir='ltr'>teriam</span> <span class='ocrx_word' id='word_1_277' title='bbox 272 2511 396 2556; x_wconf 85' lang='lat' dir='ltr'>rediit,</span> <span class='ocrx_word' id='word_1_278' title='bbox 424 2512 523 2547; x_wconf 72' lang='lat' dir='ltr'>unile</span> <span class='ocrx_word' id='word_1_279' title='bbox 557 2514 704 2556; x_wconf 90' lang='lat' dir='ltr'>sumpta</span> <span class='ocrx_word' id='word_1_280' title='bbox 737 2510 870 2554; x_wconf 66' lang='lat' dir='ltr'>sut-rat,</span> 
     </span>
     <span class='ocr_line' id='line_1_51' title="bbox 92 2557 871 2603; baseline -0.004 -7"><span class='ocrx_word' id='word_1_281' title='bbox 92 2560 192 2596; x_wconf 84' lang='lat' dir='ltr'>sicut</span> <span class='ocrx_word' id='word_1_282' title='bbox 211 2561 324 2596; x_wconf 87' lang='lat' dir='ltr'>etiam</span> <span class='ocrx_word' id='word_1_283' title='bbox 346 2559 507 2595; x_wconf 83' lang='lat' dir='ltr'>sentitur</span> <span class='ocrx_word' id='word_1_284' title='bbox 524 2559 570 2594; x_wconf 87' lang='lat' dir='ltr'>de</span> <span class='ocrx_word' id='word_1_285' title='bbox 586 2558 668 2594; x_wconf 87' lang='lat' dir='ltr'>aliis</span> <span class='ocrx_word' id='word_1_286' title='bbox 686 2557 817 2603; x_wconf 82' lang='lat' dir='ltr'>liguris</span> <span class='ocrx_word' id='word_1_287' title='bbox 833 2558 871 2593; x_wconf 91' lang='lat' dir='ltr'>in</span> 
     </span>
     <span class='ocr_line' id='line_1_52' title="bbox 92 2605 872 2654; baseline -0.003 -11"><span class='ocrx_word' id='word_1_288' title='bbox 92 2606 231 2654; x_wconf 87' lang='lat' dir='ltr'>quibus</span> <span class='ocrx_word' id='word_1_289' title='bbox 266 2606 446 2643; x_wconf 82' lang='lat' dir='ltr'>Dominus</span> <span class='ocrx_word' id='word_1_290' title='bbox 477 2605 663 2652; x_wconf 62' lang='lat' dir='ltr'>apparuit.</span> <span class='ocrx_word' id='word_1_291' title='bbox 690 2605 872 2651; x_wconf 81' lang='lat' dir='ltr'>Apparuit</span> 
     </span>
     <span class='ocr_line' id='line_1_53' title="bbox 91 2653 870 2701; baseline -0.001 -11"><span class='ocrx_word' id='word_1_292' title='bbox 91 2657 218 2690; x_wconf 86' lang='lat' dir='ltr'>autem</span> <span class='ocrx_word' id='word_1_293' title='bbox 238 2654 457 2701; x_wconf 84' lang='lat' dir='ltr'>mysterium</span> <span class='ocrx_word' id='word_1_294' title='bbox 479 2653 685 2697; x_wconf 82' lang='lat' dir='ltr'>Trinitatis,</span> <span class='ocrx_word' id='word_1_295' title='bbox 714 2654 870 2689; x_wconf 84' lang='lat' dir='ltr'>Domino</span> 
     </span>
     <span class='ocr_line' id='line_1_54' title="bbox 92 2700 868 2754; baseline -0.003 -16"><span class='ocrx_word' id='word_1_296' title='bbox 92 2700 296 2754; x_wconf 85' lang='lat' dir='ltr'>baptizato,</span> <span class='ocrx_word' id='word_1_297' title='bbox 319 2706 355 2738; x_wconf 89' lang='lat' dir='ltr'>et</span> <span class='ocrx_word' id='word_1_298' title='bbox 378 2712 452 2737; x_wconf 90' lang='lat' dir='ltr'>non</span> <span class='ocrx_word' id='word_1_299' title='bbox 476 2711 560 2737; x_wconf 88' lang='lat' dir='ltr'>cum</span> <span class='ocrx_word' id='word_1_300' title='bbox 593 2700 868 2747; x_wconf 82' lang='lat' dir='ltr'>baptizaretur3</span> 
     </span>
    </p>

    <p class='ocr_par' dir='ltr' id='par_1_4' title="bbox 149 2748 868 2796">
     <span class='ocr_line' id='line_1_55' title="bbox 149 2748 868 2796; baseline -0.001 -12"><span class='ocrx_word' id='word_1_301' title='bbox 149 2759 184 2785; x_wconf 82' lang='lat' dir='ltr'>la</span> <span class='ocrx_word' id='word_1_302' title='bbox 215 2759 300 2786; x_wconf 89' lang='lat' dir='ltr'>cum</span> <span class='ocrx_word' id='word_1_303' title='bbox 327 2760 402 2785; x_wconf 89' lang='lat' dir='ltr'>non</span> <span class='ocrx_word' id='word_1_304' title='bbox 437 2752 565 2796; x_wconf 82' lang='lat' dir='ltr'>egeret</span> <span class='ocrx_word' id='word_1_305' title='bbox 603 2748 725 2794; x_wconf 79' lang='lat' dir='ltr'>gratia</span> <span class='ocrx_word' id='word_1_306' title='bbox 761 2758 868 2784; x_wconf 89' lang='lat' dir='ltr'>mun·</span> 
     </span>
    </p>

    <p class='ocr_par' dir='ltr' id='par_1_5' title="bbox 119 2795 867 2844">
     <span class='ocr_line' id='line_1_56' title="bbox 119 2795 867 2844; baseline 0.003 -13"><span class='ocrx_word' id='word_1_307' title='bbox 119 2799 222 2843; x_wconf 90' lang='lat' dir='ltr'>ante,</span> <span class='ocrx_word' id='word_1_308' title='bbox 236 2807 313 2834; x_wconf 89' lang='lat' dir='ltr'>non</span> <span class='ocrx_word' id='word_1_309' title='bbox 332 2800 388 2834; x_wconf 87' lang='lat' dir='ltr'>est</span> <span class='ocrx_word' id='word_1_310' title='bbox 405 2796 616 2844; x_wconf 89' lang='lat' dir='ltr'>baptizatus</span> <span class='ocrx_word' id='word_1_311' title='bbox 637 2795 867 2843; x_wconf 88' lang='lat' dir='ltr'>Baptismate</span> 
     </span>
    </p>
   </div>
   <div class='ocr_carea' id='block_1_3' title="bbox 947 246 1740 2842">
    <p class='ocr_par' dir='ltr' id='par_1_6' title="bbox 947 246 1740 2842">
     <span class='ocr_line' id='line_1_57' title="bbox 957 246 1738 298; baseline 0.012 -18"><span class='ocrx_word' id='word_1_312' title='bbox 957 255 1039 289; x_wconf 81' lang='lat' dir='ltr'>sue,</span> <span class='ocrx_word' id='word_1_313' title='bbox 1066 246 1132 298; x_wconf 78' lang='lat' dir='ltr'>sed</span> <span class='ocrx_word' id='word_1_314' title='bbox 1167 249 1339 285; x_wconf 85' lang='lat' dir='ltr'>Joannis.</span> <span class='ocrx_word' id='word_1_315' title='bbox 1367 251 1581 297; x_wconf 89' lang='lat' dir='ltr'>Baptismus</span> <span class='ocrx_word' id='word_1_316' title='bbox 1611 255 1738 290; x_wconf 87' lang='lat' dir='ltr'>autem</span> 
     </span>
     <span class='ocr_line' id='line_1_58' title="bbox 955 293 1736 344; baseline 0.012 -17"><span class='ocrx_word' id='word_1_317' title='bbox 955 294 1112 344; x_wconf 82' lang='lat' dir='ltr'>Joannis</span> <span class='ocrx_word' id='word_1_318' title='bbox 1131 293 1293 331; x_wconf 87' lang='lat' dir='ltr'>dabatur</span> <span class='ocrx_word' id='word_1_319' title='bbox 1319 296 1356 332; x_wconf 89' lang='lat' dir='ltr'>in</span> <span class='ocrx_word' id='word_1_320' title='bbox 1384 298 1535 334; x_wconf 89' lang='lat' dir='ltr'>nomine</span> <span class='ocrx_word' id='word_1_321' title='bbox 1562 299 1736 344; x_wconf 83' lang='lat' dir='ltr'>venturi;</span> 
     </span>
     <span class='ocr_line' id='line_1_59' title="bbox 957 341 1739 393; baseline 0.012 -19"><span class='ocrx_word' id='word_1_322' title='bbox 957 341 1285 393; x_wconf 42' lang='lat' dir='ltr'>Baptismus-vero</span> <span class='ocrx_word' id='word_1_323' title='bbox 1315 344 1447 380; x_wconf 71' lang='lat' dir='ltr'>Christi</span> <span class='ocrx_word' id='word_1_324' title='bbox 1475 346 1585 382; x_wconf 84' lang='lat' dir='ltr'>datur</span> <span class='ocrx_word' id='word_1_325' title='bbox 1608 346 1647 382; x_wconf 90' lang='lat' dir='ltr'>in</span> <span class='ocrx_word' id='word_1_326' title='bbox 1673 357 1739 383; x_wconf 88' lang='lat' dir='ltr'>no-</span> 
     </span>
     <span class='ocr_line' id='line_1_60' title="bbox 955 388 1738 440; baseline 0.011 -19"><span class='ocrx_word' id='word_1_327' title='bbox 955 397 1056 440; x_wconf 79' lang='lat' dir='ltr'>mine</span> <span class='ocrx_word' id='word_1_328' title='bbox 1090 388 1309 440; x_wconf 76' lang='lat' dir='ltr'>Trinitatis;</span> <span class='ocrx_word' id='word_1_329' title='bbox 1339 394 1375 426; x_wconf 89' lang='lat' dir='ltr'>et</span> <span class='ocrx_word' id='word_1_330' title='bbox 1396 391 1479 427; x_wconf 80' lang='lat' dir='ltr'>ideo</span> <span class='ocrx_word' id='word_1_331' title='bbox 1509 404 1583 428; x_wconf 90' lang='lat' dir='ltr'>non</span> <span class='ocrx_word' id='word_1_332' title='bbox 1611 394 1738 430; x_wconf 82' lang='lat' dir='ltr'>decuit</span> 
     </span>
     <span class='ocr_line' id='line_1_61' title="bbox 956 435 1737 483; baseline 0.012 -15"><span class='ocrx_word' id='word_1_333' title='bbox 956 445 993 469; x_wconf 87' lang='lat' dir='ltr'>in</span> <span class='ocrx_word' id='word_1_334' title='bbox 1019 437 1104 470; x_wconf 87' lang='lat' dir='ltr'>actu</span> <span class='ocrx_word' id='word_1_335' title='bbox 1126 435 1322 480; x_wconf 86' lang='lat' dir='ltr'>Baptismi,</span> <span class='ocrx_word' id='word_1_336' title='bbox 1352 438 1417 473; x_wconf 86' lang='lat' dir='ltr'>sed</span> <span class='ocrx_word' id='word_1_337' title='bbox 1447 443 1576 483; x_wconf 84' lang='lat' dir='ltr'>postca</span> <span class='ocrx_word' id='word_1_338' title='bbox 1598 451 1737 477; x_wconf 89' lang='lat' dir='ltr'>nomen</span> 
     </span>
     <span class='ocr_line' id='line_1_62' title="bbox 955 480 1737 534; baseline 0.01 -18"><span class='ocrx_word' id='word_1_339' title='bbox 955 480 1150 517; x_wconf 86' lang='lat' dir='ltr'>Trinitatis</span> <span class='ocrx_word' id='word_1_340' title='bbox 1182 481 1373 528; x_wconf 88' lang='lat' dir='ltr'>explicari,</span> <span class='ocrx_word' id='word_1_341' title='bbox 1409 488 1447 519; x_wconf 87' lang='lat' dir='ltr'>ut</span> <span class='ocrx_word' id='word_1_342' title='bbox 1470 485 1650 523; x_wconf 84' lang='lat' dir='ltr'>distantia</span> <span class='ocrx_word' id='word_1_343' title='bbox 1670 497 1737 534; x_wconf 87' lang='lat' dir='ltr'>pa-</span> 
     </span>
     <span class='ocr_line' id='line_1_63' title="bbox 955 527 1738 581; baseline 0.009 -18"><span class='ocrx_word' id='word_1_344' title='bbox 955 531 1063 581; x_wconf 43' lang='lat' dir='ltr'>teret·</span> <span class='ocrx_word' id='word_1_345' title='bbox 1088 527 1188 564; x_wconf 86' lang='lat' dir='ltr'>inter</span> <span class='ocrx_word' id='word_1_346' title='bbox 1215 529 1442 575; x_wconf 85' lang='lat' dir='ltr'>baptismum</span> <span class='ocrx_word' id='word_1_347' title='bbox 1466 533 1644 578; x_wconf 87' lang='lat' dir='ltr'>Joannis,</span> <span class='ocrx_word' id='word_1_348' title='bbox 1674 533 1738 580; x_wconf 91' lang='lat' dir='ltr'>qui</span> 
     </span>
     <span class='ocr_line' id='line_1_64' title="bbox 957 575 1739 624; baseline 0.008 -13"><span class='ocrx_word' id='word_1_349' title='bbox 957 586 1033 611; x_wconf 92' lang='lat' dir='ltr'>non</span> <span class='ocrx_word' id='word_1_350' title='bbox 1054 586 1093 611; x_wconf 83' lang='lat'>111</span> <span class='ocrx_word' id='word_1_351' title='bbox 1118 575 1272 612; x_wconf 89' lang='lat' dir='ltr'>nomine</span> <span class='ocrx_word' id='word_1_352' title='bbox 1292 577 1485 613; x_wconf 89' lang='lat' dir='ltr'>Trinitatis</span> <span class='ocrx_word' id='word_1_353' title='bbox 1507 579 1680 624; x_wconf 80' lang='lat' dir='ltr'>(labatur,</span> <span class='ocrx_word' id='word_1_354' title='bbox 1702 583 1739 616; x_wconf 84' lang='lat' dir='ltr'>et</span> 
     </span>
     <span class='ocr_line' id='line_1_65' title="bbox 956 622 1739 669; baseline 0.006 -11"><span class='ocrx_word' id='word_1_355' title='bbox 956 622 1055 658; x_wconf 90' lang='lat' dir='ltr'>inter</span> <span class='ocrx_word' id='word_1_356' title='bbox 1090 622 1322 669; x_wconf 87' lang='lat' dir='ltr'>Baptismum</span> <span class='ocrx_word' id='word_1_357' title='bbox 1363 624 1514 668; x_wconf 83' lang='lat' dir='ltr'>Christi,</span> <span class='ocrx_word' id='word_1_358' title='bbox 1556 626 1614 661; x_wconf 92' lang='lat' dir='ltr'>cui</span> <span class='ocrx_word' id='word_1_359' title='bbox 1658 628 1739 663; x_wconf 72' lang='lat' dir='ltr'>lime</span> 
     </span>
     <span class='ocr_line' id='line_1_66' title="bbox 958 670 1738 722; baseline 0.005 -17"><span class='ocrx_word' id='word_1_360' title='bbox 958 670 1080 722; x_wconf 79' lang='lat' dir='ltr'>forma</span> <span class='ocrx_word' id='word_1_361' title='bbox 1100 670 1333 707; x_wconf 85' lang='lat' dir='ltr'>servabatur.</span> <span class='ocrx_word' id='word_1_362' title='bbox 1358 672 1400 706; x_wconf 87' lang='lat' dir='ltr'>Et</span> <span class='ocrx_word' id='word_1_363' title='bbox 1436 682 1503 717; x_wconf 90' lang='lat' dir='ltr'>per</span> <span class='ocrx_word' id='word_1_364' title='bbox 1530 672 1643 708; x_wconf 89' lang='lat' dir='ltr'>talem</span> <span class='ocrx_word' id='word_1_365' title='bbox 1672 684 1738 719; x_wconf 89' lang='lat' dir='ltr'>ap-</span> 
     </span>
     <span class='ocr_line' id='line_1_67' title="bbox 957 717 1737 764; baseline 0.004 -12"><span class='ocrx_word' id='word_1_366' title='bbox 957 721 1183 763; x_wconf 82' lang='lat' dir='ltr'>paritionem</span> <span class='ocrx_word' id='word_1_367' title='bbox 1207 717 1401 753; x_wconf 89' lang='lat' dir='ltr'>Trinitatis</span> <span class='ocrx_word' id='word_1_368' title='bbox 1419 718 1606 764; x_wconf 84' lang='lat' dir='ltr'>baptizato</span> <span class='ocrx_word' id='word_1_369' title='bbox 1631 720 1737 755; x_wconf 89' lang='lat' dir='ltr'>Chri-</span> 
     </span>
     <span class='ocr_line' id='line_1_68' title="bbox 959 764 1740 812; baseline 0.004 -12"><span class='ocrx_word' id='word_1_370' title='bbox 959 768 1016 800; x_wconf 88' lang='lat' dir='ltr'>sto</span> <span class='ocrx_word' id='word_1_371' title='bbox 1047 764 1198 809; x_wconf 87' lang='lat' dir='ltr'>factam,</span> <span class='ocrx_word' id='word_1_372' title='bbox 1237 764 1492 810; x_wconf 82' lang='lat' dir='ltr'>significatum</span> <span class='ocrx_word' id='word_1_373' title='bbox 1533 766 1601 802; x_wconf 87' lang='lat' dir='ltr'>l&#39;uit</span> <span class='ocrx_word' id='word_1_374' title='bbox 1638 767 1740 812; x_wconf 83' lang='lat' dir='ltr'>quod</span> 
     </span>
     <span class='ocr_line' id='line_1_69' title="bbox 959 811 1738 857; baseline 0.004 -10"><span class='ocrx_word' id='word_1_375' title='bbox 959 811 1172 857; x_wconf 88' lang='lat' dir='ltr'>Baptismus</span> <span class='ocrx_word' id='word_1_376' title='bbox 1199 811 1355 848; x_wconf 82' lang='lat' dir='ltr'>deberet</span> <span class='ocrx_word' id='word_1_377' title='bbox 1394 812 1557 848; x_wconf 81' lang='lat' dir='ltr'>conferri</span> <span class='ocrx_word' id='word_1_378' title='bbox 1594 813 1631 849; x_wconf 89' lang='lat' dir='ltr'>in</span> <span class='ocrx_word' id='word_1_379' title='bbox 1670 824 1738 850; x_wconf 90' lang='lat' dir='ltr'>no-</span> 
     </span>
     <span class='ocr_line' id='line_1_70' title="bbox 959 858 1740 906; baseline 0.004 -12"><span class='ocrx_word' id='word_1_380' title='bbox 959 858 1060 895; x_wconf 90' lang='lat' dir='ltr'>mine</span> <span class='ocrx_word' id='word_1_381' title='bbox 1084 858 1205 895; x_wconf 90' lang='lat' dir='ltr'>Patris</span> <span class='ocrx_word' id='word_1_382' title='bbox 1226 862 1263 895; x_wconf 91' lang='lat' dir='ltr'>et</span> <span class='ocrx_word' id='word_1_383' title='bbox 1283 859 1362 895; x_wconf 84' lang='lat' dir='ltr'>Filii</span> <span class='ocrx_word' id='word_1_384' title='bbox 1391 863 1428 896; x_wconf 89' lang='lat' dir='ltr'>et</span> <span class='ocrx_word' id='word_1_385' title='bbox 1461 859 1623 906; x_wconf 85' lang='lat' dir='ltr'>Spiritus</span> <span class='ocrx_word' id='word_1_386' title='bbox 1649 861 1740 897; x_wconf 89' lang='lat' dir='ltr'>San-</span> 
     </span>
     <span class='ocr_line' id='line_1_71' title="bbox 958 905 1737 952; baseline 0.004 -11"><span class='ocrx_word' id='word_1_387' title='bbox 958 905 1020 941; x_wconf 92' lang='lat' dir='ltr'>cti.</span> <span class='ocrx_word' id='word_1_388' title='bbox 1050 908 1089 941; x_wconf 91' lang='lat' dir='ltr'>In</span> <span class='ocrx_word' id='word_1_389' title='bbox 1111 905 1301 952; x_wconf 87' lang='lat' dir='ltr'>primitiva</span> <span class='ocrx_word' id='word_1_390' title='bbox 1330 910 1456 942; x_wconf 87' lang='lat' dir='ltr'>tamen</span> <span class='ocrx_word' id='word_1_391' title='bbox 1485 907 1664 952; x_wconf 86' lang='lat' dir='ltr'>Ecclesia,</span> <span class='ocrx_word' id='word_1_392' title='bbox 1687 907 1737 944; x_wconf 89' lang='lat' dir='ltr'>ad</span> 
     </span>
     <span class='ocr_line' id='line_1_72' title="bbox 958 953 1739 1000; baseline 0.004 -12"><span class='ocrx_word' id='word_1_393' title='bbox 958 956 1120 999; x_wconf 87' lang='lat' dir='ltr'>tempus,</span> <span class='ocrx_word' id='word_1_394' title='bbox 1148 953 1307 990; x_wconf 89' lang='lat' dir='ltr'>collatus</span> <span class='ocrx_word' id='word_1_395' title='bbox 1343 954 1411 990; x_wconf 89' lang='lat' dir='ltr'>suit</span> <span class='ocrx_word' id='word_1_396' title='bbox 1449 954 1662 1000; x_wconf 88' lang='lat' dir='ltr'>Baptismus</span> <span class='ocrx_word' id='word_1_397' title='bbox 1698 954 1739 991; x_wconf 86' lang='lat' dir='ltr'>in</span> 
     </span>
     <span class='ocr_line' id='line_1_73' title="bbox 957 999 1739 1045; baseline 0.004 -10"><span class='ocrx_word' id='word_1_398' title='bbox 957 1000 1112 1035; x_wconf 82' lang='lat' dir='ltr'>nomine</span> <span class='ocrx_word' id='word_1_399' title='bbox 1130 999 1281 1045; x_wconf 89' lang='lat' dir='ltr'>Christi,</span> <span class='ocrx_word' id='word_1_400' title='bbox 1305 1004 1345 1037; x_wconf 88' lang='lat' dir='ltr'>ut</span> <span class='ocrx_word' id='word_1_401' title='bbox 1368 1012 1503 1037; x_wconf 88' lang='lat' dir='ltr'>nomen</span> <span class='ocrx_word' id='word_1_402' title='bbox 1534 1001 1671 1038; x_wconf 85' lang='lat' dir='ltr'>Christi</span> <span class='ocrx_word' id='word_1_403' title='bbox 1699 1002 1739 1038; x_wconf 87' lang='lat' dir='ltr'>in</span> 
     </span>
     <span class='ocr_line' id='line_1_74' title="bbox 957 1047 1738 1093; baseline 0.004 -11"><span class='ocrx_word' id='word_1_404' title='bbox 957 1047 1170 1083; x_wconf 78' lang='lat' dir='ltr'>reverentia</span> <span class='ocrx_word' id='word_1_405' title='bbox 1190 1048 1393 1084; x_wconf 90' lang='lat' dir='ltr'>haberetur</span> <span class='ocrx_word' id='word_1_406' title='bbox 1429 1048 1578 1093; x_wconf 74' lang='lat' dir='ltr'>maiori,</span> <span class='ocrx_word' id='word_1_407' title='bbox 1607 1049 1653 1085; x_wconf 92' lang='lat' dir='ltr'>ad</span> <span class='ocrx_word' id='word_1_408' title='bbox 1676 1060 1738 1085; x_wconf 83' lang='lat' dir='ltr'>ex-</span> 
     </span>
     <span class='ocr_line' id='line_1_75' title="bbox 957 1094 1739 1141; baseline 0.003 -11"><span class='ocrx_word' id='word_1_409' title='bbox 957 1094 1185 1130; x_wconf 88' lang='lat' dir='ltr'>cludendum</span> <span class='ocrx_word' id='word_1_410' title='bbox 1206 1095 1355 1131; x_wconf 93' lang='lat' dir='ltr'>illorum</span> <span class='ocrx_word' id='word_1_411' title='bbox 1383 1106 1551 1132; x_wconf 89' lang='lat' dir='ltr'>errorem</span> <span class='ocrx_word' id='word_1_412' title='bbox 1577 1095 1638 1141; x_wconf 88' lang='lat' dir='ltr'>qui</span> <span class='ocrx_word' id='word_1_413' title='bbox 1660 1096 1739 1132; x_wconf 88' lang='lat' dir='ltr'>vir-</span> 
     </span>
     <span class='ocr_line' id='line_1_76' title="bbox 957 1142 1739 1188; baseline 0.001 -11"><span class='ocrx_word' id='word_1_414' title='bbox 957 1145 1075 1178; x_wconf 87' lang='lat' dir='ltr'>tutem</span> <span class='ocrx_word' id='word_1_415' title='bbox 1114 1142 1294 1188; x_wconf 89' lang='lat' dir='ltr'>Baptismi</span> <span class='ocrx_word' id='word_1_416' title='bbox 1334 1143 1590 1179; x_wconf 87' lang='lat' dir='ltr'>attribuebant</span> <span class='ocrx_word' id='word_1_417' title='bbox 1629 1142 1739 1178; x_wconf 87' lang='lat' dir='ltr'>mini-</span> 
     </span>
     <span class='ocr_line' id='line_1_77' title="bbox 957 1188 1737 1235; baseline 0 -10"><span class='ocrx_word' id='word_1_418' title='bbox 957 1189 1060 1233; x_wconf 88' lang='lat' dir='ltr'>stris,</span> <span class='ocrx_word' id='word_1_419' title='bbox 1082 1188 1250 1225; x_wconf 87' lang='lat' dir='ltr'>dicentes</span> <span class='ocrx_word' id='word_1_420' title='bbox 1273 1201 1281 1225; x_wconf 91' lang='lat'>:</span> <span class='ocrx_word' id='word_1_421' title='bbox 1307 1192 1383 1235; x_wconf 72' lang='lat' dir='ltr'>Eyo</span> <span class='ocrx_word' id='word_1_422' title='bbox 1415 1201 1493 1225; x_wconf 79' lang='lat' dir='ltr'>sum</span> <span class='ocrx_word' id='word_1_423' title='bbox 1530 1191 1651 1231; x_wconf 80' lang='lat' dir='ltr'>Pauli,</span> <span class='ocrx_word' id='word_1_424' title='bbox 1675 1200 1737 1234; x_wconf 77' lang='lat' dir='ltr'>eqo</span> 
     </span>
     <span class='ocr_line' id='line_1_78' title="bbox 956 1237 1738 1282; baseline 0.001 -10"><span class='ocrx_word' id='word_1_425' title='bbox 956 1240 1077 1272; x_wconf 79' lang='lat' dir='ltr'>autem</span> <span class='ocrx_word' id='word_1_426' title='bbox 1108 1237 1246 1282; x_wconf 78' lang='lat' dir='ltr'>Cephae,</span> <span class='ocrx_word' id='word_1_427' title='bbox 1280 1240 1368 1281; x_wconf 67' lang='lat' dir='ltr'>ete,</span> <span class='ocrx_word' id='word_1_428' title='bbox 1407 1239 1471 1273; x_wconf 81' lang='lat' dir='ltr'>sed</span> <span class='ocrx_word' id='word_1_429' title='bbox 1510 1237 1582 1273; x_wconf 92' lang='lat' dir='ltr'>illis</span> <span class='ocrx_word' id='word_1_430' title='bbox 1617 1237 1738 1273; x_wconf 89' lang='lat' dir='ltr'>causis</span> 
     </span>
     <span class='ocr_line' id='line_1_79' title="bbox 957 1283 1740 1329; baseline 0 -9"><span class='ocrx_word' id='word_1_431' title='bbox 957 1283 1206 1329; x_wconf 88' lang='lat' dir='ltr'>cessantibus,</span> <span class='ocrx_word' id='word_1_432' title='bbox 1222 1284 1333 1320; x_wconf 87' lang='lat' dir='ltr'>rediit</span> <span class='ocrx_word' id='word_1_433' title='bbox 1348 1285 1512 1320; x_wconf 84' lang='lat' dir='ltr'>Ecclesia</span> <span class='ocrx_word' id='word_1_434' title='bbox 1523 1284 1740 1321; x_wconf 80' lang='lat' dir='ltr'>adformam</span> 
     </span>
     <span class='ocr_line' id='line_1_80' title="bbox 956 1331 1738 1378; baseline 0 -11"><span class='ocrx_word' id='word_1_435' title='bbox 956 1331 1188 1378; x_wconf 81' lang='lat' dir='ltr'>praedictam.</span> <span class='ocrx_word' id='word_1_436' title='bbox 1211 1332 1253 1367; x_wconf 89' lang='lat' dir='ltr'>Et</span> <span class='ocrx_word' id='word_1_437' title='bbox 1275 1332 1429 1377; x_wconf 91' lang='lat' dir='ltr'>ponitur</span> <span class='ocrx_word' id='word_1_438' title='bbox 1455 1331 1514 1367; x_wconf 86' lang='lat' dir='ltr'>hic</span> <span class='ocrx_word' id='word_1_439' title='bbox 1535 1331 1668 1377; x_wconf 85' lang='lat' dir='ltr'>triplex</span> <span class='ocrx_word' id='word_1_440' title='bbox 1685 1331 1738 1367; x_wconf 78' lang='lat' dir='ltr'>ef-</span> 
     </span>
     <span class='ocr_line' id='line_1_81' title="bbox 956 1378 1738 1425; baseline 0.001 -11"><span class='ocrx_word' id='word_1_441' title='bbox 956 1380 1074 1416; x_wconf 82' lang='lat' dir='ltr'>fectus</span> <span class='ocrx_word' id='word_1_442' title='bbox 1125 1378 1319 1425; x_wconf 89' lang='lat' dir='ltr'>Baptismi,</span> <span class='ocrx_word' id='word_1_443' title='bbox 1368 1390 1480 1425; x_wconf 85' lang='lat' dir='ltr'>quem</span> <span class='ocrx_word' id='word_1_444' title='bbox 1524 1378 1738 1424; x_wconf 89' lang='lat' dir='ltr'>Baptismus</span> 
     </span>
     <span class='ocr_line' id='line_1_82' title="bbox 955 1425 1735 1472; baseline -0.001 -10"><span class='ocrx_word' id='word_1_445' title='bbox 955 1430 1097 1469; x_wconf 87' lang='lat' dir='ltr'>causat,</span> <span class='ocrx_word' id='word_1_446' title='bbox 1111 1426 1271 1462; x_wconf 80' lang='lat' dir='ltr'>maxime</span> <span class='ocrx_word' id='word_1_447' title='bbox 1293 1430 1375 1472; x_wconf 89' lang='lat' dir='ltr'>post</span> <span class='ocrx_word' id='word_1_448' title='bbox 1400 1425 1617 1461; x_wconf 75' lang='lat' dir='ltr'>Passionem</span> <span class='ocrx_word' id='word_1_449' title='bbox 1629 1425 1735 1462; x_wconf 91' lang='lat' dir='ltr'>Chri-</span> 
     </span>
     <span class='ocr_line' id='line_1_83' title="bbox 955 1472 1737 1519; baseline -0.001 -10"><span class='ocrx_word' id='word_1_450' title='bbox 955 1473 1017 1517; x_wconf 88' lang='lat' dir='ltr'>sti,</span> <span class='ocrx_word' id='word_1_451' title='bbox 1051 1472 1223 1509; x_wconf 86' lang='lat' dir='ltr'>scilicet:</span> <span class='ocrx_word' id='word_1_452' title='bbox 1249 1473 1334 1508; x_wconf 86' lang='lat' dir='ltr'>coeli</span> <span class='ocrx_word' id='word_1_453' title='bbox 1361 1473 1522 1519; x_wconf 89' lang='lat' dir='ltr'>apertio,</span> <span class='ocrx_word' id='word_1_454' title='bbox 1545 1472 1635 1518; x_wconf 87' lang='lat' dir='ltr'>quia</span> <span class='ocrx_word' id='word_1_455' title='bbox 1664 1483 1737 1508; x_wconf 86' lang='lat' dir='ltr'>coe-</span> 
     </span>
     <span class='ocr_line' id='line_1_84' title="bbox 954 1518 1728 1566; baseline -0.003 -10"><span class='ocrx_word' id='word_1_456' title='bbox 954 1520 1078 1556; x_wconf 90' lang='lat' dir='ltr'>lorum</span> <span class='ocrx_word' id='word_1_457' title='bbox 1108 1530 1226 1565; x_wconf 81' lang='lat' dir='ltr'>regna</span> <span class='ocrx_word' id='word_1_458' title='bbox 1251 1523 1383 1566; x_wconf 86' lang='lat' dir='ltr'>patent</span> <span class='ocrx_word' id='word_1_459' title='bbox 1409 1519 1551 1555; x_wconf 88' lang='lat' dir='ltr'>renatis</span> <span class='ocrx_word' id='word_1_460' title='bbox 1593 1518 1632 1554; x_wconf 92' lang='lat' dir='ltr'>in</span> <span class='ocrx_word' id='word_1_461' title='bbox 1661 1521 1728 1555; x_wconf 89' lang='lat' dir='ltr'>Ba-</span> 
     </span>
     <span class='ocr_line' id='line_1_85' title="bbox 952 1565 1737 1613; baseline 0 -11"><span class='ocrx_word' id='word_1_462' title='bbox 952 1567 1111 1613; x_wconf 87' lang='lat' dir='ltr'>ptismo;</span> <span class='ocrx_word' id='word_1_463' title='bbox 1135 1566 1294 1613; x_wconf 89' lang='lat' dir='ltr'>Spiritus</span> <span class='ocrx_word' id='word_1_464' title='bbox 1313 1566 1437 1603; x_wconf 84' lang='lat' dir='ltr'>Sancti</span> <span class='ocrx_word' id='word_1_465' title='bbox 1466 1565 1608 1610; x_wconf 88' lang='lat' dir='ltr'>missio,</span> <span class='ocrx_word' id='word_1_466' title='bbox 1631 1566 1737 1612; x_wconf 82' lang='lat' dir='ltr'>eujus</span> 
     </span>
     <span class='ocr_line' id='line_1_86' title="bbox 952 1612 1736 1660; baseline -0.001 -10"><span class='ocrx_word' id='word_1_467' title='bbox 952 1614 1075 1660; x_wconf 84' lang='lat' dir='ltr'>gratia</span> <span class='ocrx_word' id='word_1_468' title='bbox 1094 1624 1138 1650; x_wconf 84' lang='lat' dir='ltr'>ae</span> <span class='ocrx_word' id='word_1_469' title='bbox 1159 1614 1299 1649; x_wconf 88' lang='lat' dir='ltr'>donum</span> <span class='ocrx_word' id='word_1_470' title='bbox 1326 1614 1518 1649; x_wconf 84' lang='lat' dir='ltr'>confertur</span> <span class='ocrx_word' id='word_1_471' title='bbox 1539 1612 1578 1648; x_wconf 86' lang='lat' dir='ltr'>iu</span> <span class='ocrx_word' id='word_1_472' title='bbox 1600 1623 1643 1649; x_wconf 90' lang='lat' dir='ltr'>eo</span> <span class='ocrx_word' id='word_1_473' title='bbox 1664 1624 1672 1657; x_wconf 88' lang='lat'>;</span> <span class='ocrx_word' id='word_1_474' title='bbox 1698 1616 1736 1649; x_wconf 87' lang='lat' dir='ltr'>et</span> 
     </span>
     <span class='ocr_line' id='line_1_87' title="bbox 952 1660 1735 1708; baseline -0.001 -10"><span class='ocrx_word' id='word_1_475' title='bbox 952 1665 1113 1708; x_wconf 87' lang='lat' dir='ltr'>paterna</span> <span class='ocrx_word' id='word_1_476' title='bbox 1129 1661 1282 1706; x_wconf 87' lang='lat' dir='ltr'>locutio,</span> <span class='ocrx_word' id='word_1_477' title='bbox 1303 1671 1386 1707; x_wconf 74' lang='lat' dir='ltr'>quae</span> <span class='ocrx_word' id='word_1_478' title='bbox 1407 1660 1615 1706; x_wconf 85' lang='lat' dir='ltr'>baptizatos</span> <span class='ocrx_word' id='word_1_479' title='bbox 1629 1671 1735 1706; x_wconf 83' lang='lat' dir='ltr'>rege-</span> 
     </span>
     <span class='ocr_line' id='line_1_88' title="bbox 953 1707 1735 1754; baseline -0.003 -9"><span class='ocrx_word' id='word_1_480' title='bbox 953 1712 1061 1745; x_wconf 89' lang='lat' dir='ltr'>nerat</span> <span class='ocrx_word' id='word_1_481' title='bbox 1096 1708 1134 1744; x_wconf 90' lang='lat' dir='ltr'>in</span> <span class='ocrx_word' id='word_1_482' title='bbox 1176 1708 1273 1744; x_wconf 88' lang='lat' dir='ltr'>filios</span> <span class='ocrx_word' id='word_1_483' title='bbox 1307 1708 1537 1754; x_wconf 84' lang='lat' dir='ltr'>adoptionis,</span> <span class='ocrx_word' id='word_1_484' title='bbox 1569 1707 1632 1754; x_wconf 86' lang='lat' dir='ltr'>qui</span> <span class='ocrx_word' id='word_1_485' title='bbox 1663 1707 1735 1744; x_wconf 89' lang='lat' dir='ltr'>sibi</span> 
     </span>
     <span class='ocr_line' id='line_1_89' title="bbox 952 1754 1734 1802; baseline -0.001 -10"><span class='ocrx_word' id='word_1_486' title='bbox 952 1756 1201 1802; x_wconf 83' lang='lat' dir='ltr'>complacent,</span> <span class='ocrx_word' id='word_1_487' title='bbox 1224 1754 1312 1802; x_wconf 86' lang='lat' dir='ltr'>quia</span> <span class='ocrx_word' id='word_1_488' title='bbox 1338 1766 1406 1802; x_wconf 91' lang='lat' dir='ltr'>per</span> <span class='ocrx_word' id='word_1_489' title='bbox 1434 1755 1665 1801; x_wconf 86' lang='lat' dir='ltr'>Baptismum</span> <span class='ocrx_word' id='word_1_490' title='bbox 1686 1755 1734 1791; x_wconf 86' lang='lat' dir='ltr'>de</span> 
     </span>
     <span class='ocr_line' id='line_1_90' title="bbox 953 1802 1732 1849; baseline -0.001 -10"><span class='ocrx_word' id='word_1_491' title='bbox 953 1803 1041 1840; x_wconf 81' lang='lat' dir='ltr'>siliis</span> <span class='ocrx_word' id='word_1_492' title='bbox 1061 1803 1127 1839; x_wconf 81' lang='lat' dir='ltr'>irae</span> <span class='ocrx_word' id='word_1_493' title='bbox 1148 1803 1244 1839; x_wconf 81' lang='lat' dir='ltr'>fiunt</span> <span class='ocrx_word' id='word_1_494' title='bbox 1263 1802 1331 1838; x_wconf 85' lang='lat' dir='ltr'>filii</span> <span class='ocrx_word' id='word_1_495' title='bbox 1351 1803 1496 1849; x_wconf 81' lang='lat' dir='ltr'>gratIae,</span> <span class='ocrx_word' id='word_1_496' title='bbox 1521 1806 1557 1838; x_wconf 90' lang='lat' dir='ltr'>et</span> <span class='ocrx_word' id='word_1_497' title='bbox 1574 1813 1732 1847; x_wconf 82' lang='lat' dir='ltr'>regene-</span> 
     </span>
     <span class='ocr_line' id='line_1_91' title="bbox 952 1849 1733 1897; baseline -0.001 -11"><span class='ocrx_word' id='word_1_498' title='bbox 952 1853 1084 1887; x_wconf 88' lang='lat' dir='ltr'>rantur</span> <span class='ocrx_word' id='word_1_499' title='bbox 1107 1850 1146 1886; x_wconf 88' lang='lat' dir='ltr'>in</span> <span class='ocrx_word' id='word_1_500' title='bbox 1176 1861 1281 1897; x_wconf 90' lang='lat' dir='ltr'>spem</span> <span class='ocrx_word' id='word_1_501' title='bbox 1302 1850 1387 1886; x_wconf 70' lang='lat' dir='ltr'>vitre</span> <span class='ocrx_word' id='word_1_502' title='bbox 1415 1855 1580 1886; x_wconf 80' lang='lat' dir='ltr'>aeternae.</span> <span class='ocrx_word' id='word_1_503' title='bbox 1602 1849 1733 1886; x_wconf 89' lang='lat' dir='ltr'>Consi-</span> 
     </span>
     <span class='ocr_line' id='line_1_92' title="bbox 952 1896 1734 1944; baseline -0.003 -10"><span class='ocrx_word' id='word_1_504' title='bbox 952 1899 1044 1935; x_wconf 86' lang='lat' dir='ltr'>dera</span> <span class='ocrx_word' id='word_1_505' title='bbox 1060 1898 1142 1934; x_wconf 82' lang='lat' dir='ltr'>haec</span> <span class='ocrx_word' id='word_1_506' title='bbox 1172 1898 1321 1944; x_wconf 86' lang='lat' dir='ltr'>singula</span> <span class='ocrx_word' id='word_1_507' title='bbox 1341 1897 1542 1943; x_wconf 81' lang='lat' dir='ltr'>diligenter</span> <span class='ocrx_word' id='word_1_508' title='bbox 1568 1899 1605 1933; x_wconf 88' lang='lat' dir='ltr'>et</span> <span class='ocrx_word' id='word_1_509' title='bbox 1630 1896 1734 1943; x_wconf 82' lang='lat' dir='ltr'>erige</span> 
     </span>
     <span class='ocr_line' id='line_1_93' title="bbox 952 1943 1733 1991; baseline -0.004 -10"><span class='ocrx_word' id='word_1_510' title='bbox 952 1945 1135 1989; x_wconf 89' lang='lat' dir='ltr'>animum,</span> <span class='ocrx_word' id='word_1_511' title='bbox 1164 1948 1218 1989; x_wconf 89' lang='lat' dir='ltr'>ut,</span> <span class='ocrx_word' id='word_1_512' title='bbox 1251 1949 1382 1991; x_wconf 89' lang='lat' dir='ltr'>aperto</span> <span class='ocrx_word' id='word_1_513' title='bbox 1418 1946 1497 1991; x_wconf 80' lang='lat' dir='ltr'>J&#39;am</span> <span class='ocrx_word' id='word_1_514' title='bbox 1537 1943 1733 1979; x_wconf 87' lang='lat' dir='ltr'>Trinitatis</span> 
     </span>
     <span class='ocr_line' id='line_1_94' title="bbox 952 1991 1732 2035; baseline -0.004 -7"><span class='ocrx_word' id='word_1_515' title='bbox 952 1993 1062 2035; x_wconf 86' lang='lat' dir='ltr'>coelo,</span> <span class='ocrx_word' id='word_1_516' title='bbox 1083 2002 1232 2028; x_wconf 89' lang='lat' dir='ltr'>sursum</span> <span class='ocrx_word' id='word_1_517' title='bbox 1250 1991 1383 2028; x_wconf 86' lang='lat' dir='ltr'>feraris</span> <span class='ocrx_word' id='word_1_518' title='bbox 1402 1991 1438 2026; x_wconf 90' lang='lat' dir='ltr'>in</span> <span class='ocrx_word' id='word_1_519' title='bbox 1461 1991 1732 2027; x_wconf 64' lang='grc'>1100101010]-</span> 
     </span>
     <span class='ocr_line' id='line_1_95' title="bbox 952 2037 1736 2084; baseline -0.003 -10"><span class='ocrx_word' id='word_1_520' title='bbox 952 2039 1110 2074; x_wconf 86' lang='lat' dir='ltr'>militate</span> <span class='ocrx_word' id='word_1_521' title='bbox 1145 2049 1292 2084; x_wconf 79' lang='lat' dir='ltr'>quoque</span> <span class='ocrx_word' id='word_1_522' title='bbox 1321 2038 1456 2074; x_wconf 88' lang='lat' dir='ltr'>mentis</span> <span class='ocrx_word' id='word_1_523' title='bbox 1488 2037 1661 2083; x_wconf 88' lang='lat' dir='ltr'>persiste,</span> <span class='ocrx_word' id='word_1_524' title='bbox 1693 2039 1736 2073; x_wconf 85' lang='lat' dir='ltr'>ut</span> 
     </span>
     <span class='ocr_line' id='line_1_96' title="bbox 953 2083 1736 2132; baseline -0.001 -11"><span class='ocrx_word' id='word_1_525' title='bbox 953 2085 1112 2132; x_wconf 85' lang='lat' dir='ltr'>Spiritus</span> <span class='ocrx_word' id='word_1_526' title='bbox 1131 2085 1255 2121; x_wconf 87' lang='lat' dir='ltr'>Sancti</span> <span class='ocrx_word' id='word_1_527' title='bbox 1274 2086 1372 2121; x_wconf 89' lang='lat' dir='ltr'>dono</span> <span class='ocrx_word' id='word_1_528' title='bbox 1390 2089 1427 2121; x_wconf 90' lang='lat' dir='ltr'>et</span> <span class='ocrx_word' id='word_1_529' title='bbox 1444 2088 1603 2132; x_wconf 87' lang='lat' dir='ltr'>paterna</span> <span class='ocrx_word' id='word_1_530' title='bbox 1623 2083 1736 2120; x_wconf 90' lang='lat' dir='ltr'>collo·</span> 
     </span>
     <span class='ocr_line' id='line_1_97' title="bbox 951 2128 1736 2179; baseline 0 -12"><span class='ocrx_word' id='word_1_531' title='bbox 951 2132 1038 2179; x_wconf 88' lang='lat' dir='ltr'>quio</span> <span class='ocrx_word' id='word_1_532' title='bbox 1056 2133 1249 2168; x_wconf 90' lang='lat' dir='ltr'>munerari</span> <span class='ocrx_word' id='word_1_533' title='bbox 1266 2132 1458 2168; x_wconf 91' lang='lat' dir='ltr'>merearis.</span> <span class='ocrx_word' id='word_1_534' title='bbox 1483 2132 1588 2168; x_wconf 86' lang='lat' dir='ltr'>Unde</span> <span class='ocrx_word' id='word_1_535' title='bbox 1607 2128 1736 2167; x_wconf 78' lang='lat' dir='ltr'>Ansez-</span> 
     </span>
     <span class='ocr_line' id='line_1_98' title="bbox 950 2177 1734 2224; baseline -0.001 -8"><span class='ocrx_word' id='word_1_536' title='bbox 950 2191 1053 2216; x_wconf 78' lang='lat' dir='ltr'>mus:</span> <span class='ocrx_word' id='word_1_537' title='bbox 1069 2193 1086 2213; x_wconf 83' lang='lat'>«</span> <span class='ocrx_word' id='word_1_538' title='bbox 1106 2181 1146 2215; x_wconf 88' lang='lat' dir='ltr'>In</span> <span class='ocrx_word' id='word_1_539' title='bbox 1160 2180 1340 2224; x_wconf 76' lang='lat' dir='ltr'>Jordane,</span> <span class='ocrx_word' id='word_1_540' title='bbox 1359 2181 1428 2216; x_wconf 83' lang='lat' dir='ltr'>sul)</span> <span class='ocrx_word' id='word_1_541' title='bbox 1445 2190 1558 2215; x_wconf 88' lang='lat' dir='ltr'>manu</span> <span class='ocrx_word' id='word_1_542' title='bbox 1574 2177 1734 2215; x_wconf 85' lang='lat' dir='ltr'>Joannis</span> 
     </span>
     <span class='ocr_line' id='line_1_99' title="bbox 950 2225 1732 2274; baseline -0.003 -11"><span class='ocrx_word' id='word_1_543' title='bbox 950 2238 988 2263; x_wconf 88' lang='lat' dir='ltr'>se</span> <span class='ocrx_word' id='word_1_544' title='bbox 1010 2227 1057 2263; x_wconf 89' lang='lat' dir='ltr'>ad</span> <span class='ocrx_word' id='word_1_545' title='bbox 1078 2226 1311 2274; x_wconf 88' lang='lat' dir='ltr'>Baptismum</span> <span class='ocrx_word' id='word_1_546' title='bbox 1337 2228 1507 2263; x_wconf 88' lang='lat' dir='ltr'>Christus</span> <span class='ocrx_word' id='word_1_547' title='bbox 1530 2225 1732 2270; x_wconf 89' lang='lat' dir='ltr'>inclinans,</span> 
     </span>
     <span class='ocr_line' id='line_1_100' title="bbox 951 2273 1732 2321; baseline -0.001 -11"><span class='ocrx_word' id='word_1_548' title='bbox 951 2278 1148 2321; x_wconf 88' lang='lat' dir='ltr'>paternam</span> <span class='ocrx_word' id='word_1_549' title='bbox 1168 2285 1298 2310; x_wconf 86' lang='lat' dir='ltr'>vocem</span> <span class='ocrx_word' id='word_1_550' title='bbox 1323 2274 1479 2318; x_wconf 89' lang='lat' dir='ltr'>audivit,</span> <span class='ocrx_word' id='word_1_551' title='bbox 1508 2277 1545 2309; x_wconf 89' lang='lat' dir='ltr'>et</span> <span class='ocrx_word' id='word_1_552' title='bbox 1571 2273 1732 2319; x_wconf 87' lang='lat' dir='ltr'>Spiritus</span> 
     </span>
     <span class='ocr_line' id='line_1_101' title="bbox 952 2319 1730 2366; baseline -0.004 -8"><span class='ocrx_word' id='word_1_553' title='bbox 952 2321 1076 2358; x_wconf 87' lang='lat' dir='ltr'>Sancti</span> <span class='ocrx_word' id='word_1_554' title='bbox 1092 2321 1298 2358; x_wconf 86' lang='lat' dir='ltr'>adventum</span> <span class='ocrx_word' id='word_1_555' title='bbox 1312 2321 1348 2357; x_wconf 90' lang='lat' dir='ltr'>in</span> <span class='ocrx_word' id='word_1_556' title='bbox 1363 2321 1536 2357; x_wconf 87' lang='lat' dir='ltr'>columba</span> <span class='ocrx_word' id='word_1_557' title='bbox 1551 2319 1730 2366; x_wconf 85' lang='lat' dir='ltr'>suscepit,</span> 
     </span>
     <span class='ocr_line' id='line_1_102' title="bbox 951 2368 1730 2411; baseline -0.003 -6"><span class='ocrx_word' id='word_1_558' title='bbox 951 2373 990 2405; x_wconf 92' lang='lat' dir='ltr'>ut</span> <span class='ocrx_word' id='word_1_559' title='bbox 1012 2380 1079 2405; x_wconf 90' lang='lat' dir='ltr'>nos</span> <span class='ocrx_word' id='word_1_560' title='bbox 1099 2369 1252 2406; x_wconf 88' lang='lat' dir='ltr'>doceret</span> <span class='ocrx_word' id='word_1_561' title='bbox 1281 2368 1320 2405; x_wconf 91' lang='lat' dir='ltr'>in</span> <span class='ocrx_word' id='word_1_562' title='bbox 1344 2368 1555 2405; x_wconf 88' lang='lat' dir='ltr'>humilitate</span> <span class='ocrx_word' id='word_1_563' title='bbox 1578 2368 1730 2411; x_wconf 87' lang='lat' dir='ltr'>mentis,</span> 
     </span>
     <span class='ocr_line' id='line_1_103' title="bbox 950 2413 1730 2463; baseline -0.005 -10"><span class='ocrx_word' id='word_1_564' title='bbox 950 2428 1034 2463; x_wconf 80' lang='lat' dir='ltr'>quae</span> <span class='ocrx_word' id='word_1_565' title='bbox 1054 2427 1121 2463; x_wconf 87' lang='lat' dir='ltr'>per</span> <span class='ocrx_word' id='word_1_566' title='bbox 1139 2416 1345 2453; x_wconf 88' lang='lat' dir='ltr'>Jordanem</span> <span class='ocrx_word' id='word_1_567' title='bbox 1366 2420 1532 2459; x_wconf 91' lang='lat' dir='ltr'>notatur,</span> <span class='ocrx_word' id='word_1_568' title='bbox 1554 2413 1730 2451; x_wconf 87' lang='lat' dir='ltr'>Jordanis</span> 
     </span>
     <span class='ocr_line' id='line_1_104' title="bbox 949 2463 1730 2508; baseline -0.005 -8"><span class='ocrx_word' id='word_1_569' title='bbox 949 2465 1052 2500; x_wconf 90' lang='lat' dir='ltr'>enim</span> <span class='ocrx_word' id='word_1_570' title='bbox 1082 2465 1264 2500; x_wconf 81' lang='lat' dir='ltr'>descensio</span> <span class='ocrx_word' id='word_1_571' title='bbox 1284 2474 1414 2501; x_wconf 87' lang='lat' dir='ltr'>eorum</span> <span class='ocrx_word' id='word_1_572' title='bbox 1445 2463 1730 2508; x_wconf 86' lang='lat' dir='ltr'>interpretatur,</span> 
     </span>
     <span class='ocr_line' id='line_1_105' title="bbox 950 2508 1732 2557; baseline -0.006 -9"><span class='ocrx_word' id='word_1_573' title='bbox 950 2512 1088 2548; x_wconf 87' lang='lat' dir='ltr'>debere</span> <span class='ocrx_word' id='word_1_574' title='bbox 1109 2511 1333 2556; x_wconf 89' lang='lat' dir='ltr'>consistere,</span> <span class='ocrx_word' id='word_1_575' title='bbox 1356 2511 1482 2557; x_wconf 81' lang='lat' dir='ltr'>ibique</span> <span class='ocrx_word' id='word_1_576' title='bbox 1498 2508 1647 2555; x_wconf 87' lang='lat' dir='ltr'>superni</span> <span class='ocrx_word' id='word_1_577' title='bbox 1665 2509 1732 2544; x_wconf 88' lang='lat' dir='ltr'>Pa-</span> 
     </span>
     <span class='ocr_line' id='line_1_106' title="bbox 950 2554 1731 2604; baseline -0.005 -10"><span class='ocrx_word' id='word_1_578' title='bbox 950 2558 1017 2595; x_wconf 91' lang='lat' dir='ltr'>tris</span> <span class='ocrx_word' id='word_1_579' title='bbox 1038 2558 1215 2596; x_wconf 88' lang='lat' dir='ltr'>honorari</span> <span class='ocrx_word' id='word_1_580' title='bbox 1249 2558 1449 2604; x_wconf 78' lang='lat' dir='ltr'>colloquio,</span> <span class='ocrx_word' id='word_1_581' title='bbox 1477 2558 1522 2592; x_wconf 78' lang='lat' dir='ltr'>(lc.</span> <span class='ocrx_word' id='word_1_582' title='bbox 1543 2567 1616 2602; x_wconf 86' lang='lat' dir='ltr'>quo</span> <span class='ocrx_word' id='word_1_583' title='bbox 1638 2554 1731 2591; x_wconf 87' lang='lat' dir='ltr'>dici-</span> 
     </span>
     <span class='ocr_line' id='line_1_107' title="bbox 949 2604 1733 2652; baseline -0.009 -9"><span class='ocrx_word' id='word_1_584' title='bbox 949 2610 1010 2643; x_wconf 90' lang='lat' dir='ltr'>tur</span> <span class='ocrx_word' id='word_1_585' title='bbox 1032 2618 1040 2642; x_wconf 88' lang='lat'><strong>:</strong></span> <span class='ocrx_word' id='word_1_586' title='bbox 1063 2607 1158 2650; x_wconf 76' lang='lat' dir='ltr'>Quia</span> <span class='ocrx_word' id='word_1_587' title='bbox 1177 2618 1257 2643; x_wconf 81' lang='lat' dir='ltr'>eum</span> <span class='ocrx_word' id='word_1_588' title='bbox 1273 2606 1503 2652; x_wconf 75' lang='lat' dir='ltr'>simplicibus</span> <span class='ocrx_word' id='word_1_589' title='bbox 1516 2604 1733 2639; x_wconf 80' lang='lat' dir='ltr'>sermocina-</span> 
     </span>
     <span class='ocr_line' id='line_1_108' title="bbox 949 2649 1732 2700; baseline -0.006 -11"><span class='ocrx_word' id='word_1_590' title='bbox 949 2656 998 2690; x_wconf 76' lang='lat' dir='ltr'>tio</span> <span class='ocrx_word' id='word_1_591' title='bbox 1020 2654 1120 2699; x_wconf 81' lang='lat' dir='ltr'>ejus;</span> <span class='ocrx_word' id='word_1_592' title='bbox 1143 2658 1180 2691; x_wconf 89' lang='lat' dir='ltr'>et</span> <span class='ocrx_word' id='word_1_593' title='bbox 1202 2654 1360 2700; x_wconf 90' lang='lat' dir='ltr'>Spiritus</span> <span class='ocrx_word' id='word_1_594' title='bbox 1385 2651 1509 2689; x_wconf 83' lang='lat' dir='ltr'>Sancti</span> <span class='ocrx_word' id='word_1_595' title='bbox 1529 2649 1732 2696; x_wconf 73' lang='lat' dir='ltr'>prccsentia</span> 
     </span>
     <span class='ocr_line' id='line_1_109' title="bbox 949 2696 1728 2749; baseline -0.008 -12"><span class='ocrx_word' id='word_1_596' title='bbox 949 2701 1158 2746; x_wconf 87' lang='lat' dir='ltr'>sublimari,</span> <span class='ocrx_word' id='word_1_597' title='bbox 1182 2701 1244 2748; x_wconf 90' lang='lat' dir='ltr'>qui</span> <span class='ocrx_word' id='word_1_598' title='bbox 1267 2711 1379 2747; x_wconf 77' lang='lat' dir='ltr'>super</span> <span class='ocrx_word' id='word_1_599' title='bbox 1401 2699 1561 2735; x_wconf 89' lang='lat' dir='ltr'>humiles</span> <span class='ocrx_word' id='word_1_600' title='bbox 1579 2696 1728 2749; x_wconf 40' lang='lat' dir='ltr'>req-uie-</span> 
     </span>
     <span class='ocr_line' id='line_1_110' title="bbox 949 2744 1732 2793; baseline -0.009 -8"><span class='ocrx_word' id='word_1_601' title='bbox 949 2749 1032 2793; x_wconf 89' lang='lat' dir='ltr'>scit,</span> <span class='ocrx_word' id='word_1_602' title='bbox 1053 2753 1089 2785; x_wconf 90' lang='lat' dir='ltr'>et</span> <span class='ocrx_word' id='word_1_603' title='bbox 1103 2750 1174 2786; x_wconf 87' lang='lat' dir='ltr'>hoc</span> <span class='ocrx_word' id='word_1_604' title='bbox 1193 2750 1261 2785; x_wconf 90' lang='lat' dir='ltr'>sub</span> <span class='ocrx_word' id='word_1_605' title='bbox 1282 2745 1577 2789; x_wconf 86' lang='lat' dir='ltr'>manuJoannis,</span> <span class='ocrx_word' id='word_1_606' title='bbox 1592 2755 1653 2791; x_wconf 84' lang='lat' dir='ltr'>qui</span> <span class='ocrx_word' id='word_1_607' title='bbox 1665 2744 1732 2779; x_wconf 81' lang='lat' dir='ltr'>Dei</span> 
     </span>
     <span class='ocr_line' id='line_1_111' title="bbox 947 2790 1730 2842; baseline -0.009 -8"><span class='ocrx_word' id='word_1_608' title='bbox 947 2799 1073 2842; x_wconf 71' lang='lat' dir='ltr'>qratia</span> <span class='ocrx_word' id='word_1_609' title='bbox 1089 2796 1245 2841; x_wconf 74' lang='lat' dir='ltr'>dicitur,</span> <span class='ocrx_word' id='word_1_610' title='bbox 1269 2799 1309 2832; x_wconf 92' lang='lat' dir='ltr'>ut</span> <span class='ocrx_word' id='word_1_611' title='bbox 1327 2794 1452 2831; x_wconf 84' lang='lat' dir='ltr'>eidem</span> <span class='ocrx_word' id='word_1_612' title='bbox 1470 2792 1600 2840; x_wconf 57' lang='lat' dir='ltr'>gratiae</span> <span class='ocrx_word' id='word_1_613' title='bbox 1618 2790 1730 2838; x_wconf 86' lang='lat' dir='ltr'>quid-</span> 
     </span>
    </p>
   </div>
  </div>
 </body>
</html>
