1876 3126
760 192 810 226 ET
847 192 1142 227 NUMERORUM.

186 264 287 299 ctum
301 263 420 299 fertur
433 260 708 299 architriclino.

161 325 181 357 7
201 310 286 347 Vini
304 309 520 347 miraculosi
538 308 704 346 bonitas.

161 361 182 394 8
208 359 348 406 Scopus
367 358 478 404 hujus
498 356 684 393 miraculi.

161 421 181 454 9
204 405 382 453 Discipuli
410 405 451 442 in
477 405 554 441 fide
579 404 633 441 sic
661 405 803 442 contir-

183 457 349 490 mantur.

140 516 180 540 10
200 502 347 550 Nuptiae
368 500 652 549 quadruplices.

1003 277 1038 300 ιι
1065 262 1160 306 Quid
1180 261 1321 309 nuptiae
1354 261 1393 298 in
1423 262 1525 298 Cana
1558 260 1668 297 factm

857 276 922 298 999

857 323 922 346 222
1045 311 1246 354 allegorice
1267 309 1510 356 significent?

856 371 922 394 222
1003 372 1040 394 12
1061 359 1152 401 Quid
1171 358 1417 405 spiritualiter
1429 361 1466 393 et
1483 354 1666 403 mystice?

1003 409 1042 441 ιδ
1065 407 1153 449 Quae
1176 410 1260 443 sunt
1283 405 1478 442 moraliter
1511 415 1572 441 sex
1594 404 1667 450 hy-

856 456 922 489 225
1048 453 1166 489 driae?

855 504 921 538 225
1002 504 1042 546 ι4
1059 501 1216 538 Joannis
1231 500 1483 548 Evangelistae
1500 498 1663 538 vocatio.

458 663 610 700 CAPUT
628 663 751 700 XXVI.
774 683 820 688 —
838 664 889 699 De
908 663 1032 710 prima
1049 661 1222 706 ejectione
1240 659 1473 696 vendentium

683 711 727 747 de
746 712 892 758 templo,
908 714 941 747 et
959 711 1003 746 de
1022 709 1231 749 Nicodemo.

160 849 171 870 1
197 834 369 872 Christus
401 833 597 871 descendit
629 834 797 881 Caphar-

180 893 297 919 naum
315 886 352 919 et
371 886 505 930 postea
521 883 798 930 Jerosolymam

177 930 364 967 ascendit.

156 992 174 1014 2
195 978 306 1025 Ejicit
329 990 349 1015 e
369 978 510 1026 templo
535 978 744 1016 vendentes
766 981 800 1015 et

179 1030 362 1063 ementes.

151 1076 172 1110 5
190 1074 358 1121 Mystice,
379 1074 469 1121 quid
485 1074 719 1120 intelligatur
732 1085 800 1122 per

176 1133 280 1166 oves,
297 1123 426 1168 hoves,
440 1123 635 1160 columbas
647 1125 683 1159 et
695 1133 801 1160 num-

175 1170 386 1207 mularios?

149 1221 171 1262 4
189 1219 243 1254 De
264 1218 358 1254 zelo.

151 1269 170 1301 5
193 1265 308 1312 Signa
329 1267 465 1313 petunt
484 1265 621 1303 Judaei.

149 1316 169 1349 6
190 1314 285 1367 Ipsis
299 1314 339 1350 in
351 1314 474 1360 figura
484 1314 654 1352 Christus
668 1313 802 1360 praedi-

171 1361 284 1399 cltsui
296 1362 464 1410 corporis
473 1362 801 1400 resurrectionem.

1018 850 1037 882 7
1061 834 1265 880 Signorum
1292 830 1497 868 maximum
1526 829 1660 877 ejectio

1041 881 1286 918 vendentium
1310 880 1356 916 de
1377 878 1533 925 templo.
1638 924 1645 930 ·

853 945 918 979 227
1018 933 1038 967 8
1063 931 1142 974 Quo
1165 940 1279 965 sensu
1304 927 1413 964 multi
1436 930 1524 963 tunc
1545 924 1663 962 credl-

1041 979 1178 1014 derunt
1197 977 1235 1012 in
1260 975 1466 1013 Christum.

1017 1042 1037 1075 9
1058 1025 1305 1062 Nicodemum
1326 1027 1440 1059 noctu
1463 1021 1510 1058 ad
1532 1032 1571 1058 se
1595 1031 1658 1056 ve-

1040 1074 1210 1110 nientem
1235 1070 1404 1109 Christus
1425 1070 1534 1106 docet
1557 1079 1662 1114 rege-

1041 1120 1250 1158 nerationis
1273 1117 1551 1155 necessitatem.

999 1185 1038 1207 ιο
1061 1172 1187 1216 Ipsum
1205 1168 1295 1204 item
1316 1165 1470 1202 instruit
1488 1164 1659 1202 Christus

1042 1217 1087 1254 de
1107 1215 1286 1263 mysterio
1308 1213 1554 1251 sanctissimae
1578 1211 1658 1249 Tri-

851 1041 918 1075 227

851 1174 919 1207 228

852 1223 919 1256 228

853 1281 920 1315 229
1058 1265 1204 1302 nitatis.

999 1328 1036 1351 ιι
1073 1313 1168 1357 Quid
1200 1311 1395 1349 moraliter
1430 1308 1658 1347 Nicodemus

855 1377 923 1412 229
1044 1361 1232 1409 significet
1250 1360 1269 1400 ?

379 1527 529 1565 CAPUT
549 1529 692 1566 XXVII.
715 1549 761 1555 —
779 1530 831 1564 De
850 1529 1138 1565 incarceratione
1157 1523 1524 1569 Joannis-Baptistae.

149 1655 162 1677 1
202 1640 372 1678 Christus
416 1644 453 1678 et
493 1640 669 1689 discipuli
709 1642 790 1689 eJus

166 1688 374 1734 baptizant.

145 1750 163 1773 2
182 1735 460 1783 Discipulorum
474 1738 630 1775 Joannis
650 1737 697 1774 de
718 1737 791 1773 hoc

146 1790 150 1791 ’
165 1785 431 1821 murmuratio.

139 1835 161 1869 5
186 1834 446 1879 Interrogatus
470 1834 516 1869 ab
541 1833 596 1869 eis
620 1835 789 1870 Joanncs

163 1881 364 1927 respondit
391 1884 568 1928 oportere
597 1881 787 1918 Christum

165 1939 349 1976 crescere,
375 1940 414 1965 se
435 1932 562 1966 autem
584 1929 719 1967 minui.

1010 1644 1032 1686 4
1061 1639 1129 1684 Qui
1166 1639 1241 1676 sint
1272 1635 1467 1683 discipulis
1495 1632 1654 1671 Joannis

841 1692 907 1725 255
1034 1688 1178 1725 similes
1191 1689 1208 1724 ‘t

1010 1740 1029 1774 5
1050 1735 1208 1774 Joannis
1228 1731 1479 1772 incarceratio
1497 1731 1653 1778 ersque

841 1788 908 1829 254
1034 1784 1266 1822 occasiones.
1547 1825 1554 1832 ,

1009 1837 1029 1870 6
1052 1832 1200 1869 Insidiae
1225 1830 1450 1869 Herodiadis
1478 1827 1652 1864 oceidere

1030 1883 1219 1918 Joannem
1240 1879 1416 1916 volentis.
1532 1924 1539 1930 ·

840 1932 908 1974 254
1007 1924 1659 1977 7Detolerandismalishominibus

269 2093 421 2131 CAPUT
443 2093 661 2130 XXVHL-
684 2095 735 2130 De
754 2094 863 2131 initio
886 2092 1043 2141 publicae
1060 2091 1341 2140 praedicationis
1362 2090 1507 2127 Domini
1524 2091 1624 2127 Jesu.

143 2230 155 2253 1
182 2215 257 2252 Cur
267 2213 438 2251 Christus
453 2211 590 2259 sugerit
605 2212 793 2249 Herodem

160 2273 291 2309 regern
313 2265 351 2298 et
372 2272 438 2298 cur
457 2260 497 2296 in
519 2260 714 2298 Galilaeam
736 2272 791 2298 se-

163 2309 347 2347 cesserit?

136 2373 155 2396 2
177 2357 332 2395 Habitat
363 2357 403 2395 in
435 2356 587 2394 civitate
617 2356 786 2405 Caphar-

159 2416 292 2443 naum.

133 2453 489 2538 5t·Praedicati0nis
530 2452 670 2490 Christi
710 2451 782 2489 ini-

170 2511 262 2538 ium.

835 2503 904 2538 258

1006 2216 1027 2258 4
1050 2211 1273 2249 Praedicatio
1302 2210 1437 2248 Christi
1468 2220 1534 2246 cur
1562 2211 1649 2256 post

1024 2262 1213 2298 Joannem
1234 2260 1333 2296 facta
1354 2257 1496 2295 suerit?

840 2313 906 2357 257
1001 2313 1021 2346 5
1048 2310 1150 2345 AEtas
1170 2307 1307 2362 Christi
1333 2307 1483 2354 quando
1505 2305 1643 2353 praedi-

1024 2367 1110 2393 care
1133 2359 1259 2403 coepit.

837 2409 903 2453 257
998 2408 1018 2442 6
1060 2402 1346 2441 Praedicationis
1387 2401 1526 2440 Christi
1565 2404 1643 2437 tam

1018 2452 1167 2489 modico
1191 2456 1362 2499 tempore
1386 2452 1550 2498 pcractae
1571 2447 1640 2485 tri-

1017 2501 1103 2549 plex
1124 2500 1222 2538 ratio
1249 2499 1460 2547 exponitur.

285 2662 437 2700 CAPUT
462 2662 586 2698 XXIX.
609 2683 650 2689 —
669 2664 722 2699 De
744 2663 903 2700 secunda
924 2667 957 2700 et
979 2664 1090 2700 tertia
1107 2662 1295 2699 vocatione
1315 2659 1594 2707 discipulorum.

136 2792 148 2814 1
175 2775 346 2813 Christus
367 2775 539 2813 ascendit
575 2786 711 2812 navem
728 2775 784 2813 Si-

158 2823 293 2869 monis,
316 2823 406 2861 inde
428 2825 558 2861 turbas
587 2824 781 2861 docturus.

1007 2789 1025 2813 2
1048 2774 1189 2821 Duplex
1211 2771 1370 2819 mystica
1388 2771 1525 2818 stagni,
1540 2771 1645 2808 navis

839 2827 905 2868 240
1030 2827 1067 2860 et
1095 2822 1325 2871 piscatorum
1353 2819 1632 2867 interpretatio.

1731 188 1787 222 371

1719 309 1787 351 224

1718 357 1785 399 224

1718 452 1784 486 225

1717 500 1784 535 226

1715 879 1781 913 250

1713 975 1776 1009 25ι

1711 1117 1774 1152 251

1710 1261 1776 1295 252

1710 1356 1775 1392 252

1706 1683 1772 1717 255

1704 1779 1771 1813 255

1702 1876 1770 1909 256

1702 1924 1769 1958 256

1723 2259 1741 2267 -υ

1700 2259 1766 2292 208

1699 2353 1766 2400 239

1688 2498 1755 2539 240

1697 2822 1759 2863 24ι
