<?xml version="1.0" encoding="UTF-8"?>
<!DOCTYPE html PUBLIC "-//W3C//DTD XHTML 1.0 Transitional//EN"
    "http://www.w3.org/TR/xhtml1/DTD/xhtml1-transitional.dtd">
<html xmlns="http://www.w3.org/1999/xhtml" xml:lang="en" lang="en">
 <head>
  <title>
</title>
<meta http-equiv="Content-Type" content="text/html;charset=utf-8" />
  <meta name='ocr-system' content='tesseract 3.04.00' />
  <meta name='ocr-capabilities' content='ocr_page ocr_carea ocr_par ocr_line ocrx_word'/>
</head>
<body>
  <div class='ocr_page' id='page_1' title='image "./vitajesuchristie01ludouoft_0258.png"; bbox 0 0 1876 3126; ppageno 0'>
   <div class='ocr_carea' id='block_1_1' title="bbox 179 219 1324 255">
    <p class='ocr_par' dir='ltr' id='par_1_1' title="bbox 179 219 1324 255">
     <span class='ocr_line' id='line_1_1' title="bbox 179 219 1324 255; baseline 0.001 -3"><span class='ocrx_word' id='word_1_1' title='bbox 179 220 237 254; x_wconf 70' lang='lat'>244</span> <span class='ocrx_word' id='word_1_2' title='bbox 666 220 808 253; x_wconf 76' lang='lat' dir='ltr'>PRIMAE</span> <span class='ocrx_word' id='word_1_3' title='bbox 845 220 999 255; x_wconf 71' lang='lat' dir='ltr'>PARTIS</span> <span class='ocrx_word' id='word_1_4' title='bbox 1036 220 1171 255; x_wconf 78' lang='lat' dir='ltr'><strong>CAPUT</strong></span> <span class='ocrx_word' id='word_1_5' title='bbox 1208 219 1324 254; x_wconf 81' lang='lat' dir='ltr'>XXIX</span> 
     </span>
    </p>
   </div>
   <div class='ocr_carea' id='block_1_2' title="bbox 177 287 962 1176">
    <p class='ocr_par' dir='ltr' id='par_1_2' title="bbox 177 287 962 1176">
     <span class='ocr_line' id='line_1_2' title="bbox 180 287 962 337; baseline -0.003 -10"><span class='ocrx_word' id='word_1_6' title='bbox 180 293 250 328; x_wconf 87' lang='lat' dir='ltr'>bus</span> <span class='ocrx_word' id='word_1_7' title='bbox 288 290 487 337; x_wconf 58' lang='lat' dir='ltr'>provincia¹</span> <span class='ocrx_word' id='word_1_8' title='bbox 519 288 696 333; x_wconf 66' lang='lat' dir='ltr'>Galilmm,</span> <span class='ocrx_word' id='word_1_9' title='bbox 725 287 865 324; x_wconf 85' lang='lat' dir='ltr'>scilicet</span> <span class='ocrx_word' id='word_1_10' title='bbox 900 291 962 326; x_wconf 87' lang='lat' dir='ltr'>Ju-</span> 
     </span>
     <span class='ocr_line' id='line_1_3' title="bbox 179 335 958 381; baseline -0.003 -7"><span class='ocrx_word' id='word_1_11' title='bbox 179 339 361 381; x_wconf 79' lang='lat' dir='ltr'>daeorum,</span> <span class='ocrx_word' id='word_1_12' title='bbox 390 348 464 373; x_wconf 88' lang='lat' dir='ltr'>non</span> <span class='ocrx_word' id='word_1_13' title='bbox 506 336 691 372; x_wconf 85' lang='lat' dir='ltr'>Gentium.</span> <span class='ocrx_word' id='word_1_14' title='bbox 722 335 862 371; x_wconf 89' lang='lat' dir='ltr'>Dicitur</span> <span class='ocrx_word' id='word_1_15' title='bbox 891 347 958 372; x_wconf 87' lang='lat' dir='ltr'>au-</span> 
     </span>
     <span class='ocr_line' id='line_1_4' title="bbox 178 382 960 421; baseline -0.001 -1"><span class='ocrx_word' id='word_1_16' title='bbox 178 389 254 421; x_wconf 87' lang='lat' dir='ltr'>tem</span> <span class='ocrx_word' id='word_1_17' title='bbox 308 396 410 420; x_wconf 87' lang='lat' dir='ltr'>mare</span> <span class='ocrx_word' id='word_1_18' title='bbox 463 382 670 419; x_wconf 83' lang='lat' dir='ltr'>Tiberiadis</span> <span class='ocrx_word' id='word_1_19' title='bbox 708 393 731 418; x_wconf 90' lang='lat' dir='ltr'>a</span> <span class='ocrx_word' id='word_1_20' title='bbox 765 383 960 419; x_wconf 74' lang='lat' dir='ltr'>Tiberiade</span> 
     </span>
     <span class='ocr_line' id='line_1_5' title="bbox 178 430 957 476; baseline -0.003 -9"><span class='ocrx_word' id='word_1_21' title='bbox 178 432 342 475; x_wconf 67' lang='lat' dir='ltr'>civitate,</span> <span class='ocrx_word' id='word_1_22' title='bbox 365 430 422 467; x_wconf 87' lang='lat' dir='ltr'>cui</span> <span class='ocrx_word' id='word_1_23' title='bbox 457 431 616 476; x_wconf 59' lang='lat' dir='ltr'>adjaevt,</span> <span class='ocrx_word' id='word_1_24' title='bbox 639 440 749 475; x_wconf 86' lang='lat' dir='ltr'>quam</span> <span class='ocrx_word' id='word_1_25' title='bbox 779 431 888 466; x_wconf 91' lang='lat' dir='ltr'>Jesus</span> <span class='ocrx_word' id='word_1_26' title='bbox 921 431 957 465; x_wconf 89' lang='lat' dir='ltr'>in</span> 
     </span>
     <span class='ocr_line' id='line_1_6' title="bbox 178 476 960 524; baseline -0.004 -9"><span class='ocrx_word' id='word_1_27' title='bbox 178 490 247 515; x_wconf 84' lang='lat' dir='ltr'>sua</span> <span class='ocrx_word' id='word_1_28' title='bbox 269 480 464 524; x_wconf 72' lang='lat' dir='ltr'>juventute</span> <span class='ocrx_word' id='word_1_29' title='bbox 486 478 700 522; x_wconf 84' lang='lat' dir='ltr'>frequenter</span> <span class='ocrx_word' id='word_1_30' title='bbox 726 476 875 513; x_wconf 79' lang='lat' dir='ltr'>visitare</span> <span class='ocrx_word' id='word_1_31' title='bbox 903 488 960 512; x_wconf 87' lang='lat' dir='ltr'>so-</span> 
     </span>
     <span class='ocr_line' id='line_1_7' title="bbox 177 524 958 569; baseline -0.004 -7"><span class='ocrx_word' id='word_1_32' title='bbox 177 526 292 562; x_wconf 84' lang='lat' dir='ltr'>lebat.</span> <span class='ocrx_word' id='word_1_33' title='bbox 321 525 464 561; x_wconf 87' lang='lat' dir='ltr'>Dicitur</span> <span class='ocrx_word' id='word_1_34' title='bbox 491 525 602 560; x_wconf 86' lang='lat' dir='ltr'>etiam</span> <span class='ocrx_word' id='word_1_35' title='bbox 636 528 825 569; x_wconf 83' lang='lat' dir='ltr'>stagnum,</span> <span class='ocrx_word' id='word_1_36' title='bbox 872 524 958 569; x_wconf 85' lang='lat' dir='ltr'>quia</span> 
     </span>
     <span class='ocr_line' id='line_1_8' title="bbox 178 571 958 617; baseline -0.005 -8"><span class='ocrx_word' id='word_1_37' title='bbox 178 576 234 609; x_wconf 86' lang='lat' dir='ltr'>est</span> <span class='ocrx_word' id='word_1_38' title='bbox 268 573 371 608; x_wconf 86' lang='lat' dir='ltr'>lacus</span> <span class='ocrx_word' id='word_1_39' title='bbox 398 575 513 615; x_wconf 84' lang='lat' dir='ltr'>stans,</span> <span class='ocrx_word' id='word_1_40' title='bbox 539 571 601 617; x_wconf 87' lang='lat' dir='ltr'>qui</span> <span class='ocrx_word' id='word_1_41' title='bbox 623 571 663 606; x_wconf 82' lang='lat' dir='ltr'>fit</span> <span class='ocrx_word' id='word_1_42' title='bbox 688 582 730 606; x_wconf 83' lang='lat' dir='ltr'>ex</span> <span class='ocrx_word' id='word_1_43' title='bbox 758 571 958 605; x_wconf 73' lang='lat' dir='ltr'>reflexione</span> 
     </span>
     <span class='ocr_line' id='line_1_9' title="bbox 179 617 958 656; baseline -0.006 0"><span class='ocrx_word' id='word_1_44' title='bbox 179 623 215 656; x_wconf 87' lang='lat' dir='ltr'>et</span> <span class='ocrx_word' id='word_1_45' title='bbox 244 621 339 655; x_wconf 78' lang='lat' dir='ltr'>flexu</span> <span class='ocrx_word' id='word_1_46' title='bbox 368 618 543 655; x_wconf 84' lang='lat' dir='ltr'>Jordanis</span> <span class='ocrx_word' id='word_1_47' title='bbox 569 629 612 653; x_wconf 87' lang='lat' dir='ltr'>ac</span> <span class='ocrx_word' id='word_1_48' title='bbox 637 617 746 653; x_wconf 88' lang='lat' dir='ltr'>undis</span> <span class='ocrx_word' id='word_1_49' title='bbox 779 617 958 653; x_wconf 80' lang='lat' dir='ltr'>ebullien-</span> 
     </span>
     <span class='ocr_line' id='line_1_10' title="bbox 178 664 960 708; baseline -0.006 -6"><span class='ocrx_word' id='word_1_50' title='bbox 178 666 278 702; x_wconf 89' lang='lat' dir='ltr'>tibus</span> <span class='ocrx_word' id='word_1_51' title='bbox 317 670 351 701; x_wconf 89' lang='lat' dir='ltr'>et</span> <span class='ocrx_word' id='word_1_52' title='bbox 378 666 637 708; x_wconf 68' lang='lat' dir='ltr'>iiissuciitilms,</span> <span class='ocrx_word' id='word_1_53' title='bbox 669 676 734 700; x_wconf 87' lang='lat' dir='ltr'>nec</span> <span class='ocrx_word' id='word_1_54' title='bbox 765 665 876 699; x_wconf 84' lang='lat' dir='ltr'>habet</span> <span class='ocrx_word' id='word_1_55' title='bbox 910 664 960 699; x_wconf 89' lang='lat' dir='ltr'>al-</span> 
     </span>
     <span class='ocr_line' id='line_1_11' title="bbox 178 712 959 758; baseline -0.006 -9"><span class='ocrx_word' id='word_1_56' title='bbox 178 723 288 749; x_wconf 72' lang='lat' dir='ltr'>veum</span> <span class='ocrx_word' id='word_1_57' title='bbox 311 723 382 758; x_wconf 89' lang='lat' dir='ltr'>quo</span> <span class='ocrx_word' id='word_1_58' title='bbox 406 714 495 748; x_wconf 81' lang='lat' dir='ltr'>fluat</span> <span class='ocrx_word' id='word_1_59' title='bbox 517 720 619 747; x_wconf 75' lang='lat' dir='ltr'>extra</span> <span class='ocrx_word' id='word_1_60' title='bbox 642 712 762 746; x_wconf 85' lang='lat' dir='ltr'>locum</span> <span class='ocrx_word' id='word_1_61' title='bbox 781 722 901 753; x_wconf 81' lang='lat' dir='ltr'>suum,</span> <span class='ocrx_word' id='word_1_62' title='bbox 920 714 959 745; x_wconf 90' lang='lat' dir='ltr'>ut</span> 
     </span>
     <span class='ocr_line' id='line_1_12' title="bbox 180 758 958 795; baseline -0.004 0"><span class='ocrx_word' id='word_1_63' title='bbox 180 759 330 795; x_wconf 73' lang='lat' dir='ltr'>fluvius.</span> <span class='ocrx_word' id='word_1_64' title='bbox 361 761 476 795; x_wconf 87' lang='lat' dir='ltr'>Porro</span> <span class='ocrx_word' id='word_1_65' title='bbox 504 759 668 794; x_wconf 64' lang='lat' dir='ltr'>Gcnezar</span> <span class='ocrx_word' id='word_1_66' title='bbox 695 758 822 793; x_wconf 63' lang='grc' dir='ltr'>δι’-Ῥω</span> <span class='ocrx_word' id='word_1_67' title='bbox 850 768 958 792; x_wconf 74' lang='lat' dir='ltr'>voca-</span> 
     </span>
     <span class='ocr_line' id='line_1_13' title="bbox 178 803 959 851; baseline -0.008 -8"><span class='ocrx_word' id='word_1_68' title='bbox 178 807 266 843; x_wconf 86' lang='lat' dir='ltr'>bulo</span> <span class='ocrx_word' id='word_1_69' title='bbox 288 806 393 851; x_wconf 81' lang='lat' dir='ltr'>quasi</span> <span class='ocrx_word' id='word_1_70' title='bbox 415 816 589 849; x_wconf 64' lang='lat' dir='ltr'>ycneraizs</span> <span class='ocrx_word' id='word_1_71' title='bbox 617 804 686 839; x_wconf 87' lang='lat' dir='ltr'>sibi</span> <span class='ocrx_word' id='word_1_72' title='bbox 718 815 844 838; x_wconf 72' lang='lat' dir='ltr'>auram</span> <span class='ocrx_word' id='word_1_73' title='bbox 871 803 959 838; x_wconf 87' lang='lat' dir='ltr'>dici-</span> 
     </span>
     <span class='ocr_line' id='line_1_14' title="bbox 178 850 958 896; baseline -0.005 -7"><span class='ocrx_word' id='word_1_74' title='bbox 178 858 252 895; x_wconf 89' lang='lat' dir='ltr'>tur,</span> <span class='ocrx_word' id='word_1_75' title='bbox 284 864 305 888; x_wconf 87' lang='lat' dir='ltr'>a</span> <span class='ocrx_word' id='word_1_76' title='bbox 343 858 477 888; x_wconf 81' lang='lat' dir='ltr'>natura</span> <span class='ocrx_word' id='word_1_77' title='bbox 517 855 553 887; x_wconf 88' lang='lat' dir='ltr'>et</span> <span class='ocrx_word' id='word_1_78' title='bbox 588 850 817 896; x_wconf 65' lang='lat' dir='ltr'>proprietate</span> <span class='ocrx_word' id='word_1_79' title='bbox 855 850 958 885; x_wconf 85' lang='lat' dir='ltr'>lacus</span> 
     </span>
     <span class='ocr_line' id='line_1_15' title="bbox 178 898 958 946; baseline -0.005 -11"><span class='ocrx_word' id='word_1_80' title='bbox 178 899 310 946; x_wconf 85' lang='lat' dir='ltr'>ipsius,</span> <span class='ocrx_word' id='word_1_81' title='bbox 331 901 417 943; x_wconf 81' lang='lat' dir='ltr'>quia</span> <span class='ocrx_word' id='word_1_82' title='bbox 439 910 479 934; x_wconf 75' lang='lat' dir='ltr'>ex</span> <span class='ocrx_word' id='word_1_83' title='bbox 497 898 667 932; x_wconf 77' lang='lat' dir='ltr'>saucibus</span> <span class='ocrx_word' id='word_1_84' title='bbox 687 898 870 932; x_wconf 88' lang='lat' dir='ltr'>montium</span> <span class='ocrx_word' id='word_1_85' title='bbox 889 899 958 932; x_wconf 89' lang='lat' dir='ltr'>cir-</span> 
     </span>
     <span class='ocr_line' id='line_1_16' title="bbox 178 943 957 989; baseline -0.004 -7"><span class='ocrx_word' id='word_1_86' title='bbox 178 945 444 982; x_wconf 86' lang='lat' dir='ltr'>cumstantium</span> <span class='ocrx_word' id='word_1_87' title='bbox 490 945 705 989; x_wconf 82' lang='lat' dir='ltr'>frequenter</span> <span class='ocrx_word' id='word_1_88' title='bbox 747 944 792 978; x_wconf 86' lang='lat' dir='ltr'>de</span> <span class='ocrx_word' id='word_1_89' title='bbox 835 943 957 989; x_wconf 85' lang='lat' dir='ltr'>scipso</span> 
     </span>
     <span class='ocr_line' id='line_1_17' title="bbox 177 990 955 1033; baseline -0.004 -5"><span class='ocrx_word' id='word_1_90' title='bbox 177 993 246 1028; x_wconf 88' lang='lat' dir='ltr'>sibi</span> <span class='ocrx_word' id='word_1_91' title='bbox 283 1002 412 1027; x_wconf 86' lang='lat' dir='ltr'>auram</span> <span class='ocrx_word' id='word_1_92' title='bbox 450 990 595 1033; x_wconf 70' lang='lat' dir='ltr'>excitat,</span> <span class='ocrx_word' id='word_1_93' title='bbox 619 994 653 1025; x_wconf 86' lang='lat' dir='ltr'>et</span> <span class='ocrx_word' id='word_1_94' title='bbox 681 993 833 1025; x_wconf 67' lang='lat' dir='ltr'>ventum</span> <span class='ocrx_word' id='word_1_95' title='bbox 865 991 955 1026; x_wconf 58' lang='lat' dir='ltr'>vali&gt;</span> 
     </span>
     <span class='ocr_line' id='line_1_18' title="bbox 177 1037 958 1083; baseline -0.001 -9"><span class='ocrx_word' id='word_1_96' title='bbox 177 1040 264 1074; x_wconf 91' lang='lat' dir='ltr'>dum</span> <span class='ocrx_word' id='word_1_97' title='bbox 293 1038 448 1083; x_wconf 78' lang='lat' dir='ltr'>colligit,</span> <span class='ocrx_word' id='word_1_98' title='bbox 471 1037 549 1083; x_wconf 84' lang='lat' dir='ltr'>qui,</span> <span class='ocrx_word' id='word_1_99' title='bbox 575 1037 683 1072; x_wconf 85' lang='lat' dir='ltr'>undis</span> <span class='ocrx_word' id='word_1_100' title='bbox 704 1037 958 1073; x_wconf 72' lang='lat' dir='ltr'>crescentibus</span> 
     </span>
     <span class='ocr_line' id='line_1_19' title="bbox 178 1084 957 1130; baseline -0.001 -9"><span class='ocrx_word' id='word_1_101' title='bbox 178 1090 213 1121; x_wconf 90' lang='lat' dir='ltr'>et</span> <span class='ocrx_word' id='word_1_102' title='bbox 239 1096 277 1120; x_wconf 85' lang='lat' dir='ltr'>se</span> <span class='ocrx_word' id='word_1_103' title='bbox 299 1084 548 1122; x_wconf 75' lang='lat' dir='ltr'>moventibus,</span> <span class='ocrx_word' id='word_1_104' title='bbox 574 1095 615 1119; x_wconf 75' lang='lat' dir='ltr'>cx</span> <span class='ocrx_word' id='word_1_105' title='bbox 637 1084 752 1129; x_wconf 87' lang='lat' dir='ltr'>ipsius</span> <span class='ocrx_word' id='word_1_106' title='bbox 771 1096 879 1130; x_wconf 62' lang='lat' dir='ltr'>aquae</span> <span class='ocrx_word' id='word_1_107' title='bbox 898 1095 957 1120; x_wconf 84' lang='lat' dir='ltr'>re-</span> 
     </span>
     <span class='ocr_line' id='line_1_20' title="bbox 180 1131 959 1176; baseline 0 -9"><span class='ocrx_word' id='word_1_108' title='bbox 180 1131 431 1167; x_wconf 72' lang='lat' dir='ltr'>solutionibus</span> <span class='ocrx_word' id='word_1_109' title='bbox 453 1135 666 1176; x_wconf 75' lang='lat' dir='ltr'>generatur,</span> <span class='ocrx_word' id='word_1_110' title='bbox 688 1142 730 1166; x_wconf 77' lang='lat' dir='ltr'>ex</span> <span class='ocrx_word' id='word_1_111' title='bbox 758 1142 829 1176; x_wconf 86' lang='lat' dir='ltr'>quo</span> <span class='ocrx_word' id='word_1_112' title='bbox 862 1132 959 1167; x_wconf 85' lang='lat' dir='ltr'>sacta</span> 
     </span>
    </p>
   </div>
   <div class='ocr_carea' id='block_1_3' title="bbox 122 1178 959 1224">
    <p class='ocr_par' dir='ltr' id='par_1_3' title="bbox 122 1178 959 1224">
     <span class='ocr_line' id='line_1_21' title="bbox 122 1178 959 1224; baseline -0.001 -10"><span class='ocrx_word' id='word_1_113' title='bbox 122 1184 128 1190; x_wconf 84' lang='lat'>&#39;</span> <span class='ocrx_word' id='word_1_114' title='bbox 178 1178 217 1214; x_wconf 87' lang='lat' dir='ltr'>in</span> <span class='ocrx_word' id='word_1_115' title='bbox 255 1182 388 1223; x_wconf 81' lang='lat' dir='ltr'>stagno</span> <span class='ocrx_word' id='word_1_116' title='bbox 427 1178 724 1224; x_wconf 67' lang='lat' dir='ltr'>perturbatione,</span> <span class='ocrx_word' id='word_1_117' title='bbox 752 1182 788 1213; x_wconf 88' lang='lat' dir='ltr'>ct</span> <span class='ocrx_word' id='word_1_118' title='bbox 820 1178 959 1214; x_wconf 75' lang='lat' dir='ltr'>invale-</span> 
     </span>
    </p>
   </div>
   <div class='ocr_carea' id='block_1_4' title="bbox 168 1224 957 2869">
    <p class='ocr_par' dir='ltr' id='par_1_4' title="bbox 171 1224 957 2302">
     <span class='ocr_line' id='line_1_22' title="bbox 179 1224 957 1270; baseline -0.001 -9"><span class='ocrx_word' id='word_1_119' title='bbox 179 1229 304 1261; x_wconf 84' lang='lat' dir='ltr'>scente</span> <span class='ocrx_word' id='word_1_120' title='bbox 318 1228 552 1270; x_wconf 71' lang='lat' dir='ltr'>tempestate,</span> <span class='ocrx_word' id='word_1_121' title='bbox 566 1224 677 1260; x_wconf 89' lang='lat' dir='ltr'>undis</span> <span class='ocrx_word' id='word_1_122' title='bbox 689 1226 710 1259; x_wconf 86' lang='lat' dir='ltr'>ss</span> <span class='ocrx_word' id='word_1_123' title='bbox 718 1226 957 1261; x_wconf 83' lang='lat' dir='ltr'>uctuantibus</span> 
     </span>
     <span class='ocr_line' id='line_1_23' title="bbox 175 1272 954 1318; baseline -0.001 -10"><span class='ocrx_word' id='word_1_124' title='bbox 175 1272 361 1312; x_wconf 66' lang='lat' dir='ltr'>naviculae</span> <span class='ocrx_word' id='word_1_125' title='bbox 392 1273 614 1318; x_wconf 80' lang='lat' dir='ltr'>plerumque</span> <span class='ocrx_word' id='word_1_126' title='bbox 651 1273 954 1317; x_wconf 79' lang='lat' dir='ltr'>submerguntur.</span> 
     </span>
     <span class='ocr_line' id='line_1_24' title="bbox 175 1319 956 1364; baseline 0 -9"><span class='ocrx_word' id='word_1_127' title='bbox 175 1319 272 1355; x_wconf 84' lang='lat' dir='ltr'>Dicit</span> <span class='ocrx_word' id='word_1_128' title='bbox 289 1325 413 1355; x_wconf 87' lang='lat' dir='ltr'>tamen</span> <span class='ocrx_word' id='word_1_129' title='bbox 427 1320 628 1364; x_wconf 64' lang='lat' dir='ltr'>Josefflms,</span> <span class='ocrx_word' id='word_1_130' title='bbox 647 1319 745 1364; x_wconf 85' lang='lat' dir='ltr'>quod</span> <span class='ocrx_word' id='word_1_131' title='bbox 763 1319 815 1354; x_wconf 88' lang='lat' dir='ltr'>sic</span> <span class='ocrx_word' id='word_1_132' title='bbox 837 1320 956 1355; x_wconf 87' lang='lat' dir='ltr'>dictus</span> 
     </span>
     <span class='ocr_line' id='line_1_25' title="bbox 176 1366 954 1412; baseline 0.001 -11"><span class='ocrx_word' id='word_1_133' title='bbox 176 1366 223 1402; x_wconf 89' lang='lat' dir='ltr'>sit</span> <span class='ocrx_word' id='word_1_134' title='bbox 246 1377 267 1401; x_wconf 83' lang='lat' dir='ltr'>a</span> <span class='ocrx_word' id='word_1_135' title='bbox 289 1366 437 1402; x_wconf 86' lang='lat' dir='ltr'>modica</span> <span class='ocrx_word' id='word_1_136' title='bbox 453 1367 605 1410; x_wconf 72' lang='lat' dir='ltr'>regione</span> <span class='ocrx_word' id='word_1_137' title='bbox 620 1367 824 1410; x_wconf 85' lang='lat' dir='ltr'>Gcnezara,</span> <span class='ocrx_word' id='word_1_138' title='bbox 844 1378 954 1412; x_wconf 87' lang='lat' dir='ltr'>quam</span> 
     </span>
     <span class='ocr_line' id='line_1_26' title="bbox 175 1413 956 1459; baseline 0.001 -10"><span class='ocrx_word' id='word_1_139' title='bbox 175 1413 412 1459; x_wconf 61' lang='lat' dir='ltr'>praeterfluit,</span> <span class='ocrx_word' id='word_1_140' title='bbox 443 1424 524 1459; x_wconf 68' lang='lat' dir='ltr'>quacr</span> <span class='ocrx_word' id='word_1_141' title='bbox 557 1413 874 1458; x_wconf 85' lang='lat' dir='ltr'>temperatissima</span> <span class='ocrx_word' id='word_1_142' title='bbox 901 1418 956 1450; x_wconf 88' lang='lat' dir='ltr'>est</span> 
     </span>
     <span class='ocr_line' id='line_1_27' title="bbox 175 1460 953 1505; baseline 0 -9"><span class='ocrx_word' id='word_1_143' title='bbox 175 1464 211 1496; x_wconf 88' lang='lat' dir='ltr'>et</span> <span class='ocrx_word' id='word_1_144' title='bbox 232 1460 589 1496; x_wconf 63' lang='lat' dir='ltr'>convenientissima</span> <span class='ocrx_word' id='word_1_145' title='bbox 617 1460 716 1495; x_wconf 88' lang='lat' dir='ltr'>omni</span> <span class='ocrx_word' id='word_1_146' title='bbox 744 1461 873 1505; x_wconf 78' lang='lat' dir='ltr'>generi</span> <span class='ocrx_word' id='word_1_147' title='bbox 895 1472 953 1496; x_wconf 88' lang='lat' dir='ltr'>ar-</span> 
     </span>
     <span class='ocr_line' id='line_1_28' title="bbox 173 1507 955 1552; baseline 0 -9"><span class='ocrx_word' id='word_1_148' title='bbox 173 1507 309 1543; x_wconf 83' lang='lat' dir='ltr'>borum</span> <span class='ocrx_word' id='word_1_149' title='bbox 348 1520 357 1542; x_wconf 74' lang='grc' dir='ltr'><strong><em>ε</em></strong></span> <span class='ocrx_word' id='word_1_150' title='bbox 395 1508 493 1543; x_wconf 89' lang='lat' dir='ltr'>unde</span> <span class='ocrx_word' id='word_1_151' title='bbox 528 1508 796 1552; x_wconf 81' lang='lat' dir='ltr'>interpretatur</span> <span class='ocrx_word' id='word_1_152' title='bbox 832 1509 955 1543; x_wconf 67' lang='lat' dir='ltr'>hortas</span> 
     </span>
     <span class='ocr_line' id='line_1_29' title="bbox 174 1555 956 1599; baseline 0.003 -11"><span class='ocrx_word' id='word_1_153' title='bbox 174 1555 233 1589; x_wconf 73' lang='lat' dir='ltr'>vel</span> <span class='ocrx_word' id='word_1_154' title='bbox 272 1556 497 1599; x_wconf 73' lang='lat' dir='ltr'>principiam</span> <span class='ocrx_word' id='word_1_155' title='bbox 548 1557 770 1589; x_wconf 59' lang='lat' dir='ltr'>nativitatis.</span> <span class='ocrx_word' id='word_1_156' title='bbox 812 1555 956 1590; x_wconf 88' lang='lat' dir='ltr'>Dicitur</span> 
     </span>
     <span class='ocr_line' id='line_1_30' title="bbox 175 1600 956 1647; baseline 0.001 -11"><span class='ocrx_word' id='word_1_157' title='bbox 175 1601 287 1636; x_wconf 88' lang='lat' dir='ltr'>etiam</span> <span class='ocrx_word' id='word_1_158' title='bbox 308 1601 500 1636; x_wconf 79' lang='lat' dir='ltr'>interdum</span> <span class='ocrx_word' id='word_1_159' title='bbox 526 1602 628 1636; x_wconf 80' lang='lat' dir='ltr'>lacus</span> <span class='ocrx_word' id='word_1_160' title='bbox 646 1600 850 1637; x_wconf 83' lang='lat' dir='ltr'>salinarum</span> <span class='ocrx_word' id='word_1_161' title='bbox 873 1613 956 1647; x_wconf 90' lang='lat' dir='ltr'>pro-</span> 
     </span>
     <span class='ocr_line' id='line_1_31' title="bbox 173 1648 956 1694; baseline 0.001 -11"><span class='ocrx_word' id='word_1_162' title='bbox 173 1650 259 1694; x_wconf 89' lang='lat' dir='ltr'>pter</span> <span class='ocrx_word' id='word_1_163' title='bbox 282 1650 413 1693; x_wconf 89' lang='lat' dir='ltr'>puteos</span> <span class='ocrx_word' id='word_1_164' title='bbox 430 1649 530 1683; x_wconf 78' lang='lat' dir='ltr'>unde</span> <span class='ocrx_word' id='word_1_165' title='bbox 547 1648 600 1683; x_wconf 87' lang='lat' dir='ltr'>sal</span> <span class='ocrx_word' id='word_1_166' title='bbox 619 1648 839 1683; x_wconf 70' lang='lat' dir='ltr'>trahebatur</span> <span class='ocrx_word' id='word_1_167' title='bbox 874 1649 956 1684; x_wconf 88' lang='lat' dir='ltr'>Flu—</span> 
     </span>
     <span class='ocr_line' id='line_1_32' title="bbox 173 1694 956 1731; baseline 0.001 -1"><span class='ocrx_word' id='word_1_168' title='bbox 173 1694 256 1730; x_wconf 78' lang='lat' dir='ltr'>vius</span> <span class='ocrx_word' id='word_1_169' title='bbox 279 1699 405 1730; x_wconf 86' lang='lat' dir='ltr'>autem</span> <span class='ocrx_word' id='word_1_170' title='bbox 419 1694 596 1731; x_wconf 85' lang='lat' dir='ltr'>Jordanis</span> <span class='ocrx_word' id='word_1_171' title='bbox 616 1695 663 1730; x_wconf 87' lang='lat' dir='ltr'>ad</span> <span class='ocrx_word' id='word_1_172' title='bbox 686 1695 829 1730; x_wconf 77' lang='lat' dir='ltr'>radices</span> <span class='ocrx_word' id='word_1_173' title='bbox 852 1706 956 1731; x_wconf 85' lang='lat' dir='ltr'>mon-</span> 
     </span>
     <span class='ocr_line' id='line_1_33' title="bbox 175 1741 952 1788; baseline 0.001 -12"><span class='ocrx_word' id='word_1_174' title='bbox 175 1741 222 1777; x_wconf 91' lang='lat' dir='ltr'>tis</span> <span class='ocrx_word' id='word_1_175' title='bbox 252 1741 382 1777; x_wconf 83' lang='lat' dir='ltr'>Libani</span> <span class='ocrx_word' id='word_1_176' title='bbox 412 1742 517 1787; x_wconf 83' lang='lat' dir='ltr'>juxta</span> <span class='ocrx_word' id='word_1_177' title='bbox 553 1743 760 1777; x_wconf 54' lang='lat' dir='ltr'>Caesaream</span> <span class='ocrx_word' id='word_1_178' title='bbox 793 1742 952 1788; x_wconf 84' lang='lat' dir='ltr'>Philippi</span> 
     </span>
     <span class='ocr_line' id='line_1_34' title="bbox 175 1789 954 1832; baseline 0.003 -9"><span class='ocrx_word' id='word_1_179' title='bbox 175 1798 217 1823; x_wconf 81' lang='lat' dir='ltr'>ex</span> <span class='ocrx_word' id='word_1_180' title='bbox 256 1789 403 1824; x_wconf 86' lang='lat' dir='ltr'>duobus</span> <span class='ocrx_word' id='word_1_181' title='bbox 445 1789 623 1832; x_wconf 78' lang='lat' dir='ltr'>fontibus,</span> <span class='ocrx_word' id='word_1_182' title='bbox 666 1789 806 1824; x_wconf 83' lang='lat' dir='ltr'>scilicet</span> <span class='ocrx_word' id='word_1_183' title='bbox 834 1791 894 1825; x_wconf 86' lang='lat' dir='ltr'>lor</span> <span class='ocrx_word' id='word_1_184' title='bbox 918 1794 954 1825; x_wconf 85' lang='lat' dir='ltr'>et</span> 
     </span>
     <span class='ocr_line' id='line_1_35' title="bbox 173 1835 953 1881; baseline 0.001 -11"><span class='ocrx_word' id='word_1_185' title='bbox 173 1836 268 1879; x_wconf 88' lang='lat' dir='ltr'>Dan,</span> <span class='ocrx_word' id='word_1_186' title='bbox 289 1846 331 1870; x_wconf 76' lang='lat' dir='ltr'>ex</span> <span class='ocrx_word' id='word_1_187' title='bbox 352 1835 486 1881; x_wconf 85' lang='lat' dir='ltr'>quibus</span> <span class='ocrx_word' id='word_1_188' title='bbox 512 1846 647 1871; x_wconf 88' lang='lat' dir='ltr'>nomen</span> <span class='ocrx_word' id='word_1_189' title='bbox 669 1835 783 1870; x_wconf 86' lang='lat' dir='ltr'>trahit</span> <span class='ocrx_word' id='word_1_190' title='bbox 822 1840 857 1872; x_wconf 90' lang='lat' dir='ltr'>et</span> <span class='ocrx_word' id='word_1_191' title='bbox 878 1837 953 1871; x_wconf 89' lang='lat' dir='ltr'>ori-</span> 
     </span>
     <span class='ocr_line' id='line_1_36' title="bbox 173 1882 952 1928; baseline 0.004 -12"><span class='ocrx_word' id='word_1_192' title='bbox 173 1882 312 1927; x_wconf 82' lang='lat' dir='ltr'>ginem,</span> <span class='ocrx_word' id='word_1_193' title='bbox 336 1882 373 1917; x_wconf 90' lang='lat' dir='ltr'>in</span> <span class='ocrx_word' id='word_1_194' title='bbox 403 1883 582 1928; x_wconf 62' lang='lat' dir='ltr'>prfedicto</span> <span class='ocrx_word' id='word_1_195' title='bbox 620 1887 751 1928; x_wconf 81' lang='lat' dir='ltr'>stagno</span> <span class='ocrx_word' id='word_1_196' title='bbox 788 1883 952 1919; x_wconf 87' lang='lat' dir='ltr'>Geneza-</span> 
     </span>
     <span class='ocr_line' id='line_1_37' title="bbox 172 1929 955 1975; baseline 0.003 -11"><span class='ocrx_word' id='word_1_197' title='bbox 172 1930 257 1964; x_wconf 86' lang='lat' dir='ltr'>reth</span> <span class='ocrx_word' id='word_1_198' title='bbox 294 1929 500 1973; x_wconf 85' lang='lat' dir='ltr'>descendit,</span> <span class='ocrx_word' id='word_1_199' title='bbox 530 1933 566 1965; x_wconf 87' lang='lat' dir='ltr'>et</span> <span class='ocrx_word' id='word_1_200' title='bbox 598 1940 665 1975; x_wconf 87' lang='lat' dir='ltr'>per</span> <span class='ocrx_word' id='word_1_201' title='bbox 692 1929 814 1975; x_wconf 88' lang='lat' dir='ltr'>ipsum</span> <span class='ocrx_word' id='word_1_202' title='bbox 836 1934 955 1966; x_wconf 86' lang='lat' dir='ltr'>trans-</span> 
     </span>
     <span class='ocr_line' id='line_1_38' title="bbox 171 1975 955 2023; baseline 0.003 -12"><span class='ocrx_word' id='word_1_203' title='bbox 171 1975 273 2019; x_wconf 87' lang='lat' dir='ltr'>iens,</span> <span class='ocrx_word' id='word_1_204' title='bbox 314 1980 350 2012; x_wconf 89' lang='lat' dir='ltr'>et</span> <span class='ocrx_word' id='word_1_205' title='bbox 393 1975 480 2011; x_wconf 88' lang='lat' dir='ltr'>inde</span> <span class='ocrx_word' id='word_1_206' title='bbox 520 1980 619 2012; x_wconf 88' lang='lat' dir='ltr'>totus</span> <span class='ocrx_word' id='word_1_207' title='bbox 654 1976 850 2021; x_wconf 79' lang='lat' dir='ltr'>egrediens</span> <span class='ocrx_word' id='word_1_208' title='bbox 887 1988 955 2023; x_wconf 87' lang='lat' dir='ltr'>per</span> 
     </span>
     <span class='ocr_line' id='line_1_39' title="bbox 171 2023 953 2069; baseline 0.003 -11"><span class='ocrx_word' id='word_1_209' title='bbox 171 2023 326 2068; x_wconf 79' lang='lat' dir='ltr'>longum</span> <span class='ocrx_word' id='word_1_210' title='bbox 348 2023 525 2068; x_wconf 88' lang='lat' dir='ltr'>spatium,</span> <span class='ocrx_word' id='word_1_211' title='bbox 549 2023 742 2069; x_wconf 75' lang='lat' dir='ltr'>regionem</span> <span class='ocrx_word' id='word_1_212' title='bbox 775 2024 953 2069; x_wconf 60' lang='lat' dir='ltr'>adjacen—</span> 
     </span>
     <span class='ocr_line' id='line_1_40' title="bbox 173 2070 952 2116; baseline 0.004 -12"><span class='ocrx_word' id='word_1_213' title='bbox 173 2073 250 2105; x_wconf 88' lang='lat' dir='ltr'>tem</span> <span class='ocrx_word' id='word_1_214' title='bbox 284 2070 446 2116; x_wconf 82' lang='lat' dir='ltr'>irrigaus</span> <span class='ocrx_word' id='word_1_215' title='bbox 478 2081 545 2116; x_wconf 88' lang='lat' dir='ltr'>per</span> <span class='ocrx_word' id='word_1_216' title='bbox 580 2071 714 2106; x_wconf 61' lang='lat' dir='ltr'>vallem</span> <span class='ocrx_word' id='word_1_217' title='bbox 753 2070 952 2116; x_wconf 79' lang='lat' dir='ltr'>illustrem,</span> 
     </span>
     <span class='ocr_line' id='line_1_41' title="bbox 172 2117 954 2162; baseline 0.004 -11"><span class='ocrx_word' id='word_1_218' title='bbox 172 2127 257 2162; x_wconf 78' lang='lat' dir='ltr'>quae</span> <span class='ocrx_word' id='word_1_219' title='bbox 269 2117 376 2152; x_wconf 74' lang='lat' dir='ltr'>vallis</span> <span class='ocrx_word' id='word_1_220' title='bbox 392 2117 598 2153; x_wconf 88' lang='lat' dir='ltr'>salinarum</span> <span class='ocrx_word' id='word_1_221' title='bbox 619 2117 767 2161; x_wconf 88' lang='lat' dir='ltr'>dicitur,</span> <span class='ocrx_word' id='word_1_222' title='bbox 794 2118 833 2153; x_wconf 90' lang='lat' dir='ltr'>in</span> <span class='ocrx_word' id='word_1_223' title='bbox 849 2129 954 2155; x_wconf 89' lang='lat' dir='ltr'>mare</span> 
     </span>
     <span class='ocr_line' id='line_1_42' title="bbox 172 2164 951 2210; baseline 0.004 -12"><span class='ocrx_word' id='word_1_224' title='bbox 172 2167 363 2199; x_wconf 86' lang='lat' dir='ltr'>mortuum</span> <span class='ocrx_word' id='word_1_225' title='bbox 384 2175 459 2199; x_wconf 90' lang='lat' dir='ltr'>non</span> <span class='ocrx_word' id='word_1_226' title='bbox 481 2165 591 2210; x_wconf 66' lang='lat' dir='ltr'>longe</span> <span class='ocrx_word' id='word_1_227' title='bbox 611 2176 633 2201; x_wconf 88' lang='lat' dir='ltr'>a</span> <span class='ocrx_word' id='word_1_228' title='bbox 653 2164 803 2201; x_wconf 87' lang='lat' dir='ltr'>Jericho</span> <span class='ocrx_word' id='word_1_229' title='bbox 828 2176 866 2201; x_wconf 90' lang='lat' dir='ltr'>se</span> <span class='ocrx_word' id='word_1_230' title='bbox 889 2166 951 2201; x_wconf 85' lang='lat' dir='ltr'>in·</span> 
     </span>
     <span class='ocr_line' id='line_1_43' title="bbox 172 2209 953 2259; baseline 0.006 -15"><span class='ocrx_word' id='word_1_231' title='bbox 172 2209 311 2254; x_wconf 83' lang='lat' dir='ltr'>fundit,</span> <span class='ocrx_word' id='word_1_232' title='bbox 331 2214 367 2245; x_wconf 92' lang='lat' dir='ltr'>et</span> <span class='ocrx_word' id='word_1_233' title='bbox 388 2214 517 2256; x_wconf 81' lang='lat' dir='ltr'>postca</span> <span class='ocrx_word' id='word_1_234' title='bbox 550 2222 734 2258; x_wconf 82' lang='lat' dir='ltr'>nusquam</span> <span class='ocrx_word' id='word_1_235' title='bbox 768 2223 953 2259; x_wconf 88' lang='lat' dir='ltr'>apparens</span> 
     </span>
     <span class='ocr_line' id='line_1_44' title="bbox 175 2255 629 2302; baseline 0.004 -10"><span class='ocrx_word' id='word_1_236' title='bbox 175 2255 215 2292; x_wconf 85' lang='lat' dir='ltr'>in</span> <span class='ocrx_word' id='word_1_237' title='bbox 237 2258 371 2302; x_wconf 80' lang='lat' dir='ltr'>abysso</span> <span class='ocrx_word' id='word_1_238' title='bbox 394 2258 629 2294; x_wconf 76' lang='lat' dir='ltr'>absorbetur.</span> 
     </span>
    </p>

    <p class='ocr_par' dir='ltr' id='par_1_5' title="bbox 168 2305 953 2869">
     <span class='ocr_line' id='line_1_45' title="bbox 219 2305 952 2350; baseline 0.007 -12"><span class='ocrx_word' id='word_1_239' title='bbox 219 2319 238 2350; x_wconf 86' lang='lat'>7</span> <span class='ocrx_word' id='word_1_240' title='bbox 261 2305 393 2339; x_wconf 51' lang='lat' dir='ltr'>TssnTis</span> <span class='ocrx_word' id='word_1_241' title='bbox 419 2316 567 2340; x_wconf 48' lang='lat' dir='ltr'>toenio</span> <span class='ocrx_word' id='word_1_242' title='bbox 597 2307 705 2342; x_wconf 71' lang='lat' dir='ltr'>Pmm</span> <span class='ocrx_word' id='word_1_243' title='bbox 723 2319 764 2342; x_wconf 80' lang='lat' dir='ltr'>ET</span> <span class='ocrx_word' id='word_1_244' title='bbox 783 2308 952 2343; x_wconf 67' lang='lat' dir='ltr'>Axnnm.</span> 
     </span>
     <span class='ocr_line' id='line_1_46' title="bbox 172 2350 953 2397; baseline 0.008 -12"><span class='ocrx_word' id='word_1_245' title='bbox 172 2371 217 2376; x_wconf 90' lang='lat'>——</span> <span class='ocrx_word' id='word_1_246' title='bbox 231 2350 387 2392; x_wconf 80' lang='lat' dir='ltr'>Deinde,</span> <span class='ocrx_word' id='word_1_247' title='bbox 403 2362 485 2386; x_wconf 90' lang='lat' dir='ltr'>cum</span> <span class='ocrx_word' id='word_1_248' title='bbox 499 2356 580 2397; x_wconf 90' lang='lat' dir='ltr'>post</span> <span class='ocrx_word' id='word_1_249' title='bbox 597 2352 706 2389; x_wconf 88' lang='lat' dir='ltr'>istam</span> <span class='ocrx_word' id='word_1_250' title='bbox 717 2355 953 2391; x_wconf 86' lang='lat' dir='ltr'>vocationem</span> 
     </span>
     <span class='ocr_line' id='line_1_47' title="bbox 171 2397 953 2445; baseline 0.006 -12"><span class='ocrx_word' id='word_1_251' title='bbox 171 2397 343 2444; x_wconf 72' lang='lat' dir='ltr'>praedicti</span> <span class='ocrx_word' id='word_1_252' title='bbox 363 2398 533 2444; x_wconf 88' lang='lat' dir='ltr'>discipuli</span> <span class='ocrx_word' id='word_1_253' title='bbox 554 2400 600 2434; x_wconf 88' lang='lat' dir='ltr'>ad</span> <span class='ocrx_word' id='word_1_254' title='bbox 629 2411 708 2445; x_wconf 86' lang='lat' dir='ltr'>sua,</span> <span class='ocrx_word' id='word_1_255' title='bbox 743 2405 783 2437; x_wconf 94' lang='lat' dir='ltr'>ut</span> <span class='ocrx_word' id='word_1_256' title='bbox 814 2402 953 2438; x_wconf 89' lang='lat' dir='ltr'>dictum</span> 
     </span>
     <span class='ocr_line' id='line_1_48' title="bbox 173 2445 952 2494; baseline 0.006 -14"><span class='ocrx_word' id='word_1_257' title='bbox 173 2448 242 2490; x_wconf 91' lang='lat' dir='ltr'>est,</span> <span class='ocrx_word' id='word_1_258' title='bbox 289 2448 324 2481; x_wconf 87' lang='lat' dir='ltr'>et</span> <span class='ocrx_word' id='word_1_259' title='bbox 362 2445 410 2481; x_wconf 86' lang='lat' dir='ltr'>ad</span> <span class='ocrx_word' id='word_1_260' title='bbox 452 2445 696 2491; x_wconf 88' lang='lat' dir='ltr'>piscationem</span> <span class='ocrx_word' id='word_1_261' title='bbox 738 2449 952 2494; x_wconf 81' lang='lat' dir='ltr'>rediissent,</span> 
     </span>
     <span class='ocr_line' id='line_1_49' title="bbox 171 2493 951 2538; baseline 0.008 -11"><span class='ocrx_word' id='word_1_262' title='bbox 171 2493 364 2528; x_wconf 77' lang='lat' dir='ltr'>ambulans</span> <span class='ocrx_word' id='word_1_263' title='bbox 389 2494 492 2528; x_wconf 78' lang='lat' dir='ltr'>Jesus</span> <span class='ocrx_word' id='word_1_264' title='bbox 513 2493 628 2537; x_wconf 68' lang='lat' dir='ltr'>juncta</span> <span class='ocrx_word' id='word_1_265' title='bbox 655 2506 753 2530; x_wconf 83' lang='lat' dir='ltr'>mare</span> <span class='ocrx_word' id='word_1_266' title='bbox 779 2497 951 2538; x_wconf 72' lang='lat' dir='ltr'>Galtlaeae,</span> 
     </span>
     <span class='ocr_line' id='line_1_50' title="bbox 170 2538 950 2584; baseline 0.006 -10"><span class='ocrx_word' id='word_1_267' title='bbox 170 2538 309 2576; x_wconf 91' lang='lat' dir='ltr'>iterum</span> <span class='ocrx_word' id='word_1_268' title='bbox 343 2540 438 2576; x_wconf 74' lang='lat' dir='ltr'>vidit</span> <span class='ocrx_word' id='word_1_269' title='bbox 472 2541 560 2575; x_wconf 81' lang='lat' dir='ltr'>daos</span> <span class='ocrx_word' id='word_1_270' title='bbox 589 2542 739 2584; x_wconf 74' lang='lat' dir='ltr'>fratreS,</span> <span class='ocrx_word' id='word_1_271' title='bbox 758 2544 950 2584; x_wconf 76' lang='lat' dir='ltr'>Simonem,</span> 
     </span>
     <span class='ocr_line' id='line_1_51' title="bbox 170 2589 953 2633; baseline 0.006 -12"><span class='ocrx_word' id='word_1_272' title='bbox 170 2589 236 2632; x_wconf 79' lang='lat' dir='ltr'>qai</span> <span class='ocrx_word' id='word_1_273' title='bbox 249 2591 398 2622; x_wconf 74' lang='lat' dir='ltr'>vocatur</span> <span class='ocrx_word' id='word_1_274' title='bbox 413 2589 540 2622; x_wconf 79' lang='lat' dir='ltr'>Petras</span> <span class='ocrx_word' id='word_1_275' title='bbox 557 2592 589 2623; x_wconf 87' lang='lat' dir='ltr'>et</span> <span class='ocrx_word' id='word_1_276' title='bbox 601 2589 787 2624; x_wconf 77' lang='lat' dir='ltr'>Andream</span> <span class='ocrx_word' id='word_1_277' title='bbox 799 2592 953 2633; x_wconf 75' lang='lat' dir='ltr'>fratrem</span> 
     </span>
     <span class='ocr_line' id='line_1_52' title="bbox 170 2634 951 2682; baseline 0.005 -13"><span class='ocrx_word' id='word_1_278' title='bbox 170 2634 262 2678; x_wconf 78' lang='lat' dir='ltr'>ejus,</span> <span class='ocrx_word' id='word_1_279' title='bbox 312 2645 390 2670; x_wconf 90' lang='lat' dir='ltr'>non</span> <span class='ocrx_word' id='word_1_280' title='bbox 431 2637 510 2670; x_wconf 87' lang='lat' dir='ltr'>tam</span> <span class='ocrx_word' id='word_1_281' title='bbox 554 2636 801 2681; x_wconf 82' lang='lat' dir='ltr'>corporaliter</span> <span class='ocrx_word' id='word_1_282' title='bbox 839 2647 951 2682; x_wconf 85' lang='lat' dir='ltr'>quam</span> 
     </span>
     <span class='ocr_line' id='line_1_53' title="bbox 170 2680 952 2729; baseline 0.005 -13"><span class='ocrx_word' id='word_1_283' title='bbox 170 2680 429 2726; x_wconf 83' lang='lat' dir='ltr'>spiritualiter,</span> <span class='ocrx_word' id='word_1_284' title='bbox 448 2685 484 2718; x_wconf 89' lang='lat' dir='ltr'>et</span> <span class='ocrx_word' id='word_1_285' title='bbox 503 2682 621 2728; x_wconf 81' lang='lat' dir='ltr'>magis</span> <span class='ocrx_word' id='word_1_286' title='bbox 639 2682 686 2718; x_wconf 90' lang='lat' dir='ltr'>ad</span> <span class='ocrx_word' id='word_1_287' title='bbox 707 2684 820 2719; x_wconf 81' lang='lat' dir='ltr'>corda</span> <span class='ocrx_word' id='word_1_288' title='bbox 841 2695 952 2729; x_wconf 87' lang='lat' dir='ltr'>quam</span> 
     </span>
     <span class='ocr_line' id='line_1_54' title="bbox 170 2728 952 2775; baseline 0.005 -12"><span class='ocrx_word' id='word_1_289' title='bbox 170 2728 218 2764; x_wconf 83' lang='lat' dir='ltr'>ad</span> <span class='ocrx_word' id='word_1_290' title='bbox 235 2728 368 2764; x_wconf 88' lang='lat' dir='ltr'>faciem</span> <span class='ocrx_word' id='word_1_291' title='bbox 380 2729 599 2775; x_wconf 83' lang='lat' dir='ltr'>respiciens,</span> <span class='ocrx_word' id='word_1_292' title='bbox 612 2732 791 2765; x_wconf 77' lang='lat' dir='ltr'>mittentes</span> <span class='ocrx_word' id='word_1_293' title='bbox 802 2734 894 2767; x_wconf 75' lang='lat' dir='ltr'>retia</span> <span class='ocrx_word' id='word_1_294' title='bbox 913 2734 952 2767; x_wconf 80' lang='lat' dir='ltr'>in</span> 
     </span>
     <span class='ocr_line' id='line_1_55' title="bbox 168 2775 950 2824; baseline 0.004 -14"><span class='ocrx_word' id='word_1_295' title='bbox 168 2785 280 2816; x_wconf 75' lang='lat' dir='ltr'>mare,</span> <span class='ocrx_word' id='word_1_296' title='bbox 303 2776 350 2811; x_wconf 84' lang='lat' dir='ltr'>ad</span> <span class='ocrx_word' id='word_1_297' title='bbox 376 2775 596 2822; x_wconf 86' lang='lat' dir='ltr'>piscandum</span> <span class='ocrx_word' id='word_1_298' title='bbox 623 2780 660 2813; x_wconf 88' lang='lat' dir='ltr'>et</span> <span class='ocrx_word' id='word_1_299' title='bbox 683 2776 821 2813; x_wconf 87' lang='lat' dir='ltr'>victum</span> <span class='ocrx_word' id='word_1_300' title='bbox 849 2789 950 2824; x_wconf 82' lang='lat' dir='ltr'>quae-</span> 
     </span>
     <span class='ocr_line' id='line_1_56' title="bbox 168 2822 949 2869; baseline 0.005 -12"><span class='ocrx_word' id='word_1_301' title='bbox 168 2822 343 2859; x_wconf 86' lang='lat' dir='ltr'>rendum.</span> <span class='ocrx_word' id='word_1_302' title='bbox 380 2825 577 2869; x_wconf 86' lang='lat' dir='ltr'>Decenter,</span> <span class='ocrx_word' id='word_1_303' title='bbox 610 2827 650 2860; x_wconf 91' lang='lat' dir='ltr'>ut</span> <span class='ocrx_word' id='word_1_304' title='bbox 685 2824 773 2861; x_wconf 87' lang='lat' dir='ltr'>dicit</span> <span class='ocrx_word' id='word_1_305' title='bbox 809 2825 949 2867; x_wconf 74' lang='lat' dir='ltr'>Glossa,</span> 
     </span>
    </p>
   </div>
   <div class='ocr_carea' id='block_1_5' title="bbox 1023 287 1827 2873">
    <p class='ocr_par' dir='ltr' id='par_1_6' title="bbox 1029 287 1815 1695">
     <span class='ocr_line' id='line_1_57' title="bbox 1033 287 1813 336; baseline -0.001 -11"><span class='ocrx_word' id='word_1_306' title='bbox 1033 300 1099 335; x_wconf 88' lang='lat' dir='ltr'>per</span> <span class='ocrx_word' id='word_1_307' title='bbox 1124 288 1325 336; x_wconf 85' lang='lat' dir='ltr'>piscatoria</span> <span class='ocrx_word' id='word_1_308' title='bbox 1356 287 1456 324; x_wconf 82' lang='lat' dir='ltr'>vadit</span> <span class='ocrx_word' id='word_1_309' title='bbox 1491 287 1585 327; x_wconf 83' lang='lat' dir='ltr'>loca.</span> <span class='ocrx_word' id='word_1_310' title='bbox 1603 287 1813 334; x_wconf 85' lang='lat' dir='ltr'>piscatores</span> 
     </span>
     <span class='ocr_line' id='line_1_58' title="bbox 1032 336 1812 382; baseline 0 -11"><span class='ocrx_word' id='word_1_311' title='bbox 1032 336 1243 382; x_wconf 87' lang='lat' dir='ltr'>piscaturus</span> <span class='ocrx_word' id='word_1_312' title='bbox 1263 348 1270 371; x_wconf 78' lang='lat' dir='ltr'>z</span> <span class='ocrx_word' id='word_1_313' title='bbox 1290 339 1407 372; x_wconf 73' lang='lat' dir='ltr'>Erant</span> <span class='ocrx_word' id='word_1_314' title='bbox 1426 337 1518 370; x_wconf 77' lang='lat' dir='ltr'>enim</span> <span class='ocrx_word' id='word_1_315' title='bbox 1538 337 1746 380; x_wconf 77' lang='lat' dir='ltr'>piscatores.</span> <span class='ocrx_word' id='word_1_316' title='bbox 1765 337 1812 371; x_wconf 81' lang='lat' dir='ltr'>Et</span> 
     </span>
     <span class='ocr_line' id='line_1_59' title="bbox 1033 382 1813 428; baseline -0.001 -10"><span class='ocrx_word' id='word_1_317' title='bbox 1033 386 1086 418; x_wconf 79' lang='lat' dir='ltr'>ait</span> <span class='ocrx_word' id='word_1_318' title='bbox 1116 385 1194 419; x_wconf 74' lang='lat' dir='ltr'>illis</span> <span class='ocrx_word' id='word_1_319' title='bbox 1217 397 1227 418; x_wconf 93' lang='grc'>.·</span> <span class='ocrx_word' id='word_1_320' title='bbox 1258 385 1384 419; x_wconf 77' lang='lat' dir='ltr'>Ventte</span> <span class='ocrx_word' id='word_1_321' title='bbox 1416 385 1498 428; x_wconf 78' lang='lat' dir='ltr'>post</span> <span class='ocrx_word' id='word_1_322' title='bbox 1521 393 1588 426; x_wconf 83' lang='lat' dir='ltr'>me,</span> <span class='ocrx_word' id='word_1_323' title='bbox 1611 382 1748 418; x_wconf 81' lang='lat' dir='ltr'>affectu</span> <span class='ocrx_word' id='word_1_324' title='bbox 1776 384 1813 417; x_wconf 91' lang='lat' dir='ltr'>et</span> 
     </span>
     <span class='ocr_line' id='line_1_60' title="bbox 1032 429 1812 475; baseline -0.001 -10"><span class='ocrx_word' id='word_1_325' title='bbox 1032 430 1254 473; x_wconf 86' lang='lat' dir='ltr'>imitatione,</span> <span class='ocrx_word' id='word_1_326' title='bbox 1298 434 1334 465; x_wconf 88' lang='lat' dir='ltr'>et</span> <span class='ocrx_word' id='word_1_327' title='bbox 1382 429 1698 475; x_wconf 79' lang='lat' dir='ltr'>quemadmodum</span> <span class='ocrx_word' id='word_1_328' title='bbox 1742 439 1812 474; x_wconf 86' lang='lat' dir='ltr'>ego</span> 
     </span>
     <span class='ocr_line' id='line_1_61' title="bbox 1033 477 1814 520; baseline -0.001 -9"><span class='ocrx_word' id='word_1_329' title='bbox 1033 478 1181 513; x_wconf 86' lang='lat' dir='ltr'>ambulo</span> <span class='ocrx_word' id='word_1_330' title='bbox 1221 481 1257 513; x_wconf 85' lang='lat' dir='ltr'>et</span> <span class='ocrx_word' id='word_1_331' title='bbox 1292 487 1357 512; x_wconf 75' lang='lat' dir='ltr'>vos</span> <span class='ocrx_word' id='word_1_332' title='bbox 1385 477 1598 520; x_wconf 84' lang='lat' dir='ltr'>ambulate;</span> <span class='ocrx_word' id='word_1_333' title='bbox 1624 477 1814 519; x_wconf 75' lang='lat' dir='ltr'>etfaciam</span> 
     </span>
     <span class='ocr_line' id='line_1_62' title="bbox 1033 525 1812 569; baseline 0 -11"><span class='ocrx_word' id='word_1_334' title='bbox 1033 535 1092 558; x_wconf 82' lang='lat' dir='ltr'>vos</span> <span class='ocrx_word' id='word_1_335' title='bbox 1107 526 1186 568; x_wconf 73' lang='lat' dir='ltr'>sieri</span> <span class='ocrx_word' id='word_1_336' title='bbox 1200 526 1400 569; x_wconf 73' lang='lat' dir='ltr'>piscatores</span> <span class='ocrx_word' id='word_1_337' title='bbox 1413 525 1609 563; x_wconf 74' lang='lat' dir='ltr'>hominum,</span> <span class='ocrx_word' id='word_1_338' title='bbox 1628 533 1812 569; x_wconf 86' lang='lat' dir='ltr'>nonprae-</span> 
     </span>
     <span class='ocr_line' id='line_1_63' title="bbox 1031 569 1812 613; baseline 0 -9"><span class='ocrx_word' id='word_1_339' title='bbox 1031 571 1253 613; x_wconf 78' lang='lat' dir='ltr'>hendarum,</span> <span class='ocrx_word' id='word_1_340' title='bbox 1279 581 1354 605; x_wconf 90' lang='lat' dir='ltr'>non</span> <span class='ocrx_word' id='word_1_341' title='bbox 1375 570 1620 613; x_wconf 89' lang='lat' dir='ltr'>decimarum,</span> <span class='ocrx_word' id='word_1_342' title='bbox 1641 570 1705 605; x_wconf 88' lang='lat' dir='ltr'>sed</span> <span class='ocrx_word' id='word_1_343' title='bbox 1730 569 1812 605; x_wconf 90' lang='lat' dir='ltr'>ani-</span> 
     </span>
     <span class='ocr_line' id='line_1_64' title="bbox 1033 615 1815 662; baseline 0.001 -11"><span class='ocrx_word' id='word_1_344' title='bbox 1033 627 1177 651; x_wconf 87' lang='lat' dir='ltr'>marum</span> <span class='ocrx_word' id='word_1_345' title='bbox 1201 629 1210 651; x_wconf 91' lang='lat'>:</span> <span class='ocrx_word' id='word_1_346' title='bbox 1234 616 1320 661; x_wconf 83' lang='lat' dir='ltr'>quia</span> <span class='ocrx_word' id='word_1_347' title='bbox 1340 627 1406 662; x_wconf 88' lang='lat' dir='ltr'>per</span> <span class='ocrx_word' id='word_1_348' title='bbox 1427 621 1505 652; x_wconf 85' lang='lat' dir='ltr'>rete</span> <span class='ocrx_word' id='word_1_349' title='bbox 1523 620 1662 652; x_wconf 73' lang='lat' dir='ltr'>sanctae</span> <span class='ocrx_word' id='word_1_350' title='bbox 1684 615 1815 662; x_wconf 83' lang='lat' dir='ltr'>praedi-</span> 
     </span>
     <span class='ocr_line' id='line_1_65' title="bbox 1033 662 1815 708; baseline 0.003 -11"><span class='ocrx_word' id='word_1_351' title='bbox 1033 662 1189 697; x_wconf 82' lang='lat' dir='ltr'>cationis</span> <span class='ocrx_word' id='word_1_352' title='bbox 1226 663 1360 708; x_wconf 89' lang='lat' dir='ltr'>pisces,</span> <span class='ocrx_word' id='word_1_353' title='bbox 1403 663 1439 698; x_wconf 88' lang='lat' dir='ltr'>id</span> <span class='ocrx_word' id='word_1_354' title='bbox 1467 667 1522 698; x_wconf 86' lang='lat' dir='ltr'>est</span> <span class='ocrx_word' id='word_1_355' title='bbox 1560 664 1746 707; x_wconf 84' lang='lat' dir='ltr'>homines,</span> <span class='ocrx_word' id='word_1_356' title='bbox 1769 663 1815 699; x_wconf 83' lang='lat' dir='ltr'>de</span> 
     </span>
     <span class='ocr_line' id='line_1_66' title="bbox 1032 709 1814 755; baseline 0.001 -12"><span class='ocrx_word' id='word_1_357' title='bbox 1032 709 1218 754; x_wconf 70' lang='lat' dir='ltr'>profundo</span> <span class='ocrx_word' id='word_1_358' title='bbox 1258 709 1396 755; x_wconf 82' lang='lat' dir='ltr'>pelagi,</span> <span class='ocrx_word' id='word_1_359' title='bbox 1424 709 1461 744; x_wconf 91' lang='lat' dir='ltr'>id</span> <span class='ocrx_word' id='word_1_360' title='bbox 1500 714 1556 745; x_wconf 88' lang='lat' dir='ltr'>est</span> <span class='ocrx_word' id='word_1_361' title='bbox 1583 709 1814 746; x_wconf 80' lang='lat' dir='ltr'>infidelitatis</span> 
     </span>
     <span class='ocr_line' id='line_1_67' title="bbox 1032 756 1814 802; baseline 0.003 -12"><span class='ocrx_word' id='word_1_362' title='bbox 1032 756 1079 791; x_wconf 87' lang='lat' dir='ltr'>ad</span> <span class='ocrx_word' id='word_1_363' title='bbox 1115 756 1234 791; x_wconf 85' lang='lat' dir='ltr'>lucem</span> <span class='ocrx_word' id='word_1_364' title='bbox 1270 756 1357 791; x_wconf 85' lang='lat' dir='ltr'>fidei</span> <span class='ocrx_word' id='word_1_365' title='bbox 1387 759 1592 800; x_wconf 81' lang='lat' dir='ltr'>traxerunt,</span> <span class='ocrx_word' id='word_1_366' title='bbox 1631 756 1736 802; x_wconf 86' lang='lat' dir='ltr'>quasi</span> <span class='ocrx_word' id='word_1_367' title='bbox 1767 756 1814 792; x_wconf 87' lang='lat' dir='ltr'>ad</span> 
     </span>
     <span class='ocr_line' id='line_1_68' title="bbox 1032 802 1814 848; baseline 0.003 -11"><span class='ocrx_word' id='word_1_368' title='bbox 1032 802 1134 838; x_wconf 90' lang='lat' dir='ltr'>littus</span> <span class='ocrx_word' id='word_1_369' title='bbox 1154 802 1297 838; x_wconf 88' lang='lat' dir='ltr'>salutis.</span> <span class='ocrx_word' id='word_1_370' title='bbox 1313 803 1416 838; x_wconf 90' lang='lat' dir='ltr'>Unde</span> <span class='ocrx_word' id='word_1_371' title='bbox 1438 804 1655 848; x_wconf 75' lang='lat' dir='ltr'>Theophilus</span> <span class='ocrx_word' id='word_1_372' title='bbox 1677 816 1686 838; x_wconf 88' lang='lat'>:</span> <span class='ocrx_word' id='word_1_373' title='bbox 1709 817 1726 835; x_wconf 84' lang='lat'>«</span> <span class='ocrx_word' id='word_1_374' title='bbox 1739 803 1814 839; x_wconf 89' lang='lat' dir='ltr'>Ad-</span> 
     </span>
     <span class='ocr_line' id='line_1_69' title="bbox 1032 849 1813 896; baseline 0.001 -12"><span class='ocrx_word' id='word_1_375' title='bbox 1032 849 1206 885; x_wconf 81' lang='lat' dir='ltr'>miranda</span> <span class='ocrx_word' id='word_1_376' title='bbox 1235 853 1290 885; x_wconf 86' lang='lat' dir='ltr'>est</span> <span class='ocrx_word' id='word_1_377' title='bbox 1323 852 1447 885; x_wconf 88' lang='lat' dir='ltr'>autem</span> <span class='ocrx_word' id='word_1_378' title='bbox 1470 850 1542 886; x_wconf 89' lang='lat' dir='ltr'>ista</span> <span class='ocrx_word' id='word_1_379' title='bbox 1567 849 1735 895; x_wconf 84' lang='lat' dir='ltr'>piscatio,</span> <span class='ocrx_word' id='word_1_380' title='bbox 1757 849 1813 896; x_wconf 91' lang='lat' dir='ltr'>pi-</span> 
     </span>
     <span class='ocr_line' id='line_1_70' title="bbox 1033 896 1812 942; baseline 0.001 -11"><span class='ocrx_word' id='word_1_381' title='bbox 1033 907 1112 932; x_wconf 85' lang='lat' dir='ltr'>sces</span> <span class='ocrx_word' id='word_1_382' title='bbox 1139 897 1239 932; x_wconf 86' lang='lat' dir='ltr'>enim</span> <span class='ocrx_word' id='word_1_383' title='bbox 1276 907 1359 932; x_wconf 86' lang='lat' dir='ltr'>cum</span> <span class='ocrx_word' id='word_1_384' title='bbox 1390 896 1601 942; x_wconf 89' lang='lat' dir='ltr'>capiuntur,</span> <span class='ocrx_word' id='word_1_385' title='bbox 1628 907 1712 932; x_wconf 85' lang='lat' dir='ltr'>mox</span> <span class='ocrx_word' id='word_1_386' title='bbox 1733 907 1812 932; x_wconf 89' lang='lat' dir='ltr'>mo-</span> 
     </span>
     <span class='ocr_line' id='line_1_71' title="bbox 1032 943 1815 989; baseline 0.001 -11"><span class='ocrx_word' id='word_1_387' title='bbox 1032 943 1200 986; x_wconf 79' lang='lat' dir='ltr'>riuntur3</span> <span class='ocrx_word' id='word_1_388' title='bbox 1236 944 1432 987; x_wconf 87' lang='lat' dir='ltr'>homines,</span> <span class='ocrx_word' id='word_1_389' title='bbox 1466 954 1550 979; x_wconf 87' lang='lat' dir='ltr'>cum</span> <span class='ocrx_word' id='word_1_390' title='bbox 1594 943 1691 989; x_wconf 87' lang='lat' dir='ltr'>capti</span> <span class='ocrx_word' id='word_1_391' title='bbox 1729 946 1815 979; x_wconf 83' lang='lat' dir='ltr'>sunt</span> 
     </span>
     <span class='ocr_line' id='line_1_72' title="bbox 1030 990 1814 1036; baseline 0.001 -11"><span class='ocrx_word' id='word_1_392' title='bbox 1030 992 1144 1027; x_wconf 73' lang='lat' dir='ltr'>verbo</span> <span class='ocrx_word' id='word_1_393' title='bbox 1163 990 1458 1036; x_wconf 64' lang='lat' dir='ltr'>praedicationis,</span> <span class='ocrx_word' id='word_1_394' title='bbox 1480 990 1604 1036; x_wconf 89' lang='lat' dir='ltr'>potius</span> <span class='ocrx_word' id='word_1_395' title='bbox 1626 990 1814 1026; x_wconf 82' lang='lat' dir='ltr'>vivifican-</span> 
     </span>
     <span class='ocr_line' id='line_1_73' title="bbox 1032 1037 1813 1082; baseline 0 -10"><span class='ocrx_word' id='word_1_396' title='bbox 1032 1041 1103 1073; x_wconf 78' lang='lat' dir='ltr'>tur,</span> <span class='ocrx_word' id='word_1_397' title='bbox 1141 1052 1158 1069; x_wconf 71' lang='lat'>»</span> <span class='ocrx_word' id='word_1_398' title='bbox 1192 1039 1235 1073; x_wconf 77' lang='lat' dir='ltr'>Ut</span> <span class='ocrx_word' id='word_1_399' title='bbox 1266 1042 1390 1073; x_wconf 82' lang='lat' dir='ltr'>autem</span> <span class='ocrx_word' id='word_1_400' title='bbox 1418 1037 1507 1072; x_wconf 88' lang='lat' dir='ltr'>dicit</span> <span class='ocrx_word' id='word_1_401' title='bbox 1529 1039 1813 1082; x_wconf 72' lang='lat' dir='ltr'>Gltrysostomus,</span> 
     </span>
     <span class='ocr_line' id='line_1_74' title="bbox 1031 1084 1814 1130; baseline 0.001 -11"><span class='ocrx_word' id='word_1_402' title='bbox 1031 1084 1068 1119; x_wconf 90' lang='lat' dir='ltr'>in</span> <span class='ocrx_word' id='word_1_403' title='bbox 1115 1084 1248 1120; x_wconf 87' lang='lat' dir='ltr'>mediis</span> <span class='ocrx_word' id='word_1_404' title='bbox 1293 1084 1573 1130; x_wconf 86' lang='lat' dir='ltr'>operationibus</span> <span class='ocrx_word' id='word_1_405' title='bbox 1614 1084 1814 1120; x_wconf 82' lang='lat' dir='ltr'>existentes</span> 
     </span>
     <span class='ocr_line' id='line_1_75' title="bbox 1032 1131 1814 1177; baseline 0 -10"><span class='ocrx_word' id='word_1_406' title='bbox 1032 1142 1094 1167; x_wconf 88' lang='lat' dir='ltr'>eos</span> <span class='ocrx_word' id='word_1_407' title='bbox 1113 1132 1270 1174; x_wconf 63' lang='lat' dir='ltr'>voravit,</span> <span class='ocrx_word' id='word_1_408' title='bbox 1284 1135 1500 1167; x_wconf 88' lang='lat' dir='ltr'>monstrans</span> <span class='ocrx_word' id='word_1_409' title='bbox 1522 1131 1621 1177; x_wconf 87' lang='lat' dir='ltr'>quod</span> <span class='ocrx_word' id='word_1_410' title='bbox 1641 1131 1814 1167; x_wconf 90' lang='lat' dir='ltr'>omnibus</span> 
     </span>
     <span class='ocr_line' id='line_1_76' title="bbox 1031 1178 1812 1224; baseline 0.001 -11"><span class='ocrx_word' id='word_1_411' title='bbox 1031 1178 1338 1224; x_wconf 84' lang='lat' dir='ltr'>occupationibus</span> <span class='ocrx_word' id='word_1_412' title='bbox 1373 1179 1566 1224; x_wconf 84' lang='lat' dir='ltr'>sequelam</span> <span class='ocrx_word' id='word_1_413' title='bbox 1586 1189 1692 1214; x_wconf 87' lang='lat' dir='ltr'>suam</span> <span class='ocrx_word' id='word_1_414' title='bbox 1716 1189 1812 1224; x_wconf 83' lang='lat' dir='ltr'>prae-</span> 
     </span>
     <span class='ocr_line' id='line_1_77' title="bbox 1030 1225 1813 1271; baseline 0.001 -11"><span class='ocrx_word' id='word_1_415' title='bbox 1030 1236 1171 1270; x_wconf 85' lang='lat' dir='ltr'>ponere</span> <span class='ocrx_word' id='word_1_416' title='bbox 1193 1229 1366 1271; x_wconf 84' lang='lat' dir='ltr'>oportet3</span> <span class='ocrx_word' id='word_1_417' title='bbox 1405 1236 1488 1261; x_wconf 87' lang='lat' dir='ltr'>cum</span> <span class='ocrx_word' id='word_1_418' title='bbox 1511 1236 1598 1271; x_wconf 79' lang='lat' dir='ltr'>ergo</span> <span class='ocrx_word' id='word_1_419' title='bbox 1617 1225 1703 1271; x_wconf 91' lang='lat' dir='ltr'>quis</span> <span class='ocrx_word' id='word_1_420' title='bbox 1721 1236 1813 1271; x_wconf 81' lang='lat' dir='ltr'>prae-</span> 
     </span>
     <span class='ocr_line' id='line_1_78' title="bbox 1030 1272 1809 1318; baseline 0 -11"><span class='ocrx_word' id='word_1_421' title='bbox 1030 1272 1156 1308; x_wconf 83' lang='lat' dir='ltr'>ficitur</span> <span class='ocrx_word' id='word_1_422' title='bbox 1187 1272 1360 1308; x_wconf 78' lang='lat' dir='ltr'>Ecclesiae</span> <span class='ocrx_word' id='word_1_423' title='bbox 1406 1272 1570 1318; x_wconf 90' lang='lat' dir='ltr'>piscator</span> <span class='ocrx_word' id='word_1_424' title='bbox 1599 1275 1635 1307; x_wconf 90' lang='lat' dir='ltr'>et</span> <span class='ocrx_word' id='word_1_425' title='bbox 1667 1276 1809 1318; x_wconf 88' lang='lat' dir='ltr'>pastor,</span> 
     </span>
     <span class='ocr_line' id='line_1_79' title="bbox 1030 1319 1813 1364; baseline 0.001 -10"><span class='ocrx_word' id='word_1_426' title='bbox 1030 1320 1137 1355; x_wconf 81' lang='lat' dir='ltr'>valde</span> <span class='ocrx_word' id='word_1_427' title='bbox 1162 1320 1272 1355; x_wconf 87' lang='lat' dir='ltr'>debet</span> <span class='ocrx_word' id='word_1_428' title='bbox 1299 1319 1430 1355; x_wconf 89' lang='lat' dir='ltr'>timere</span> <span class='ocrx_word' id='word_1_429' title='bbox 1458 1330 1505 1354; x_wconf 89' lang='lat' dir='ltr'>ne</span> <span class='ocrx_word' id='word_1_430' title='bbox 1534 1330 1610 1354; x_wconf 89' lang='lat' dir='ltr'>non</span> <span class='ocrx_word' id='word_1_431' title='bbox 1632 1322 1813 1364; x_wconf 84' lang='lat' dir='ltr'>sequatur</span> 
     </span>
     <span class='ocr_line' id='line_1_80' title="bbox 1029 1366 1812 1412; baseline 0.003 -11"><span class='ocrx_word' id='word_1_432' title='bbox 1029 1366 1227 1402; x_wconf 89' lang='lat' dir='ltr'>Dominum</span> <span class='ocrx_word' id='word_1_433' title='bbox 1267 1366 1495 1412; x_wconf 81' lang='lat' dir='ltr'>perfectione</span> <span class='ocrx_word' id='word_1_434' title='bbox 1529 1366 1703 1412; x_wconf 85' lang='lat' dir='ltr'>sequelae,</span> <span class='ocrx_word' id='word_1_435' title='bbox 1728 1377 1812 1412; x_wconf 79' lang='lat' dir='ltr'>quae</span> 
     </span>
     <span class='ocr_line' id='line_1_81' title="bbox 1030 1413 1811 1459; baseline 0 -10"><span class='ocrx_word' id='word_1_436' title='bbox 1030 1417 1098 1458; x_wconf 89' lang='lat' dir='ltr'>est,</span> <span class='ocrx_word' id='word_1_437' title='bbox 1116 1418 1153 1449; x_wconf 93' lang='lat' dir='ltr'>ut</span> <span class='ocrx_word' id='word_1_438' title='bbox 1173 1415 1333 1459; x_wconf 75' lang='lat' dir='ltr'>abneget</span> <span class='ocrx_word' id='word_1_439' title='bbox 1344 1417 1463 1449; x_wconf 87' lang='lat' dir='ltr'>semet</span> <span class='ocrx_word' id='word_1_440' title='bbox 1477 1413 1599 1459; x_wconf 89' lang='lat' dir='ltr'>ipsum</span> <span class='ocrx_word' id='word_1_441' title='bbox 1615 1417 1651 1448; x_wconf 87' lang='lat' dir='ltr'>et</span> <span class='ocrx_word' id='word_1_442' title='bbox 1663 1424 1811 1449; x_wconf 89' lang='lat' dir='ltr'>crucem</span> 
     </span>
     <span class='ocr_line' id='line_1_82' title="bbox 1030 1461 1812 1501; baseline 0.001 -6"><span class='ocrx_word' id='word_1_443' title='bbox 1030 1472 1134 1496; x_wconf 91' lang='lat' dir='ltr'>suam</span> <span class='ocrx_word' id='word_1_444' title='bbox 1159 1461 1274 1496; x_wconf 83' lang='lat' dir='ltr'>tollat.</span> <span class='ocrx_word' id='word_1_445' title='bbox 1302 1462 1354 1496; x_wconf 85' lang='lat' dir='ltr'>At</span> <span class='ocrx_word' id='word_1_446' title='bbox 1381 1462 1440 1496; x_wconf 61' lang='lat' dir='ltr'><em>illc·</em></span> <span class='ocrx_word' id='word_1_447' title='bbox 1471 1462 1652 1501; x_wconf 77' lang='lat' dir='ltr'>continuo,</span> <span class='ocrx_word' id='word_1_448' title='bbox 1673 1462 1812 1496; x_wconf 75' lang='lat' dir='ltr'>relictis</span> 
     </span>
     <span class='ocr_line' id='line_1_83' title="bbox 1029 1507 1812 1552; baseline -0.001 -9"><span class='ocrx_word' id='word_1_449' title='bbox 1029 1509 1177 1546; x_wconf 72' lang='lat' dir='ltr'>rettbus.</span> <span class='ocrx_word' id='word_1_450' title='bbox 1192 1510 1305 1543; x_wconf 75' lang='lat' dir='ltr'>secati</span> <span class='ocrx_word' id='word_1_451' title='bbox 1332 1511 1415 1543; x_wconf 78' lang='lat' dir='ltr'>sant</span> <span class='ocrx_word' id='word_1_452' title='bbox 1434 1518 1524 1549; x_wconf 82' lang='lat' dir='ltr'>eum,</span> <span class='ocrx_word' id='word_1_453' title='bbox 1548 1507 1714 1552; x_wconf 89' lang='lat' dir='ltr'>omnino,</span> <span class='ocrx_word' id='word_1_454' title='bbox 1736 1518 1812 1543; x_wconf 87' lang='lat' dir='ltr'>non</span> 
     </span>
     <span class='ocr_line' id='line_1_84' title="bbox 1030 1554 1810 1601; baseline 0.001 -11"><span class='ocrx_word' id='word_1_455' title='bbox 1030 1555 1148 1591; x_wconf 90' lang='lat' dir='ltr'>solum</span> <span class='ocrx_word' id='word_1_456' title='bbox 1167 1556 1304 1601; x_wconf 88' lang='lat' dir='ltr'>pedum</span> <span class='ocrx_word' id='word_1_457' title='bbox 1323 1555 1484 1599; x_wconf 87' lang='lat' dir='ltr'>incessu,</span> <span class='ocrx_word' id='word_1_458' title='bbox 1505 1555 1570 1590; x_wconf 88' lang='lat' dir='ltr'>sed</span> <span class='ocrx_word' id='word_1_459' title='bbox 1587 1554 1705 1599; x_wconf 87' lang='lat' dir='ltr'>magis</span> <span class='ocrx_word' id='word_1_460' title='bbox 1722 1556 1810 1591; x_wconf 88' lang='lat' dir='ltr'>obe-</span> 
     </span>
     <span class='ocr_line' id='line_1_85' title="bbox 1030 1602 1807 1655; baseline 0.001 -18"><span class='ocrx_word' id='word_1_461' title='bbox 1030 1602 1169 1638; x_wconf 83' lang='lat' dir='ltr'>dientia</span> <span class='ocrx_word' id='word_1_462' title='bbox 1209 1605 1244 1637; x_wconf 92' lang='lat' dir='ltr'>et</span> <span class='ocrx_word' id='word_1_463' title='bbox 1270 1602 1420 1655; x_wconf 69' lang='lat' dir='ltr'>affectu,</span> <span class='ocrx_word' id='word_1_464' title='bbox 1453 1613 1531 1638; x_wconf 89' lang='lat' dir='ltr'>non</span> <span class='ocrx_word' id='word_1_465' title='bbox 1564 1602 1724 1648; x_wconf 81' lang='lat' dir='ltr'>amplius</span> <span class='ocrx_word' id='word_1_466' title='bbox 1761 1602 1807 1638; x_wconf 89' lang='lat' dir='ltr'>ad</span> 
     </span>
     <span class='ocr_line' id='line_1_86' title="bbox 1030 1660 1404 1695; baseline 0.005 -12"><span class='ocrx_word' id='word_1_467' title='bbox 1030 1660 1183 1695; x_wconf 76' lang='lat' dir='ltr'>propria</span> <span class='ocrx_word' id='word_1_468' title='bbox 1203 1660 1404 1685; x_wconf 77' lang='lat' dir='ltr'>reversuri.</span> 
     </span>
    </p>

    <p class='ocr_par' dir='ltr' id='par_1_7' title="bbox 1023 1697 1827 2873">
     <span class='ocr_line' id='line_1_87' title="bbox 1078 1697 1810 1741; baseline 0.001 -11"><span class='ocrx_word' id='word_1_469' title='bbox 1078 1699 1097 1730; x_wconf 80' lang='lat'>8</span> <span class='ocrx_word' id='word_1_470' title='bbox 1134 1698 1231 1741; x_wconf 74' lang='lat' dir='ltr'>ITEM,</span> <span class='ocrx_word' id='word_1_471' title='bbox 1253 1698 1377 1731; x_wconf 64' lang='grc' dir='ltr'>ιΙΑΕΟΒΙ</span> <span class='ocrx_word' id='word_1_472' title='bbox 1422 1708 1464 1731; x_wconf 80' lang='lat' dir='ltr'>ET</span> <span class='ocrx_word' id='word_1_473' title='bbox 1495 1697 1658 1732; x_wconf 74' lang='lat' dir='ltr'>JOANNIS.</span> <span class='ocrx_word' id='word_1_474' title='bbox 1688 1715 1734 1721; x_wconf 87' lang='lat'>—-</span> <span class='ocrx_word' id='word_1_475' title='bbox 1762 1698 1810 1731; x_wconf 72' lang='lat' dir='ltr'>Ec</span> 
     </span>
     <span class='ocr_line' id='line_1_88' title="bbox 1029 1742 1811 1789; baseline 0.001 -12"><span class='ocrx_word' id='word_1_476' title='bbox 1029 1744 1222 1788; x_wconf 71' lang='lat' dir='ltr'>procedens</span> <span class='ocrx_word' id='word_1_477' title='bbox 1254 1744 1352 1787; x_wconf 74' lang='lat' dir='ltr'>inde,</span> <span class='ocrx_word' id='word_1_478' title='bbox 1378 1742 1553 1789; x_wconf 90' lang='lat' dir='ltr'>pusillum</span> <span class='ocrx_word' id='word_1_479' title='bbox 1580 1743 1692 1785; x_wconf 87' lang='lat' dir='ltr'>ultra,</span> <span class='ocrx_word' id='word_1_480' title='bbox 1714 1744 1811 1778; x_wconf 71' lang='lat' dir='ltr'>vidit</span> 
     </span>
     <span class='ocr_line' id='line_1_89' title="bbox 1030 1790 1807 1834; baseline 0.001 -10"><span class='ocrx_word' id='word_1_481' title='bbox 1030 1791 1121 1824; x_wconf 72' lang='lat' dir='ltr'>ctlt&#39;os</span> <span class='ocrx_word' id='word_1_482' title='bbox 1155 1791 1244 1825; x_wconf 77' lang='lat' dir='ltr'>daos</span> <span class='ocrx_word' id='word_1_483' title='bbox 1263 1791 1400 1833; x_wconf 74' lang='lat' dir='ltr'>fratres</span> <span class='ocrx_word' id='word_1_484' title='bbox 1430 1791 1601 1825; x_wconf 79' lang='lat' dir='ltr'>Jacobum</span> <span class='ocrx_word' id='word_1_485' title='bbox 1633 1790 1807 1834; x_wconf 60' lang='lat' dir='ltr'>Zebfflaez‘,</span> 
     </span>
     <span class='ocr_line' id='line_1_90' title="bbox 1029 1838 1809 1882; baseline 0.001 -11"><span class='ocrx_word' id='word_1_486' title='bbox 1029 1841 1062 1871; x_wconf 84' lang='lat' dir='ltr'>et</span> <span class='ocrx_word' id='word_1_487' title='bbox 1078 1839 1251 1872; x_wconf 64' lang='lat' dir='ltr'>,Ioannem</span> <span class='ocrx_word' id='word_1_488' title='bbox 1270 1839 1424 1880; x_wconf 74' lang='lat' dir='ltr'>fratrem</span> <span class='ocrx_word' id='word_1_489' title='bbox 1446 1838 1538 1882; x_wconf 78' lang='lat' dir='ltr'>eJ&#39;as,</span> <span class='ocrx_word' id='word_1_490' title='bbox 1562 1839 1600 1872; x_wconf 76' lang='lat' dir='ltr'>in</span> <span class='ocrx_word' id='word_1_491' title='bbox 1625 1839 1713 1871; x_wconf 73' lang='lat' dir='ltr'>naci</span> <span class='ocrx_word' id='word_1_492' title='bbox 1729 1847 1809 1873; x_wconf 79' lang='lat' dir='ltr'>cum</span> 
     </span>
     <span class='ocr_line' id='line_1_91' title="bbox 1028 1883 1810 1929; baseline 0.003 -11"><span class='ocrx_word' id='word_1_493' title='bbox 1028 1885 1191 1919; x_wconf 72' lang='lat' dir='ltr'>Zrbcdaeo</span> <span class='ocrx_word' id='word_1_494' title='bbox 1226 1888 1332 1929; x_wconf 75' lang='lat' dir='ltr'>patre</span> <span class='ocrx_word' id='word_1_495' title='bbox 1363 1895 1497 1927; x_wconf 71' lang='lat' dir='ltr'>eoram,</span> <span class='ocrx_word' id='word_1_496' title='bbox 1523 1883 1585 1929; x_wconf 89' lang='lat' dir='ltr'>qui</span> <span class='ocrx_word' id='word_1_497' title='bbox 1618 1886 1810 1929; x_wconf 79' lang='lat' dir='ltr'>tamquam</span> 
     </span>
     <span class='ocr_line' id='line_1_92' title="bbox 1030 1930 1809 1975; baseline 0.001 -9"><span class='ocrx_word' id='word_1_498' title='bbox 1030 1942 1141 1966; x_wconf 80' lang='lat' dir='ltr'>senex</span> <span class='ocrx_word' id='word_1_499' title='bbox 1166 1932 1317 1966; x_wconf 88' lang='lat' dir='ltr'>tenebat</span> <span class='ocrx_word' id='word_1_500' title='bbox 1343 1941 1501 1974; x_wconf 80' lang='lat' dir='ltr'>remum,</span> <span class='ocrx_word' id='word_1_501' title='bbox 1528 1932 1738 1975; x_wconf 60' lang='lat' dir='ltr'>reficientes,</span> <span class='ocrx_word' id='word_1_502' title='bbox 1771 1930 1809 1967; x_wconf 91' lang='lat' dir='ltr'>id</span> 
     </span>
     <span class='ocr_line' id='line_1_93' title="bbox 1029 1977 1807 2023; baseline 0.003 -11"><span class='ocrx_word' id='word_1_503' title='bbox 1029 1981 1098 2021; x_wconf 86' lang='lat' dir='ltr'>est,</span> <span class='ocrx_word' id='word_1_504' title='bbox 1145 1981 1428 2023; x_wconf 78' lang='lat' dir='ltr'>componentes,</span> <span class='ocrx_word' id='word_1_505' title='bbox 1479 1977 1537 2013; x_wconf 83' lang='lat' dir='ltr'>vel</span> <span class='ocrx_word' id='word_1_506' title='bbox 1572 1981 1807 2023; x_wconf 83' lang='lat' dir='ltr'>reparantes,</span> 
     </span>
     <span class='ocr_line' id='line_1_94' title="bbox 1028 2025 1809 2071; baseline 0.003 -12"><span class='ocrx_word' id='word_1_507' title='bbox 1028 2027 1120 2060; x_wconf 76' lang='lat' dir='ltr'>retia</span> <span class='ocrx_word' id='word_1_508' title='bbox 1156 2036 1235 2068; x_wconf 76' lang='lat' dir='ltr'>saa,</span> <span class='ocrx_word' id='word_1_509' title='bbox 1274 2025 1373 2070; x_wconf 88' lang='lat' dir='ltr'>quod</span> <span class='ocrx_word' id='word_1_510' title='bbox 1411 2035 1556 2071; x_wconf 82' lang='lat' dir='ltr'>magnae</span> <span class='ocrx_word' id='word_1_511' title='bbox 1577 2025 1809 2070; x_wconf 83' lang='lat' dir='ltr'>paupertatis</span> 
     </span>
     <span class='ocr_line' id='line_1_95' title="bbox 1028 2071 1806 2116; baseline 0 -8"><span class='ocrx_word' id='word_1_512' title='bbox 1028 2075 1108 2108; x_wconf 88' lang='lat' dir='ltr'>erat</span> <span class='ocrx_word' id='word_1_513' title='bbox 1136 2071 1340 2108; x_wconf 89' lang='lat' dir='ltr'>indicium.</span> <span class='ocrx_word' id='word_1_514' title='bbox 1371 2072 1474 2108; x_wconf 89' lang='lat' dir='ltr'>Unde</span> <span class='ocrx_word' id='word_1_515' title='bbox 1510 2073 1806 2116; x_wconf 75' lang='lat' dir='ltr'>chrysostomus.-</span> 
     </span>
     <span class='ocr_line' id='line_1_96' title="bbox 1030 2118 1810 2165; baseline 0.006 -14"><span class='ocrx_word' id='word_1_516' title='bbox 1030 2134 1048 2151; x_wconf 86' lang='lat'>«</span> <span class='ocrx_word' id='word_1_517' title='bbox 1070 2118 1161 2155; x_wconf 82' lang='lat' dir='ltr'>Vide</span> <span class='ocrx_word' id='word_1_518' title='bbox 1188 2122 1312 2155; x_wconf 86' lang='lat' dir='ltr'>autem</span> <span class='ocrx_word' id='word_1_519' title='bbox 1334 2130 1445 2165; x_wconf 84' lang='lat' dir='ltr'>quam</span> <span class='ocrx_word' id='word_1_520' title='bbox 1471 2118 1584 2154; x_wconf 89' lang='lat' dir='ltr'>etiam</span> <span class='ocrx_word' id='word_1_521' title='bbox 1612 2118 1810 2165; x_wconf 85' lang='lat' dir='ltr'>diligenter</span> 
     </span>
     <span class='ocr_line' id='line_1_97' title="bbox 1027 2166 1808 2212; baseline 0.001 -11"><span class='ocrx_word' id='word_1_522' title='bbox 1027 2166 1193 2212; x_wconf 89' lang='lat' dir='ltr'>inopiam</span> <span class='ocrx_word' id='word_1_523' title='bbox 1221 2177 1350 2202; x_wconf 86' lang='lat' dir='ltr'>eorum</span> <span class='ocrx_word' id='word_1_524' title='bbox 1376 2166 1613 2211; x_wconf 86' lang='lat' dir='ltr'>Evangelista</span> <span class='ocrx_word' id='word_1_525' title='bbox 1637 2166 1808 2211; x_wconf 86' lang='lat' dir='ltr'>signave-</span> 
     </span>
     <span class='ocr_line' id='line_1_98' title="bbox 1027 2213 1809 2259; baseline 0.001 -11"><span class='ocrx_word' id='word_1_526' title='bbox 1027 2215 1087 2248; x_wconf 88' lang='lat' dir='ltr'>rit.</span> <span class='ocrx_word' id='word_1_527' title='bbox 1110 2213 1269 2258; x_wconf 78' lang='lat' dir='ltr'>Invenit,</span> <span class='ocrx_word' id='word_1_528' title='bbox 1294 2213 1427 2259; x_wconf 84' lang='lat' dir='ltr'>inquit,</span> <span class='ocrx_word' id='word_1_529' title='bbox 1453 2224 1516 2249; x_wconf 87' lang='lat' dir='ltr'>eos</span> <span class='ocrx_word' id='word_1_530' title='bbox 1543 2216 1694 2248; x_wconf 89' lang='lat' dir='ltr'>suentes</span> <span class='ocrx_word' id='word_1_531' title='bbox 1714 2214 1809 2249; x_wconf 89' lang='lat' dir='ltr'>retia</span> 
     </span>
     <span class='ocr_line' id='line_1_99' title="bbox 1028 2259 1827 2306; baseline 0 -10"><span class='ocrx_word' id='word_1_532' title='bbox 1028 2271 1108 2304; x_wconf 88' lang='lat' dir='ltr'>sua,</span> <span class='ocrx_word' id='word_1_533' title='bbox 1140 2264 1244 2296; x_wconf 88' lang='lat' dir='ltr'>tanta</span> <span class='ocrx_word' id='word_1_534' title='bbox 1281 2265 1361 2296; x_wconf 84' lang='lat' dir='ltr'>erat</span> <span class='ocrx_word' id='word_1_535' title='bbox 1388 2259 1602 2306; x_wconf 84' lang='lat' dir='ltr'>pauperatis</span> <span class='ocrx_word' id='word_1_536' title='bbox 1629 2259 1827 2300; x_wconf 65' lang='lat' dir='ltr'>nimietas,</span> 
     </span>
     <span class='ocr_line' id='line_1_100' title="bbox 1028 2308 1808 2354; baseline -0.003 -10"><span class='ocrx_word' id='word_1_537' title='bbox 1028 2312 1065 2344; x_wconf 85' lang='lat' dir='ltr'>et</span> <span class='ocrx_word' id='word_1_538' title='bbox 1083 2308 1440 2354; x_wconf 84' lang='lat' dir='ltr'>superabundantia,</span> <span class='ocrx_word' id='word_1_539' title='bbox 1456 2311 1496 2344; x_wconf 88' lang='lat' dir='ltr'>ut</span> <span class='ocrx_word' id='word_1_540' title='bbox 1518 2311 1643 2343; x_wconf 83' lang='lat' dir='ltr'>vetera</span> <span class='ocrx_word' id='word_1_541' title='bbox 1659 2310 1696 2342; x_wconf 87' lang='lat' dir='ltr'>et</span> <span class='ocrx_word' id='word_1_542' title='bbox 1715 2318 1808 2353; x_wconf 82' lang='lat' dir='ltr'>prae-</span> 
     </span>
     <span class='ocr_line' id='line_1_101' title="bbox 1026 2354 1805 2401; baseline -0.003 -10"><span class='ocrx_word' id='word_1_543' title='bbox 1026 2359 1135 2401; x_wconf 88' lang='lat' dir='ltr'>rupta</span> <span class='ocrx_word' id='word_1_544' title='bbox 1185 2358 1424 2391; x_wconf 76' lang='lat' dir='ltr'>contexerent</span> <span class='ocrx_word' id='word_1_545' title='bbox 1462 2359 1499 2390; x_wconf 85' lang='lat' dir='ltr'>et</span> <span class='ocrx_word' id='word_1_546' title='bbox 1545 2354 1805 2399; x_wconf 87' lang='lat' dir='ltr'>emendarent,</span> 
     </span>
     <span class='ocr_line' id='line_1_102' title="bbox 1028 2401 1804 2448; baseline -0.001 -10"><span class='ocrx_word' id='word_1_547' title='bbox 1028 2403 1115 2448; x_wconf 88' lang='lat' dir='ltr'>quia</span> <span class='ocrx_word' id='word_1_548' title='bbox 1133 2413 1231 2439; x_wconf 87' lang='lat' dir='ltr'>nova</span> <span class='ocrx_word' id='word_1_549' title='bbox 1257 2405 1293 2438; x_wconf 88' lang='lat' dir='ltr'>et</span> <span class='ocrx_word' id='word_1_550' title='bbox 1319 2401 1476 2438; x_wconf 89' lang='lat' dir='ltr'>meliora</span> <span class='ocrx_word' id='word_1_551' title='bbox 1501 2412 1640 2445; x_wconf 87' lang='lat' dir='ltr'>emere,</span> <span class='ocrx_word' id='word_1_552' title='bbox 1663 2401 1720 2437; x_wconf 87' lang='lat' dir='ltr'>vel</span> <span class='ocrx_word' id='word_1_553' title='bbox 1737 2401 1804 2437; x_wconf 86' lang='lat' dir='ltr'>ha·</span> 
     </span>
     <span class='ocr_line' id='line_1_103' title="bbox 1026 2449 1807 2496; baseline -0.004 -10"><span class='ocrx_word' id='word_1_554' title='bbox 1026 2450 1115 2486; x_wconf 84' lang='lat' dir='ltr'>bere</span> <span class='ocrx_word' id='word_1_555' title='bbox 1136 2449 1364 2496; x_wconf 80' lang='lat' dir='ltr'>nequibant3</span> <span class='ocrx_word' id='word_1_556' title='bbox 1388 2453 1425 2485; x_wconf 82' lang='lat' dir='ltr'>et</span> <span class='ocrx_word' id='word_1_557' title='bbox 1439 2449 1539 2495; x_wconf 88' lang='lat' dir='ltr'>quod</span> <span class='ocrx_word' id='word_1_558' title='bbox 1556 2449 1604 2484; x_wconf 88' lang='lat' dir='ltr'>ad</span> <span class='ocrx_word' id='word_1_559' title='bbox 1625 2449 1807 2494; x_wconf 83' lang='lat' dir='ltr'>majorem</span> 
     </span>
     <span class='ocr_line' id='line_1_104' title="bbox 1029 2495 1806 2542; baseline -0.001 -10"><span class='ocrx_word' id='word_1_560' title='bbox 1029 2496 1205 2542; x_wconf 87' lang='lat' dir='ltr'>pietatem</span> <span class='ocrx_word' id='word_1_561' title='bbox 1239 2507 1368 2532; x_wconf 85' lang='lat' dir='ltr'>eorum</span> <span class='ocrx_word' id='word_1_562' title='bbox 1405 2496 1580 2542; x_wconf 90' lang='lat' dir='ltr'>peritnet,</span> <span class='ocrx_word' id='word_1_563' title='bbox 1622 2495 1662 2531; x_wconf 92' lang='lat' dir='ltr'>in</span> <span class='ocrx_word' id='word_1_564' title='bbox 1705 2499 1806 2531; x_wconf 87' lang='lat' dir='ltr'>tanta</span> 
     </span>
     <span class='ocr_line' id='line_1_105' title="bbox 1026 2542 1802 2590; baseline -0.001 -12"><span class='ocrx_word' id='word_1_565' title='bbox 1026 2548 1245 2590; x_wconf 80' lang='lat' dir='ltr'>paupertate</span> <span class='ocrx_word' id='word_1_566' title='bbox 1259 2543 1311 2579; x_wconf 88' lang='lat' dir='ltr'>sic</span> <span class='ocrx_word' id='word_1_567' title='bbox 1326 2544 1424 2590; x_wconf 88' lang='lat' dir='ltr'>patri</span> <span class='ocrx_word' id='word_1_568' title='bbox 1437 2554 1505 2580; x_wconf 92' lang='lat' dir='ltr'>suo</span> <span class='ocrx_word' id='word_1_569' title='bbox 1517 2542 1802 2586; x_wconf 87' lang='lat' dir='ltr'>succurrebant,</span> 
     </span>
     <span class='ocr_line' id='line_1_106' title="bbox 1029 2589 1806 2637; baseline -0.003 -11"><span class='ocrx_word' id='word_1_570' title='bbox 1029 2595 1066 2626; x_wconf 89' lang='lat' dir='ltr'>ut</span> <span class='ocrx_word' id='word_1_571' title='bbox 1089 2602 1215 2627; x_wconf 87' lang='lat' dir='ltr'>secum</span> <span class='ocrx_word' id='word_1_572' title='bbox 1240 2591 1456 2637; x_wconf 86' lang='lat' dir='ltr'>bajularent</span> <span class='ocrx_word' id='word_1_573' title='bbox 1473 2591 1512 2626; x_wconf 90' lang='lat' dir='ltr'>in</span> <span class='ocrx_word' id='word_1_574' title='bbox 1541 2589 1640 2633; x_wconf 86' lang='lat' dir='ltr'>navi,</span> <span class='ocrx_word' id='word_1_575' title='bbox 1668 2599 1744 2624; x_wconf 90' lang='lat' dir='ltr'>non</span> <span class='ocrx_word' id='word_1_576' title='bbox 1765 2594 1806 2625; x_wconf 83' lang='lat' dir='ltr'>ut</span> 
     </span>
     <span class='ocr_line' id='line_1_107' title="bbox 1026 2636 1802 2688; baseline -0.003 -15"><span class='ocrx_word' id='word_1_577' title='bbox 1026 2637 1117 2674; x_wconf 87' lang='lat' dir='ltr'>istos</span> <span class='ocrx_word' id='word_1_578' title='bbox 1148 2638 1210 2674; x_wconf 87' lang='lat' dir='ltr'>ille</span> <span class='ocrx_word' id='word_1_579' title='bbox 1242 2638 1436 2684; x_wconf 85' lang='lat' dir='ltr'>adjuvaret</span> <span class='ocrx_word' id='word_1_580' title='bbox 1465 2638 1502 2673; x_wconf 89' lang='lat' dir='ltr'>in</span> <span class='ocrx_word' id='word_1_581' title='bbox 1529 2646 1655 2683; x_wconf 88' lang='lat' dir='ltr'>opere,</span> <span class='ocrx_word' id='word_1_582' title='bbox 1677 2636 1743 2671; x_wconf 89' lang='lat' dir='ltr'>sed</span> <span class='ocrx_word' id='word_1_583' title='bbox 1755 2639 1802 2688; x_wconf 33' lang='lat' dir='ltr'>‘ut</span> 
     </span>
     <span class='ocr_line' id='line_1_108' title="bbox 1025 2684 1801 2729; baseline -0.003 -9"><span class='ocrx_word' id='word_1_584' title='bbox 1025 2684 1086 2720; x_wconf 90' lang='lat' dir='ltr'>isti</span> <span class='ocrx_word' id='word_1_585' title='bbox 1100 2685 1205 2721; x_wconf 89' lang='lat' dir='ltr'>illum</span> <span class='ocrx_word' id='word_1_586' title='bbox 1218 2685 1577 2721; x_wconf 85' lang='lat' dir='ltr'>consolarentursua</span> <span class='ocrx_word' id='word_1_587' title='bbox 1587 2685 1801 2729; x_wconf 80' lang='lat' dir='ltr'>praesentla.</span> 
     </span>
     <span class='ocr_line' id='line_1_109' title="bbox 1024 2729 1804 2778; baseline -0.005 -10"><span class='ocrx_word' id='word_1_588' title='bbox 1024 2734 1098 2768; x_wconf 88' lang='lat' dir='ltr'>Nec</span> <span class='ocrx_word' id='word_1_589' title='bbox 1134 2743 1223 2768; x_wconf 89' lang='lat' dir='ltr'>sane</span> <span class='ocrx_word' id='word_1_590' title='bbox 1258 2743 1375 2778; x_wconf 88' lang='lat' dir='ltr'>parva</span> <span class='ocrx_word' id='word_1_591' title='bbox 1399 2733 1479 2768; x_wconf 86' lang='lat' dir='ltr'>haee</span> <span class='ocrx_word' id='word_1_592' title='bbox 1507 2733 1594 2767; x_wconf 84' lang='lat' dir='ltr'>sunt</span> <span class='ocrx_word' id='word_1_593' title='bbox 1626 2729 1804 2775; x_wconf 85' lang='lat' dir='ltr'>dogmata</span> 
     </span>
     <span class='ocr_line' id='line_1_110' title="bbox 1024 2776 1800 2830; baseline -0.003 -17"><span class='ocrx_word' id='word_1_594' title='bbox 1024 2778 1171 2815; x_wconf 86' lang='lat' dir='ltr'>virtutis</span> <span class='ocrx_word' id='word_1_595' title='bbox 1194 2779 1300 2815; x_wconf 85' lang='lat' dir='ltr'>facile</span> <span class='ocrx_word' id='word_1_596' title='bbox 1331 2789 1479 2815; x_wconf 88' lang='lat' dir='ltr'>omnem</span> <span class='ocrx_word' id='word_1_597' title='bbox 1513 2776 1800 2830; x_wconf 39' lang='lat' dir='ltr'>tolerare-pau-</span> 
     </span>
     <span class='ocr_line' id='line_1_111' title="bbox 1023 2823 1799 2873; baseline -0.005 -11"><span class='ocrx_word' id='word_1_598' title='bbox 1023 2829 1223 2872; x_wconf 88' lang='lat' dir='ltr'>pertatem,</span> <span class='ocrx_word' id='word_1_599' title='bbox 1237 2829 1272 2863; x_wconf 88' lang='lat' dir='ltr'>et</span> <span class='ocrx_word' id='word_1_600' title='bbox 1285 2826 1330 2863; x_wconf 88' lang='lat' dir='ltr'>de</span> <span class='ocrx_word' id='word_1_601' title='bbox 1337 2825 1450 2873; x_wconf 55' lang='lat' dir='ltr'>,iustis</span> <span class='ocrx_word' id='word_1_602' title='bbox 1462 2823 1653 2861; x_wconf 86' lang='lat' dir='ltr'>laboribus</span> <span class='ocrx_word' id='word_1_603' title='bbox 1661 2833 1799 2867; x_wconf 79' lang='lat' dir='ltr'>vwere,</span> 
     </span>
    </p>
   </div>
  </div>
 </body>
</html>
