1897 3167
715 455 1132 529 VITAE

773 664 911 694 DOMINI
933 663 1075 693 NOSTRI

186 827 670 941 JESU
810 823 1652 941 CHRISTI

600 1128 837 1183 PARS
903 1128 1229 1182 PRIMA.

800 1304 982 1351 CAPUT
1019 1304 1035 1349 I

420 1447 469 1474 DE
496 1446 630 1475 DIVINA
661 1447 711 1474 13⁷1·
740 1446 906 1474 AETERNA
934 1446 1088 1475 CHRISTI
1117 1444 1407 1474 GENERATIONE-

757 1555 915 1592 Joannis
941 1566 1024 1603 cap.
1048 1558 1075 1592 1.

140 1707 151 1729 1
172 1693 370 1728 EVAonLn
400 1692 435 1728 S.
470 1692 622 1728 Joiixxls
654 1703 796 1728 scorUS.
826 1710 872 1718 -

86 1741 139 1776 De
159 1739 394 1786 plenitudine
418 1739 543 1785 itaque
567 1739 771 1785 Evangelii,
797 1739 871 1775 vini

84 1786 227 1824 scilicet
247 1786 352 1831 boni,
371 1787 470 1833 quod
487 1797 607 1832 usque
628 1787 675 1822 ad
690 1787 760 1823 hoc
780 1790 871 1823 tem-

85 1844 155 1881 pus
190 1833 319 1870 oratiae
353 1833 531 1870 Dominus
556 1835 664 1870 Jesus
694 1834 870 1879 servavit,

87 1861 269 1928 quasdam
308 1884 432 1928 guttas
470 1881 622 1918 haurire
661 1881 869 1928 cupientes,

85 1939 280 1966 sumamus
298 1928 447 1965 initium
468 1940 490 1965 a
509 1928 635 1964 divina
653 1929 736 1975 ejus
757 1940 870 1975 gene-

85 1976 248 2020 ratione,
270 1976 315 2012 de
345 1987 420 2023 qua
447 1976 685 2022 Evangelista
704 1978 871 2013 Joannes

86 2023 301 2071 specialiter
331 2023 498 2070 loquitur
519 2023 635 2069 :quia
670 2023 799 2059 omnia
824 2023 871 2059 ad

85 2072 156 2107 hoc
175 2070 334 2115 inducit,
355 2074 394 2107 ut
417 2071 593 2107 divinitas
616 2071 726 2107 Verbi
749 2070 870 2106 mani-

87 2117 258 2162 festetur,
289 2122 325 2154 et
346 2118 506 2154 maxime
533 2122 666 2154 contra
687 2118 870 2164 quosdam

85 2165 296 2211 haereticos,
324 2165 491 2202 dicentes
517 2166 708 2203 Christum
735 2175 871 2212 purum

85 2212 279 2249 hominem
306 2224 412 2259 esse;
447 2216 484 2250 et
517 2224 585 2260 per
622 2223 869 2259 consequens,

86 2264 240 2307 propter
260 2261 508 2307 temporalem
531 2260 780 2304 nativitatem,
803 2270 871 2296 nec

86 2317 249 2353 semper,
271 2318 339 2344 nec
363 2312 450 2345 ante
485 2308 640 2344 Mariam
676 2307 804 2344 fuisse.
829 2308 871 2342 Et

86 2354 171 2390 ideo
217 2354 262 2390 de
308 2355 518 2392 :eternitate
567 2354 679 2391 Verbi
725 2353 869 2401 incipit,

86 2401 292 2438 ostendens
319 2402 486 2438 divinam
513 2402 649 2438 Christi
679 2405 869 2446 naturam,

84 2448 125 2484 in
143 2459 216 2495 qua
237 2449 466 2485 aeternaliter
485 2448 677 2495 praecessit
698 2449 867 2485 Mariam.

86 2497 129 2532 Et
147 2497 254 2542 ponit
275 2497 440 2543 quinque
461 2497 506 2533 de
527 2496 662 2533 divinis
682 2496 868 2543 personis,

85 2552 170 2596 quae
199 2554 266 2590 per
291 2544 463 2581 ordinem
489 2547 696 2590 tanguntur
720 2543 759 2580 in
777 2544 868 2580 sub-

87 2592 251 2637 scriptis.

136 2651 153 2674 2
163 2641 322 2676 AErssnm
330 2640 441 2675 Vssnni
451 2650 664 2675 censuario.
674 2659 718 2665 —
729 2637 869 2684 Primo,

86 2685 251 2723 declarat
273 2687 353 2723 Filii
377 2697 399 2723 a
421 2688 530 2723 Patre
556 2690 735 2723 aeternam
755 2697 868 2733 gene-

88 2733 288 2779 rationem,
315 2734 444 2771 dicens
479 2746 486 2770 :
517 2735 558 2770 In
580 2735 765 2780 principio
792 2737 870 2770 erat

90 2782 258 2822 Verbum,
288 2782 325 2818 id
352 2785 408 2819 est
435 2781 471 2817 in
499 2781 578 2828 ipso
609 2782 700 2827 Deo,
728 2781 791 2827 qui
822 2782 869 2818 ab

948 1690 1123 1727 omnibus
1141 1689 1367 1737 supponitur
1388 1701 1396 1725 :
1420 1688 1583 1736 primum
1603 1687 1740 1734 princi-

947 1738 1051 1785 pium
1078 1736 1293 1774 necessario
1320 1740 1377 1773 est
1398 1737 1562 1773 Verbum
1583 1735 1735 1782 proprie

947 1786 1102 1829 dictum,
1124 1788 1320 1831 tamquam
1340 1784 1378 1821 in
1410 1783 1491 1830 ipso
1525 1783 1631 1829 cujus
1662 1787 1732 1818 est.

946 1834 997 1869 Ac
1030 1833 1061 1869 si
1087 1832 1229 1869 diceret
1257 1843 1265 1867 :
1294 1832 1407 1869 Filius
1434 1833 1516 1867 erat
1542 1830 1582 1866 in
1610 1830 1735 1873 Patre,

949 1880 1051 1917 Patri
1069 1879 1211 1916 scilicet
1225 1883 1454 1923 coaeternus;
1473 1876 1603 1914 nonin
1619 1877 1736 1913 Maria

947 1927 1088 1975 incepit
1109 1938 1205 1971 esse,
1229 1927 1294 1963 sed
1317 1929 1355 1962 in
1379 1926 1578 1977 principio,
1604 1924 1641 1960 id
1665 1927 1735 1977 est,

946 1975 986 2011 in
1008 1977 1132 2019 Patre,
1147 1975 1209 2020 qui
1227 1978 1282 2010 est
1299 1973 1526 2021 principium
1543 1982 1623 2008 sine
1637 1981 1739 2018 prm-

947 2022 1060 2069 cipio,
1082 2025 1119 2059 et
1140 2022 1254 2058 Filius
1280 2021 1343 2068 qui
1363 2025 1420 2057 est
1440 2018 1666 2067 principium
1690 2018 1736 2071 de

947 2069 1146 2117 principio.
1180 2069 1277 2105 Dicit
1307 2072 1434 2105 autem
1478 2067 1635 2104 Verbum
1670 2066 1735 2117 Dei

947 2117 1104 2161 Filium3
1140 2116 1229 2163 quia
1266 2118 1374 2153 Jesus
1411 2114 1578 2152 Christus
1609 2114 1737 2165 Domi-

945 2175 1016 2200 nus
1057 2167 1186 2201 noster
1232 2162 1552 2210 quemadmodum
1601 2160 1737 2212 dicitur

946 2211 1061 2248 Filius
1094 2210 1175 2256 Dei,
1208 2211 1262 2248 sic
1293 2211 1430 2247 dicitur
1458 2209 1623 2246 Verbum
1654 2209 1734 2251 Del,

945 2258 999 2295 sic
1017 2262 1053 2295 et
1071 2259 1198 2296 Virtus
1219 2262 1255 2295 et
1279 2257 1473 2305 Sapientia
1498 2255 1562 2292 Dei
1587 2266 1595 2290 :
1618 2263 1734 2291 unum

945 2306 1047 2342 enim
1099 2306 1278 2352 idemque
1327 2304 1559 2351 significant,
1616 2311 1734 2354 unum

944 2353 1120 2400 idemque
1141 2357 1240 2398 sunt,
1264 2352 1392 2396 Filius,
1409 2352 1588 2394 Verbum,
1607 2350 1734 2385 Virtus

944 2405 982 2437 et
1015 2401 1218 2448 Sapientia.
1255 2400 1329 2437 Sed
1360 2400 1426 2444 ait,
1449 2398 1628 2440 Verbum,
1656 2406 1732 2432 non

944 2448 1072 2493 Filius,
1094 2449 1182 2495 quia
1201 2449 1272 2484 hoc
1293 2458 1431 2484 nomen
1451 2445 1637 2496 Verbum,
1654 2453 1735 2495 ma-

944 2496 1001 2542 gis
1027 2497 1075 2533 ad
1094 2495 1329 2543 propositum
1353 2494 1442 2531 facit
1465 2501 1579 2539 quam
1602 2490 1730 2543 Filius.

946 2543 1014 2580 Ubi
1041 2543 1235 2580 sciendum
1263 2542 1363 2589 quod
1389 2552 1458 2577 vox
1481 2538 1733 2585 significativa

943 2591 1081 2627 dicitur
1101 2591 1274 2633 verbum;
1299 2589 1365 2626 sed
1390 2589 1544 2640 hoc-est
1563 2587 1729 2638 tantum-

944 2638 1055 2675 modo
1072 2638 1176 2683 large
1197 2641 1233 2674 et
1252 2636 1544 2677 denominative,
1562 2643 1601 2684 ¹¹¹.
1617 2640 1732 2676 quan-

943 2689 1022 2722 tum
1043 2685 1231 2732 significat
1251 2684 1471 2721 interiorem
1490 2683 1624 2716 mentis
1644 2688 1732 2730 con-

944 2736 1094 2780 ceptum
1117 2745 1125 2770 :
1149 2732 1244 2769 sicut
1265 2731 1378 2768 facies
1401 2729 1538 2780 dicitur
1562 2735 1668 2779 sana,
1693 2735 1729 2759 m

944 2784 1127 2827 quantum
1153 2783 1209 2817 est
1236 2777 1407 2816 sanitatis
1436 2776 1661 2815 indicativa;
1693 2774 1731 2807 et
