1902 3126
172 196 229 230 142
667 190 813 225 PRIMAE
849 190 1007 224 PARTIS
1043 188 1181 223 CAPUT
1219 188 1300 221 XVI

169 268 320 303 struatae
349 261 559 309 comparari
595 261 730 298 debeat
762 261 942 297 mulieris.

132 345 136 348 Δ
219 328 254 349 11
278 313 579 349 Cos-§mammen
605 321 698 350 Quon
718 320 824 344 OMNIS
847 320 945 344 ,wri-

169 371 258 397 10110
291 371 335 394 ‚in
359 369 479 394 Boxum
505 367 676 393 pnoerT
700 368 722 392 A
747 367 947 391 1115010001-

172 419 228 443 011
248 408 326 449 Dm,
349 417 391 441 ET
413 417 456 440 DE
484 415 604 440 SEIPSO
628 415 878 439 mrrmexnru.
904 423 942 429 —-

170 454 372 491 Considera
404 452 516 488 etiam
555 450 766 496 diligenter,
796 454 831 485 et
862 459 945 485 cum

169 511 308 546 magno
335 510 475 546 pavore
502 498 804 544 frequentissime
829 496 945 531 rumi-

170 558 232 593 na,
256 548 355 594 quod
376 556 526 582 omnem
546 545 789 591 aptitudinem
810 543 856 579 ad
878 544 946 579 bo-

169 605 278 639 num,
317 598 351 630 et
386 593 434 630 ad
476 603 624 628 omnem
663 591 842 637 gratiam,
882 600 946 626 seu

169 651 441 688 quamcumque
457 639 745 675 sollicitudiuem
761 638 859 673 circa
871 637 946 671 vir-

167 692 291 725 tutum
327 687 631 733 acquisitionem,
661 696 683 721 a
712 685 831 730 teipso
872 694 947 719 11011

168 736 321 779 habeas,
345 735 410 771 sed
441 734 611 770 Christus
647 733 712 768 tibi
739 731 839 767 dedit
868 731 948 766 sola

169 793 235 819 sua
273 780 532 818 misericordia
561 791 568 814 :
598 779 674 825 qui,
694 779 723 814 si
755 777 945 819 voluisset,

164 829 347 875 potuisset
374 829 425 864 ita
454 828 625 863 conferre
654 825 871 869 cuicumque
900 823 948 858 ri—

164 876 290 921 baldo,
311 880 345 911 te
366 876 403 910 in
418 876 494 910 luto
515 873 615 909 saecis
635 876 669 908 et
688 872 771 908 lacu
787 870 947 907 miseriae

166 924 358 959 derelicto.
401 921 593 964 Quomodo
637 919 736 954 enim
776 917 845 954 sibi
883 917 949 954 ali-

170 970 259 1016 quid
280 973 473 1015 tamquam
500 977 607 1002 suum
635 965 826 1008 attribuet,
849 975 892 1000 ae
917 964 947 1000 si

167 1018 214 1053 ab
235 1017 315 1062 ipso
336 1014 543 1061 proveniat,
559 1013 620 1058 qui
635 1012 825 1048 multoties
840 1021 945 1047 suam

165 1062 505 1109 impossibilitatem
521 1060 559 1095 in
573 1059 869 1105 quibuscumque
884 1060 948 1095 bo-

168 1110 225 1145 1115
263 1109 438 1155 operibus
473 1106 620 1153 magnis
657 1111 693 1142 et
732 1105 858 1152 parvis
891 1109 948 1141 est

116 1196 124 1199 ,
167 1161 355 1202 expertus,
376 1155 437 1201 qui
468 1154 577 1190 toties
599 1153 773 1199 cognovit
807 1164 846 1188 se
871 1164 947 1188 non

163 1214 274 1249 posse
308 1203 398 1239 dum
419 1201 558 1247 voluit3
583 1204 618 1236 et
645 1201 810 1246 quando,
832 1203 872 1235 ut
895 1199 948 1235 ita

169 1250 306 1294 dicam,
329 1260 404 1286 non
438 1248 567 1292 voluit,
591 1258 659 1283 nec
695 1247 850 1291 curavit,
878 1257 948 1282 nec

166 1308 280 1344 super
300 1296 440 1332 talibus
460 1295 650 1340 cogitavit,
665 1294 781 1330 sensit
802 1305 839 1329 se
862 1295 947 1330 sub-

163 1344 215 1380 ito
252 1343 430 1380 divinitus
461 1342 675 1383 excitatum,
709 1341 855 1377 fervore
877 1340 945 1376 mi-

164 1390 274 1427 rabili
313 1391 361 1426 ad
399 1389 464 1426 illa
501 1399 616 1436 opera
654 1388 840 1431 facienda,
863 1399 945 1433 quae

166 1438 272 1484 prius
295 1448 379 1474 cum
401 1436 504 1473 omni
531 1447 598 1473 suo
626 1439 763 1471 conatu
789 1435 946 1481 implere

168 1496 242 1520 non
268 1484 414 1531 potuit?
440 1485 533 1519 Nam
566 1486 601 1519 et
631 1483 745 1518 talem
772 1481 946 1528 impossi-

167 1531 351 1567 bilitatem
373 1530 511 1567 idcirco
522 1532 619 1566 Deus
632 1533 709 1565 tam
724 1530 837 1574 longo
856 1533 947 1564 tem-

165 1589 256 1624 pore
285 1578 472 1614 dominari
502 1577 541 1612 in
562 1576 716 1612 homine
746 1575 943 1622 permittit,

165 1628 206 1661 ut
225 1625 343 1661 discat
376 1623 580 1667 humiliari,
603 1627 640 1660 et
669 1633 875 1668 numquam
908 1623 946 1658 in

168 1671 292 1718 seipso
332 1671 493 1707 inaniter
529 1670 729 1716 glorietur;
768 1670 833 1706 sed
871 1671 945 1705 Deo

168 1729 280 1755 omne
320 1720 462 1755 bonum
491 1718 684 1761 attribuat,
717 1728 794 1753 non
825 1717 946 1752 solum

168 1765 441 1802 consuetudine
479 1766 641 1811 quadam
674 1768 710 1800 et
736 1763 859 1807 labiis,
881 1763 947 1799 sed

164 1813 290 1859 potius
311 1824 355 1849 ex
387 1812 518 1848 intimo
560 1814 615 1847 sui
645 1811 780 1847 cordis.
817 1811 947 1857 Cogita

166 1860 280 1896 etiam
301 1860 401 1906 quod
419 1870 496 1895 non
516 1862 571 1895 est
586 1858 768 1902 ribaldus,
790 1858 848 1894 vel
870 1857 948 1903 qui-

165 1918 324 1953 cumque
363 1910 537 1953 peccator
559 1934 567 1950 ,
607 1905 670 1951 qui
711 1916 789 1941 non
828 1904 947 1950 magis

164 1954 355 1991 assisteret
388 1955 464 1989 Deo
497 1964 563 1989 suo
594 1963 706 1998 quam
736 1956 789 1995 tu,
817 1955 854 1988 et
885 1951 946 1997 qui

165 2012 241 2038 non
269 2000 389 2046 magis
413 2003 699 2046 recognosceret
731 1999 797 2035 Dei
831 2000 945 2034 bene-

167 2048 254 2084 ficia
284 2058 395 2093 quam
425 2050 481 2091 tu,
504 2048 533 2082 si
570 2046 775 2093 recepisset
806 2046 946 2091 gratias

168 2106 262 2140 quas
287 2099 342 2140 tu,
365 2095 444 2131 sola
478 2094 543 2130 Dei
570 2094 734 2140 gratuita
760 2093 945 2137 bonitate,

168 2144 205 2178 et
241 2152 317 2178 non
353 2141 515 2187 propriis
551 2140 709 2185 meritis,
746 2140 943 2187 recepisti,

165 2192 320 2235 propter
340 2190 439 2234 quod
460 2191 583 2234 potest
602 2188 763 2234 teipsum
775 2187 946 2224 viliorem

169 2238 207 2272 et
226 2233 447 2271 inferiorem
462 2235 565 2270 omni
586 2235 740 2270 homine
753 2235 942 2281 Judica1¹e3

168 2286 206 2318 et
224 2293 271 2318 ne
289 2285 444 2328 propter
463 2281 775 2327 ingratitudinem
799 2285 903 2318 tuam
924 2292 947 2318 a

168 2339 234 2365 suo
256 2331 456 2374 conspectu
481 2332 518 2364 te
540 2328 708 2365 Christus
739 2328 830 2365 foris
851 2329 945 2375 abji-

168 2376 343 2421 ciat,non
357 2375 545 2412 immerito
565 2375 782 2419 formidare,
803 2379 840 2411 et
859 2387 945 2421 pee-

168 2425 250 2460 cata
270 2422 431 2459 aliorum
455 2423 495 2458 in
515 2425 552 2458 te
575 2423 642 2459 sub
661 2423 821 2468 quadam
843 2422 944 2458 simi-

166 2469 324 2507 litudine
354 2470 639 2513 transformare,
667 2469 720 2505 sic
747 2472 783 2505 te
814 2469 853 2505 in
882 2473 946 2506 tua

169 2516 401 2554 conscientia
419 2516 650 2563 increpando
668 2528 676 2552 ι
695 2518 788 2552 Ecce
808 2516 871 2552 ille
890 2520 947 2553 est

168 2564 371 2608 homicida,
411 2567 449 2600 et
497 2574 565 2609 ego
603 2564 717 2600 miser
758 2564 945 2600 multoties

169 2611 288 2647 occidi
307 2611 473 2648 animam
491 2621 636 2655 meam;
654 2610 724 2647 iste
739 2610 946 2646 fornicator

169 2661 226 2694 est
248 2661 285 2694 et
309 2659 470 2704 adulter,
492 2662 528 2695 et
549 2669 616 2705 ego
647 2661 726 2694 tota
747 2657 807 2693 die
834 2658 946 2693 forni-

169 2716 233 2741 cor
256 2709 294 2742 et
318 2706 531 2752 adulteror,
559 2716 583 2742 a
604 2707 681 2742 Deo
710 2715 793 2741 meo
818 2704 945 2741 oculos

169 2762 274 2788 meos
294 2754 512 2799 avertendo,
539 2755 576 2790 et
600 2751 794 2790 diabolicis
815 2761 947 2798 sugge-

167 2798 352 2838 stionibus
369 2800 635 2849 supponend03
663 2803 700 2838 et
722 2799 776 2838 sic
795 2800 840 2837 de
862 2798 945 2837 aliis

1023 271 1089 297 suo
1124 260 1249 296 modo.
1283 259 1405 295 Debes
1438 258 1552 295 etiam
1585 257 1726 295 habere
1763 258 1804 295 in

1022 307 1173 354 proprio
1194 311 1258 343 tuo
1278 306 1501 343 sentimento
1522 306 1609 349 duo,
1631 303 1805 342 videlicet

1023 355 1123 401 quod
1147 354 1287 390 sentias
1308 354 1353 389 de
1375 353 1496 399 teipso
1529 355 1625 388 sicut
1651 352 1697 388 de
1726 361 1802 389 uno

1024 412 1180 447 corpore
1217 404 1366 437 mortuo
1399 400 1555 445 foetenti,
1580 399 1691 446 pleno
1718 409 1802 435 ver-

1024 448 1160 493 mibus,
1191 451 1229 484 et
1264 449 1360 484 male
1398 448 1527 491 olenti,
1561 450 1598 482 et
1628 446 1726 482 sicut
1757 445 1804 483 de

1022 506 1097 531 uno
1138 495 1318 531 cadavere
1353 496 1453 541 quod
1491 493 1663 530 homines
1696 492 1802 529 dedi-

1024 545 1191 587 gnantur
1213 542 1354 585 videre,
1388 542 1463 578 imo
1492 542 1670 578 claudunt
1690 549 1803 577 nares

1024 592 1177 634 propter
1208 589 1288 633 ejus
1320 589 1525 634 pessimum
1556 588 1744 632 foetorem,
1766 589 1804 624 et

1023 638 1197 671 avertunt
1218 635 1346 679 facieS,
1368 639 1407 671 ut
1426 647 1500 671 non
1519 635 1669 671 videant
1688 634 1804 670 talem

1024 693 1067 718 ac
1094 686 1240 717 tantam
1270 682 1605 718 abominationem.
1629 683 1673 717 Et
1700 680 1804 727 quod

1024 729 1054 765 si
1073 729 1154 775 quis
1175 729 1221 764 de
1240 732 1304 764 tuo
1325 739 1480 775 corpore
1498 728 1685 775 justitiam
1703 728 1802 764 face-

1024 779 1095 819 ret,
1118 775 1257 811 sentias
1280 776 1381 821 quod
1395 777 1538 822 justum
1555 778 1655 811 esset
1673 777 1715 811 ut
1733 773 1802 810 tibi

1024 823 1152 859 oculos
1185 826 1346 868 erueret,
1369 834 1411 859 ae
1441 833 1589 866 nasum,
1615 832 1740 866 aures,
1766 822 1805 857 et

1023 881 1065 906 os
1086 870 1336 912 abscinderet,
1357 873 1394 905 et
1420 870 1472 906 sie
1501 870 1547 905 de
1577 869 1660 906 aliis
1681 866 1802 905 sensi-

1022 918 1092 953 bus
1113 921 1149 952 et
1175 916 1354 953 membris
1375 916 1561 963 corporis;
1581 915 1669 962 quia
1685 917 1804 952 Deum

1024 963 1213 1000 offendisti
1236 974 1319 1000 cum
1340 964 1407 1009 eis,
1431 967 1467 1000 et
1483 963 1583 1010 quod
1594 965 1741 999 tantum
1757 962 1806 1003 de

1024 1013 1094 1047 hoc
1124 1011 1322 1058 gauderes,
1342 1014 1384 1047 ut
1405 1021 1609 1057 numquam
1635 1009 1738 1053 aliud
1758 1009 1806 1046 de

1023 1061 1059 1094 te
1079 1062 1226 1094 tantum
1247 1058 1500 1102 desiderares,
1524 1060 1587 1094 aut
1613 1056 1744 1101 velles,
1769 1058 1806 1093 et

1024 1106 1123 1151 quod
1155 1105 1284 1141 omnia
1316 1105 1515 1151 vituperia,
1543 1103 1804 1149 verecundias,

1024 1156 1061 1187 et
1100 1152 1378 1188 diffamationes
1399 1153 1482 1198 plus
1518 1162 1631 1198 quam
1652 1153 1806 1197 possent

1024 1198 1237 1246 imaginari,
1259 1200 1317 1235 vel
1343 1199 1519 1244 cogitari,
1535 1203 1574 1235 ut
1598 1198 1728 1235 vinum
1748 1197 1804 1234 bi-

1024 1247 1148 1289 beres,
1170 1256 1212 1282 ac
1234 1256 1318 1282 cum
1339 1257 1486 1282 summo
1519 1245 1656 1291 gaudio
1684 1247 1722 1283 et
1743 1245 1805 1281 lae-

1023 1293 1106 1329 titia
1138 1292 1261 1329 cordis
1291 1293 1491 1340 reciperes,
1526 1293 1602 1328 imo
1637 1292 1678 1328 in
1710 1290 1805 1328 facie

1023 1339 1164 1384 ridens,
1207 1340 1423 1386 splendens,
1451 1344 1488 1376 et
1526 1340 1652 1376 alacer
1688 1348 1804 1386 appa·
1858 1374 1861 1375 γ

1022 1398 1138 1423 reres.
1162 1389 1206 1423 Et
1227 1388 1326 1432 quod
1345 1398 1473 1424 omnes·
1497 1390 1533 1423 te
1557 1387 1729 1423 videntes
1748 1386 1804 1423 fa-

1022 1445 1127 1470 ceres
1141 1434 1334 1479 admirari,
1355 1438 1391 1470 et
1402 1435 1449 1470 ad
1464 1434 1608 1481 seipsos
1620 1433 1802 1479 converti,

1022 1485 1058 1517 et
1079 1482 1177 1527 quod
1200 1482 1396 1517 crederent
1415 1492 1490 1517 non
1510 1492 1619 1528 posse
1636 1481 1804 1518 sineDeo

1022 1529 1093 1564 1100
1118 1528 1212 1564 fieri.
1245 1528 1388 1565 Deinde
1419 1532 1568 1574 oportet
1598 1527 1699 1575 quod
1731 1527 1804 1563 dif-

1023 1576 1118 1611 fidas
1140 1577 1185 1611 de
1205 1575 1322 1621 teipso
1345 1576 1527 1620 totaliter,
1552 1579 1589 1612 et
1615 1576 1661 1612 de
1681 1574 1803 1612 omni-

1022 1623 1091 1658 bus
1112 1621 1221 1658 honis
1244 1623 1331 1667 tuis,
1356 1626 1393 1659 et
1420 1623 1467 1659 de
1501 1626 1582 1659 tota
1613 1622 1690 1659 vita
1722 1624 1801 1666 tua,

1023 1672 1060 1705 et
1079 1672 1275 1705 convertas
1295 1673 1331 1705 te
1357 1672 1491 1715 totum,
1514 1673 1551 1705 et
1567 1669 1729 1706 reclines
1745 1679 1804 1706 su-

1022 1727 1090 1762 per
1112 1716 1267 1753 brachia
1285 1716 1430 1752 Domini
1445 1719 1535 1753 Jesu
1555 1716 1691 1753 Christi
1709 1726 1802 1763 pau-

1021 1763 1189 1810 perrimi,
1221 1763 1434 1807 humillimi,
1459 1763 1719 1810 improperati,
1738 1763 1803 1799 de-

1023 1811 1200 1857 specti,et
1220 1810 1357 1846 mortui
1375 1814 1592 1857 propterte,
1610 1819 1804 1857 usquequo

1023 1861 1063 1893 tu
1084 1857 1134 1893 sis
1155 1861 1325 1894 mortuus
1344 1857 1381 1893 in
1403 1857 1578 1894 omnibus
1599 1857 1673 1894 tuis
1688 1856 1803 1902 senti-

1023 1905 1161 1940 mentis
1182 1904 1368 1947 humanis,
1386 1908 1422 1940 et
1436 1905 1537 1950 quod
1553 1907 1663 1941 Jesus
1677 1903 1804 1941 Chris-

1024 1956 1083 1988 tus
1110 1951 1309 1987 crucifixus
1333 1951 1432 1987 vivat
1462 1951 1502 1987 in
1531 1955 1595 1988 tuo
1619 1951 1745 1996 corde,
1767 1953 1804 1988 et

1022 1998 1061 2034 in
1087 1998 1212 2034 anima
1232 2003 1309 2042 tua,
1332 2002 1369 2034 et
1388 2001 1488 2035 totus
1513 1999 1802 2035 transformatus

1022 2049 1060 2081 et
1093 2046 1383 2092 transfiguratus
1422 2048 1459 2081 et
1495 2045 1620 2091 vivus3
1655 2047 1692 2082 et
1721 2046 1803 2082 haec

1022 2092 1238 2129 cordialiter
1273 2094 1416 2129 sentias
1447 2092 1486 2127 in
1515 2096 1566 2137 te,
1587 2092 1627 2128 in
1655 2095 1802 2129 tantum

1021 2143 1062 2176 ut
1089 2150 1294 2186 numquam
1324 2140 1451 2175 videas
1481 2139 1540 2175 vel
1565 2139 1698 2176 audias
1728 2138 1803 2176 nisi

1023 2187 1145 2224 solum
1157 2189 1284 2223 Jesum
1295 2190 1457 2223 stantem
1469 2186 1508 2222 in
1523 2197 1631 2223 cruce
1645 2195 1802 2233 suspen-

1023 2245 1119 2279 sum,
1133 2238 1170 2271 et
1190 2238 1378 2271 mortuum
1390 2237 1543 2280 propter
1557 2237 1607 2279 te,
1619 2233 1666 2270 ad
1680 2243 1801 2270 exem-

1021 2281 1104 2328 plar
1133 2283 1253 2318 beatae
1282 2282 1407 2317 Mariae
1442 2280 1609 2327 Virginis
1630 2283 1802 2318 mortuus

1022 2329 1163 2365 mundo
1184 2332 1222 2365 et
1244 2328 1372 2365 vivens
1401 2328 1440 2364 in
1460 2328 1558 2372 fide,
1581 2331 1619 2364 et
1644 2327 1745 2374 quod
1762 2327 1806 2363 in

1021 2376 1085 2411 illa
1106 2376 1182 2412 fide
1202 2376 1301 2412 vivat
1323 2378 1402 2412 tota
1421 2378 1486 2412 tua
1503 2374 1594 2419 vita,
1615 2385 1735 2422 usque
1754 2373 1804 2411 ad

1021 2423 1352 2466 resurrectionem,
1367 2422 1414 2470 in
1445 2433 1519 2468 qua
1549 2424 1648 2458 Deus
1679 2421 1803 2458 mittet

1020 2470 1201 2515 gaudium
1227 2469 1421 2517 spirituale
1445 2474 1482 2506 et
1507 2470 1649 2506 donum
1674 2467 1801 2506 Sancti

1023 2517 1182 2563 Spiritus
1207 2517 1248 2553 in
1273 2517 1401 2554 anima
1415 2519 1494 2561 tua,
1516 2519 1553 2554 et
1575 2516 1615 2552 in
1641 2515 1716 2552 illis
1735 2515 1801 2562 qui

1022 2565 1187 2609 diligunt
1205 2565 1402 2600 adventum
1421 2564 1513 2609 ejus.

1072 2625 1111 2647 12
1133 2612 1190 2648 S1c
1213 2613 1424 2648 GENERATUR
1442 2620 1644 2655 nummus,
1663 2619 1800 2646 omma

1019 2670 1198 2695 vmrurtm
1224 2671 1354 2695 MATER.
1381 2677 1426 2685 -
1445 2659 1496 2694 Ex
1515 2657 1574 2693 his
1593 2656 1799 2704 praemissis

1020 2706 1265 2752 generabitur
1283 2706 1322 2742 in
1341 2708 1379 2742 te
1397 2704 1516 2741 virtus
1535 2704 1614 2750 illa,
1633 2714 1718 2751 quae
1740 2706 1798 2741 est

1022 2756 1143 2789 mater
1177 2756 1214 2789 et
1252 2753 1357 2799 origo
1394 2752 1563 2789 omnium
1597 2751 1794 2796 virtutum,

1020 2799 1161 2837 seilicet
1203 2800 1397 2837 humilitas
1410 2827 1420 2845 ,
1460 2809 1546 2846 quae
1595 2798 1795 2837 interiores
