1897 3167
147 145 186 176 20·
660 144 803 177 l‘RtMAE
844 146 997 180 t‘ARTtS
1036 147 1171 180 CAPUT
1211 149 1260 181 ΙΙΙ

150 214 376 250 matrimonii
397 217 528 250 contra
548 215 692 251 futuros
712 215 923 260 herreticos,

152 261 430 297 matrimonium
446 263 628 298 damnare
646 263 830 307 volentes3
852 264 922 305 vel,

152 312 189 344 ut
212 319 278 354 per
317 309 386 344 hoc
414 309 512 354 quod
538 309 584 345 de
610 308 753 355 virgine
780 313 815 345 et
859 310 923 346 de-

150 359 327 400 sponsata
343 359 572 400 nasceretur,
588 359 744 402 uterque
759 360 876 392 status
888 360 924 392 et,

149 401 333 447 virginum
362 406 395 438 et
424 404 705 449 conjugatorum
738 404 922 449 approba-

151 452 265 492 retur,
281 453 411 485 contra
424 450 620 486 haereticos
636 450 743 486 alteri
765 450 921 486 istorum

148 495 403 532 detrahentes.
432 517 474 522 —
502 497 639 540 Tertia,
673 498 720 533 ad
749 497 920 533 subleva-

150 541 290 578 tionem
312 544 516 589 opprobrii,
534 548 572 580 ut
592 544 733 580 scilicet
752 545 798 580 ab
820 543 920 579 omni

149 589 267 634 gradu
301 590 523 626 seminarum
561 591 756 627 tolleretur
785 601 919 636 oppro-

149 636 285 680 brium,
305 638 405 682 quod
424 638 458 673 in
482 640 556 673 Eva
575 638 769 673 incurrunt
790 648 920 673 omnes

149 683 295 719 t'eminae
309 695 315 727 ;
328 688 361 719 et
378 688 453 720 tam
471 685 635 730 virgines
647 695 758 731 quam
779 688 917 730 nupta‘,

148 740 259 775 quam
293 731 406 766 etiam
445 732 565 767 viduae
595 742 617 767 a
643 731 832 767 communi
854 742 918 777 op-

147 777 312 822 probrio,
342 778 441 823 quod
473 778 510 813 in
536 781 611 814 Eva
643 782 917 822 contraxerant,

146 823 397 860 eximerentur
430 824 469 860 in
507 836 667 871 persona
699 825 838 861 Mariam
876 845 919 850 -—

147 871 285 913 Quarta
297 875 350 907 est
365 872 410 907 ad
424 872 785 908 commendationem
801 882 920 907 exem—

147 916 197 962 pli
230 929 237 952 :
274 921 312 953 ut
345 918 516 955 videlicet
554 920 783 962 ostenderet,
823 919 919 954 sacta

148 964 452 1009 desponsatione,
491 970 576 1001 ante
619 965 918 1009 conventionem,

148 1010 305 1046 liberum
347 1023 428 1048 esse
468 1013 629 1048 transire
668 1012 715 1048 ad
765 1012 920 1048 meliora

147 1061 247 1100 vota,
288 1069 424 1103 sponso
458 1059 686 1105 irrequisito,
723 1063 764 1095 ut
796 1062 851 1095 est
882 1059 919 1094 in

148 1104 338 1149 religionis
375 1105 559 1150 ingressu,
598 1107 661 1142 ubi
697 1106 821 1142 anima
856 1107 919 1141 de-

147 1156 346 1196 sponsatur
362 1153 456 1195 De03
478 1153 571 1188 sicut
583 1153 649 1188 fuit
661 1153 699 1188 in
718 1154 828 1189 beata
843 1153 921 1189 Vir-

145 1197 244 1242 gine.
265 1218 306 1223 —
335 1199 468 1241 Quinta
490 1204 557 1243 est,
580 1200 783 1235 secundum
805 1201 920 1243 Chry-

144 1248 350 1285 sostomzcm,
367 1246 414 1280 ad
429 1246 723 1282 declarationem
736 1246 917 1292 mysterii,

145 1301 217 1336 quo
239 1291 378 1327 scilicet
403 1292 474 1338 ipsi
503 1293 648 1329 Christo
670 1294 920 1338 desponsatur

144 1338 319 1382 Ecclesia,
356 1350 437 1384 qnae
466 1339 570 1385 virgo
598 1343 653 1375 est
680 1340 919 1376 immaculata

145 1395 293 1430 semper
325 1389 361 1421 et
394 1386 475 1421 sine
503 1397 613 1433 ruga;
639 1388 742 1433 cuius
763 1387 917 1432 virgin1s

144 1442 272 1468 sumus
293 1432 359 1467 filii
382 1432 419 1468 in
440 1434 514 1469 fide
536 1436 624 1470 Jesu
645 1434 794 1478 Christi,
816 1434 916 1479 quia,

145 1479 350 1514 secundum
363 1482 512 1515 Leonem
527 1482 681 1527 Papam,
696 1492 767 1527 quo
786 1481 917 1527 spiritu

145 1526 191 1561 de
200 1525 364 1570 Virginis
377 1531 480 1563 utero
491 1528 919 1571 nasciturChristus‚hoc

145 1573 190 1609 de
202 1573 374 1609 Ecclesia}
385 1577 489 1610 utero
503 1575 916 1612 nasciturChristianus.

197 1634 236 1655 10
258 1621 376 1656 MARIA
410 1633 473 1656 ern
509 1634 621 1657 FABRO
657 1622 856 1658 Nursnmr‘?
876 1643 920 1646 —

147 1666 232 1702 Ideo
246 1671 383 1711 autem,
398 1669 600 1704 secundum
616 1670 918 1714 Chrysus-tomum,

147 1714 256 1749 beata
301 1714 403 1761 virgo
442 1715 558 1751 Maria
608 1716 713 1752 fabro
763 1716 921 1761 lignario

146 1760 372 1806 desponsata
393 1762 474 1806 suit,
499 1763 587 1808 quia
607 1763 773 1800 Christus
796 1763 922 1799 Eccle-

147 1808 211 1843 siae
246 1818 405 1854 sponsus
448 1809 615 1845 omnium
661 1811 820 1846 salutem
857 1821 925 1856 per

147 1853 289 1899 lignum
312 1856 430 1891 crucis
448 1857 593 1902 operari
616 1858 788 1894 debebat.
815 1860 922 1894 Insu-

147 1911 214 1947 per
237 1903 443 1938 secundum
472 1904 733 1948 Achustz'num,
757 1905 924 1941 Christus

149 1949 336 1984 nascendo
372 1950 417 1985 de
456 1954 588 1996 matre,
612 1962 693 1997 quae
723 1952 829 1988 fabro
859 1953 924 1988 de-

150 2000 327 2047 sponsata
345 2000 438 2040 erat,
455 2008 606 2033 omnem
621 1999 780 2035 carnalis
794 1998 926 2035 nobili-

149 2045 234 2077 tatls
256 2046 441 2079 tumorem
462 2044 627 2080 extinxit.

201 2104 235 2125 11
262 2091 404 2125 chnffi
421 2103 540 2126 Bt-:ATAE
553 2094 677 2128 Mffluffi
695 2105 864 2129 vmfflxls.
881 2114 924 2120 —

997 220 1229 263 sponsatam,
1248 228 1330 263 quae
1367 217 1415 254 al)
1453 217 1556 254 omni
1595 217 1770 264 concupi-

998 264 1140 300 scentia
1169 265 1350 300 mundam
1386 263 1546 300 servavit
1581 264 1768 309 animam;

998 311 1113 347 multo
1123 311 1241 358 magis
1250 311 1366 347 Maria
1376 312 1512 358 Joseph
1527 311 1769 357 desponsata,

997 368 1079 403 quae
1111 358 1215 403 virgo
1254 358 1292 393 in
1342 361 1524 394 {eternum
1563 358 1770 403 permansit

996 404 1247 441 immaculata.
1273 406 1517 451 Comparatur
1535 404 1648 441 etiam
1665 405 1769 451 virgo

998 451 1114 487 Maria
1125 452 1217 487 turri
1233 452 1460 495 fortissimae,
1475 463 1555 497 quae
1574 452 1768 488 dicebatur

997 498 1115 541 Baris,
1135 502 1280 544 quae‚ut
1299 498 1337 534 in
1359 499 1586 535 Scholastica
1607 498 1770 534 Historia

997 544 1144 587 dicitur,
1181 546 1325 581 duobus
1366 545 1580 581 custodibus
1619 543 1771 581 defendi

996 595 1143 637 poterat
1167 593 1213 628 ab
1237 592 1409 628 omnibus
1435 591 1663 636 viventibus;
1692 595 1770 628 tam

996 638 1199 674 fortissima
1222 642 1259 673 et
1298 638 1523 674 invincibilis
1561 638 1630 674 suit
1664 638 1769 684 virgo

996 685 1126 729 Maria,
1163 686 1268 731 cujus
1290 688 1414 721 custos
1450 684 1662 731 praecipuus
1689 688 1770 720 erat

996 734 1092 767 Deus
1129 735 1271 768 aeterna
1308 732 1510 778 Sapientia.
1550 732 1661 778 Cujus
1693 731 1770 768 vita

995 779 1106 815 etiam
1134 783 1373 825 comparatur
1398 778 1490 815 turri
1527 779 1657 823 David,
1686 789 1768 825 quae

994 827 1138 862 munita
1159 830 1239 861 erat
1264 826 1365 862 mille
1392 825 1543 872 clypeis,
1566 825 1628 871 qui
1655 826 1700 861 de
1725 836 1770 862 ea

994 874 1279 919 dependebant:
1305 873 1392 918 quia
1426 872 1526 908 mille
1551 872 1708 908 virtutes
1733 877 1770 909 et

994 921 1109 956 multo
1140 920 1265 965 plures
1302 920 1341 956 in
1377 919 1494 956 Maria
1523 920 1768 965 apparebant,

994 967 1129 1013 quibus
1155 967 1230 1002 vita
1251 968 1330 1013 ejus
1354 967 1497 1002 munita
1520 970 1599 1002 erat
1625 965 1663 1001 in
1688 970 1770 1002 tan-

993 1017 1085 1058 tum,
1110 1015 1208 1060 quod
1231 1025 1361 1050 omnes
1382 1013 1609 1050 tentationes
1627 1016 1662 1049 et
1682 1023 1769 1059 pec-

993 1064 1076 1097 cata
1121 1062 1343 1107 superabat;
1379 1064 1415 1096 et
1443 1072 1519 1096 non
1551 1060 1671 1096 solum
1698 1061 1770 1096 hoc

993 1118 1015 1143 a
1028 1119 1081 1152 se,
1093 1108 1157 1143 sed
1179 1108 1291 1144 etiam
1306 1109 1352 1144 ab
1373 1107 1639 1153 aliis,gratiam
1657 1117 1764 1143 suam

993 1155 1242 1199 infundendo,
1264 1155 1483 1201 repellebat.

1045 1215 1083 1237 12
1104 1203 1380 1237 PRAEOELLExm
1400 1214 1520 1237 BEATAE
1540 1203 1668 1237 MARIAE
1690 1213 1768 1236 vm-

993 1260 1100 1284 oms.
1116 1269 1157 1273 —
1169 1249 1372 1284 Considera
1386 1249 1496 1284 modo
1515 1252 1664 1294 quantae
1681 1251 1768 1284 ante

992 1296 1088 1331 hanc
1105 1296 1254 1331 beatam
1262 1295 1466 1341 Virginem,
1478 1299 1514 1331 et
1525 1296 1639 1331 etiam
1653 1305 1770 1341 quan-

992 1346 1039 1378 tte
1057 1345 1140 1388 post
1159 1353 1241 1377 eam
1262 1342 1438 1378 mulieres
1456 1345 1492 1377 et
1512 1342 1675 1388 virgines
1692 1342 1771 1378 fue-

993 1389 1069 1424 rint
1091 1401 1097 1424 :
1118 1389 1198 1424 haec
1224 1392 1349 1425 tamen
1372 1390 1452 1425 sola
1478 1392 1598 1425 mater
1619 1388 1770 1425 Domini

992 1436 1073 1472 fieri
1086 1436 1234 1472 meruit.
1250 1438 1384 1483 Magna
1400 1436 1498 1472 enim
1513 1440 1549 1472 et
1566 1435 1772 1472 ineffabilis

993 1482 1114 1529 gratia
1137 1486 1206 1527 est,
1234 1486 1275 1519 ut
1301 1494 1375 1519 una
1401 1494 1443 1519 ex
1470 1483 1583 1519 tantis
1607 1482 1772 1519 millibus

993 1530 1166 1576 eligatur.
1179 1530 1264 1566 Ideo
1278 1534 1403 1565 autem
1415 1541 1491 1576 prae
1506 1530 1639 1566 ceteris
1655 1529 1775 1565 electa

994 1577 1075 1621 suit,
1097 1577 1184 1623 quia
1202 1587 1331 1612 omnes
1348 1576 1441 1612 alias
1460 1577 1657 1613 sanctitate
1676 1587 1773 1622 prae-

995 1624 1132 1660 celluit.
1157 1625 1260 1660 Unde
1290 1624 1511 1659 Anselmus:
1542 1637 1559 1657 ι(
1593 1625 1683 1659 Eam
1710 1634 1772 1659 so-

995 1671 1083 1715 lam,
1108 1675 1273 1707 scrutans
1294 1672 1403 1706 corda
1422 1674 1455 1707 et
1477 1682 1577 1706 renes
1598 1674 1703 1712 Deus,
1726 1681 1772 1706 ex

996 1719 1170 1754 omnibus
1213 1718 1432 1763 virginibus,
1465 1728 1557 1764 quas
1601 1717 1773 1764 capiebat

996 1765 1174 1810 mundus,
1197 1766 1307 1811 elegit
1327 1768 1363 1801 et
1383 1764 1555 1808 sacravit,
1573 1768 1614 1801 ut
1624 1764 1772 1801 hahita-

997 1815 1054 1847 ret
1092 1812 1131 1847 in
1158 1823 1201 1848 ea
1241 1812 1499 1858 corporaliter,
1540 1822 1652 1857 quam
1692 1811 1774 1857 jam

999 1858 1142 1904 pridem
1163 1859 1313 1905 plenam
1333 1859 1531 1895 virtutibus
1552 1859 1716 1904 fovebat,
1740 1861 1776 1894 et

999 1905 1372 1952 circumplectebatur
1383 1905 1638 1952 spiritualiter.
1651 1907 1774 1951 Ipsam

999 1956 1123 1988 autem
1163 1964 1293 1989 omnes
1348 1953 1524 1989 mulieres
1576 1952 1777 1988 sanctitate

1001 1999 1263 2046 praecelluisse,
1278 2003 1366 2046 puto
1387 2000 1487 2046 quod
1506 1999 1694 2045 intelligit,
1711 1999 1777 2046 qui

999 2047 1277 2083 animadvertit.
1291 2049 1396 2091 Nam,
1419 2047 1502 2082 aliae
1524 2046 1674 2092 quidem
1695 2057 1778 2092 par-

999 2098 1055 2129 tes
1072 2094 1276 2140 gratiarum
1292 2097 1527 2136 meruerunt;
1550 2093 1630 2139 ipsa
1650 2097 1777 2129 autem

148 2137 234 2171 Haec
271 2137 339 2172 fuit.
374 2139 613 2184 praefigurata
640 2150 706 2185 per
743 2140 924 2186 virginem

1000 2141 1112 2186 plena
1127 2141 1261 2187 gratia,
1274 2142 1319 2178 ab
1340 2141 1495 2187 Angelo,
1517 2140 1702 2177 salutatur
1725 2151 1733 2175 :
1753 2154 1771 2171 »

150 2183 294 2228 Saram,
338 2185 512 2230 Raguelis
538 2185 668 2231 filiam,
701 2187 824 2223 Tobiae
860 2187 924 2223 de-

1000 2188 1079 2224 haec
1099 2189 1307 2225 Anselmus.

886 2306 1055 2343 ORATIO

154 2444 158 2448 ἱ
197 2396 318 2441 Salve,
329 2397 433 2444 virga
447 2401 552 2436 Jesse
570 2400 704 2436 florida
719 2404 755 2436 et
769 2401 973 2445 fructifera,
993 2401 1110 2437 Maria
1124 2401 1236 2447 Virgo
1252 2401 1481 2445 beatissima,
1492 2402 1537 2437 de
1555 2412 1628 2447 qua
1642 2400 1773 2438 unicus

152 2443 212 2479 ille
234 2447 270 2496 et
298 2445 496 2491 singularis
520 2448 589 2483 ssos
614 2451 649 2483 et
685 2449 825 2484 fructus
845 2448 996 2494 prodiit,
1025 2449 1123 2484 unde
1146 2449 1324 2484 virtutum
1345 2448 1593 2494 spiritualium
1619 2458 1773 2494 germen

150 2494 273 2536 erupit
295 2503 302 2526 :
330 2493 400 2528 ssos
424 2493 684 2530 suavissimum
712 2495 884 2531 emittens
908 2496 1076 2538 odorem,
1104 2496 1243 2532 fructus
1270 2495 1542 2542 sapidissimus,
1567 2495 1774 2531 immittens

151 2537 363 2582 dulcorem3
387 2541 470 2584 flos,
493 2542 597 2587 cujus
619 2542 768 2577 bonitas
791 2542 939 2587 expellit
962 2542 1199 2586 moestitiam,
1214 2543 1368 2585 fructus,
1390 2543 1494 2588 cujus
1520 2543 1672 2578 satietas
1694 2541 1773 2587 ple-

152 2594 239 2636 nam
271 2585 335 2621 dat
368 2586 548 2623 laetitiam.
572 2589 772 2627 Benedicta
801 2589 905 2634 virga
925 2589 969 2625 de
993 2589 1116 2625 radice
1136 2590 1259 2625 Jesse!
1283 2589 1504 2625 Benedictus
1530 2590 1614 2632 flOS,
1640 2588 1700 2634 qui
1725 2588 1771 2624 de

152 2630 216 2680 tall
238 2632 362 2668 radice
384 2635 572 2670 ascendit!
593 2635 792 2671 Benedicta
810 2637 935 2679 arbor,
956 2636 1174 2672 benedictus
1194 2640 1230 2671 et
1250 2636 1396 2672 arboris
1414 2636 1574 2672 fructus!
1595 2638 1670 2671 Tuo
1683 2645 1772 2681 ergo

157 2679 248 2714 tlore
284 2690 343 2715 me
377 2692 525 2725 recrea;
565 2685 628 2718 tuo
670 2683 792 2719 fructu
823 2683 868 2719 ab
893 2682 995 2718 omni
1022 2683 1175 2719 miseria
1200 2693 1259 2719 me
1285 2683 1418 2728 libera,
1447 2683 1556 2728 Virgo
1584 2682 1713 2726 Maria,
1735 2682 1775 2718 in

149 2728 332 2762 zeternum
359 2728 568 2764 benedicta.
593 2731 725 2765 Amen.
