1876 3126
572 166 623 199 DE
661 163 870 199 SERMONE
912 164 1071 198 DOMINI
1112 165 1153 199 IN
1189 166 1356 202 MONTE.

125 238 197 275 nisi
218 237 370 275 coeleste
392 245 565 283 regnum,
585 244 654 281 per
676 234 756 269 haec
777 236 913 269 cuncta

125 285 299 332 designat
319 297 326 320 :
351 299 368 316 »
388 285 466 320 liaec
481 283 765 325 Chrysostomecs.
779 280 914 317 Videat

124 343 216 379 ergo
245 331 507 377 unnsquisque
525 330 603 364 haec
632 328 802 371 audiens,
826 327 855 363 si
876 327 913 363 in

124 380 252 427 aliqua
270 379 426 415 istarum
455 375 729 412 beatitudinum
749 376 914 411 contine-

123 430 207 471 tur;
235 430 270 463 et
298 425 327 461 si
356 425 393 460 in
414 423 541 469 aliqui
564 433 603 458 se
628 422 827 466 invenerit,
853 433 913 458 se-

125 485 239 511 curus
259 473 305 508 sit
332 471 433 518 quod
455 471 586 506 beatus
602 469 674 506 erit
695 482 703 505 z
725 471 794 506 hoc
812 469 913 506 enim

125 520 272 558 Veritas
292 518 394 563 dicit,
431 517 577 555 Veritas
603 520 728 554 autem
764 516 916 554 mentiri

126 577 202 604 non
222 569 362 613 potest.

174 617 216 658 14
236 615 457 649 Pensrzcurio
496 624 660 655 minax,
688 623 911 653 TnirLiszUE

123 672 323 698 PATIENTIA.
348 681 393 686 —
416 659 557 695 Deinde
585 664 668 706 post
695 660 912 706 generalem

124 708 370 750 sententiam,
396 707 523 743 subdit
545 707 745 753 specialem
768 717 919 753 persua-

125 755 286 800 sionem,
323 756 478 791 verbum
523 755 571 790 ad
601 754 798 800 Apostolos
837 756 956 791 con-l

953 788 955 803 l

125 803 321 848 vertendo,
345 805 381 838 et
404 801 591 847 triplicem
625 805 750 838 actum
788 812 916 848 perse·
953 812 955 851 j

125 850 301 894 cunonis,
342 849 481 886 scilicet
517 860 526 884 z
564 849 602 885 in
631 849 757 892 corde,
779 860 857 893 ore,
881 853 918 885 et

125 907 254 944 opere,
298 897 352 933 eis
389 896 692 942 przennnfiando,
736 896 866 933 dicens
907 908 916 931 :
952 929 953 934 ,

124 946 229 981 Beati
248 947 331 980 istis
352 955 432 980 cum
459 945 718 980 maledtoeerint
740 945 852 984 vobis,
874 955 918 980 ex

125 991 226 1037 odio,
248 996 281 1028 et
307 993 463 1035 oderint,
482 1002 525 1027 ex
546 991 686 1035 animo,
711 1002 774 1027 vos
801 993 916 1027 homi-

123 1049 200 1080 nes,
223 1040 349 1085 quoad
380 1037 568 1085 primum;
605 1042 639 1074 et
655 1040 835 1085 persecuti
858 1049 916 1074 vos

121 1087 277 1130 fuerint,
294 1091 326 1122 et
347 1087 599 1132 separaverint
622 1097 696 1127 vos,
719 1086 932 1122 excluden:

124 1133 172 1170 do
197 1144 219 1170 a
251 1133 466 1180 synagogis,
497 1136 532 1169 et
557 1133 827 1170 communione
848 1144 915 1170 sua

122 1183 317 1227 tamquam
341 1181 569 1224 immundos,
602 1186 637 1217 et
669 1181 741 1217 sibi
776 1192 913 1227 graves
946 1212 949 1222 ,

119 1228 167 1265 ad
188 1229 404 1272 videndum,
434 1228 560 1274 quoad
585 1228 760 1273 tertium3
784 1232 817 1264 et
850 1229 912 1264 di·
946 1227 948 1231 ⁴

126 1278 251 1312 <verint
275 1286 378 1311 omne
409 1277 545 1310 mulum
563 1276 756 1311 adversum
778 1287 852 1316 vos,
875 1275 913 1311 id
945 1280 948 1324 j

122 1326 193 1368 est,
232 1322 361 1359 omnia
400 1333 540 1368 genera
566 1324 768 1360 verborum
801 1323 910 1358 mali·
945 1327 948 1366 ξ

126 1370 340 1417 guantium,
383 1372 519 1416 quibus
563 1375 726 1407 vestram
772 1370 912 1407 samam
946 1371 948 1400 ἱ

122 1418 279 1460 laedant,
301 1422 335 1453 ct
352 1418 636 1462 eaemobauerint
659 1429 731 1459 vos,
749 1418 912 1454 convitia

124 1468 161 1502 et
182 1465 412 1512 improperia
444 1465 549 1501 vobis
575 1465 750 1510 dicendo,
787 1469 821 1501 et
842 1466 913 1511 eJ'e-
947 1464 949 1489 ἕ

125 1515 239 1549 cer-int
266 1524 392 1548 nomen
410 1516 581 1554 vestram,
609 1513 751 1549 scilicet
772 1523 911 1549 nomen

123 1559 342 1605 Christiani,
367 1564 554 1605 relinquam
574 1562 725 1602 mulum,
746 1560 837 1596 illud
857 1571 915 1596 ex-
946 1573 949 1598 1

120 1612 313 1644 secrantes
341 1618 383 1643 ac
404 1607 645 1644 ditl‘amantes
666 1612 703 1644 et
720 1607 912 1652 exstingu-

119 1665 182 1691 ere
201 1654 412 1701 cupientes,
436 1655 563 1700 quoad
580 1655 805 1691 secundum.
828 1656 909 1691 Non

121 1702 223 1749 quod
243 1702 379 1738 debeat
393 1701 529 1747 aliquis
548 1701 620 1738 ista
639 1713 823 1748 quaerere,
844 1703 911 1739 sed

119 1749 208 1796 quia
229 1749 363 1785 timore
388 1750 523 1785 horum
541 1760 618 1786 non
638 1750 751 1786 debet
769 1749 910 1786 verita-

120 1801 198 1834 tem
216 1796 301 1833 vit-,e
320 1825 328 1841 ,
344 1796 500 1843 Justitiae
523 1800 558 1833 et
578 1797 762 1834 doctrinae
782 1797 910 1834 dimit-

124 1847 219 1881 tere.
242 1844 342 1881 Sicut
384 1849 509 1880 autem
544 1844 678 1898 triplex
706 1849 762 1882 est
782 1856 911 1892 perse·
945 1854 947 1858 ⁴

124 1893 240 1935 cutio,
266 1891 407 1928 scilicet
424 1904 432 1927 ε
452 1892 590 1936 cordis,
611 1903 688 1929 oris
714 1897 751 1929 et
768 1893 907 1940 operis,

123 1943 160 1976 et
199 1940 280 1975 haec
317 1938 430 1974 tertia
468 1938 615 1985 triplex,
654 1939 794 1976 scilicet
831 1952 839 1976 :
873 1940 911 1976 in

119 1986 260 2023 damno
287 1986 568 2032 temporalium,
590 1987 628 2022 in
646 1987 911 2033 persecutione

118 2034 342 2077 amicorum,
375 2033 411 2069 in
447 2033 653 2070 afflictione
692 2037 730 2071 et
770 2034 912 2081 injuria

116 2081 261 2129 proprii
281 2080 469 2128 corporis;
491 2081 543 2117 ita
558 2084 596 2118 et
615 2081 749 2127 triplex
769 2086 826 2118 est
847 2093 912 2129 pa-

118 2128 269 2173 tientia,
308 2139 392 2175 quae
424 2129 552 2165 odium
581 2129 719 2171 cordis,
753 2130 912 2166 verbum

121 2177 437 2214 contumeliosum
452 2176 542 2222 oris,
559 2179 595 2213 et
607 2177 821 2214 manualem
830 2188 912 2224 per-

124 2224 359 2261 secutionem
383 2223 508 2271 operis
530 2224 689 2261 sustinet
710 2225 912 2278 patienter,

117 2271 348 2309 remittendo
370 2272 513 2308 scilicet
539 2283 690 2308 omnem
716 2273 910 2319 injuriam,
944 2302 945 2309 ,

119 2319 385 2366 compatiendo
401 2323 554 2367 peccato
576 2319 750 2366 proximi,
766 2320 912 2357 orando

117 2370 159 2404 ut
176 2377 199 2403 a
217 2367 278 2402 via
299 2367 398 2403 mala
417 2371 671 2413 convertatur,
695 2371 732 2404 et
753 2367 806 2405 ita
825 2379 912 2415 pec-

118 2417 244 2451 catum
256 2415 337 2460 ejus
350 2415 534 2451 deleatur.
555 2415 621 2451 Hic
636 2414 771 2462 triplex
790 2415 911 2452 hostis

123 2461 329 2499 Ecclesiam
340 2462 404 2498 Dei
424 2463 633 2510 impugnat,
648 2466 780 2500 eontra
797 2473 913 2511 quem

120 2508 306 2557 triplicem
332 2510 553 2556 patientiam
581 2510 751 2557 opponit.

172 2557 213 2594 15
262 2558 439 2594 Cnmsrus
478 2570 661 2594 SPECIATIM
712 2560 913 2595 Arosroms

120 2616 291 2642 PRAEDICU·
317 2617 459 2646 omnm
483 2618 550 2642 ruo
577 2617 711 2642 nomm:
737 2618 803 2643 suo
833 2618 912 2643 snu-

119 2664 280 2691 psssum.
302 2674 348 2680 —-
367 2655 443 2690 Huc
467 2664 584 2701 usque
604 2664 695 2700 ergo
716 2654 764 2691 ad
779 2664 913 2691 omnes

119 2701 350 2749 generaliter
375 2706 412 2738 et
438 2701 732 2738 indeterminate
758 2706 913 2739 senten-

119 2748 192 2786 tias
226 2749 374 2797 posuit;
416 2749 477 2785 hic
510 2760 600 2786 vero
632 2749 847 2797 specialiter
867 2749 916 2787 ad

121 2797 323 2844 Apostolos
355 2798 472 2835 verba
491 2796 646 2846 dirigit,
673 2797 845 2846 quamvis
879 2801 918 2835 et

944 1961 948 2066 l

945 2162 949 2202 l

1738 169 1794 204 271

989 235 1068 270 lisec
1090 235 1205 288 etiam
1218 236 1301 272 aliis
1317 237 1555 283 conveniant,
1571 238 1787 284 praedicens

990 291 1177 328 praecipue
1218 289 1359 329 quanta
1402 295 1469 332 pro
1511 285 1664 322 nornine
1706 287 1786 333 ejus

990 329 1134 374 passuri
1157 335 1296 373 essent,
1319 335 1354 367 et
1370 336 1598 378 monstrans,
1618 333 1707 380 quia
1728 345 1790 371 eo-

989 385 1073 411 rum
1095 377 1164 411 hoc
1187 377 1345 414 maxime
1366 380 1557 425 proprium
1577 387 1646 423 est,
1672 392 1784 428 super

989 433 1123 458 omnes
1155 423 1259 459 alim.
1278 425 1373 468 Quia
1394 437 1482 472 ergo
1501 433 1653 474 propter
1669 430 1783 475 maio-

989 480 1071 506 rem
1091 470 1351 508 difficultatem
1373 474 1783 520 spe==iatip=··s=11÷i·)11e

989 516 1224 563 indIgebant‚
1255 518 1336 554 ideo
1360 522 1589 557 convertitur
1621 524 1668 559 avl
1705 534 1784 568 eos,

991 568 1030 601 ut
1051 565 1251 609 animaret,
1276 576 1373 611 quos
1402 568 1496 603 sir-ut
1531 579 1648 613 agnos
1685 570 1781 607 inter

993 612 1101 658 lupos
1117 612 1400 649 missuruserat.
1416 616 1520 651 Unde
1534 617 1586 651 sir
1599 617 1650 652 :iit
1666 619 1780 653 nata:

995 675 1012 692 «
1036 661 1115 696 Non
1154 660 1201 695 ad
1230 661 1300 696 hor.
1328 663 1446 697 nostri
1480 663 1621 699 similes
1650 665 1790 709 valent,

992 707 1058 743 sed
1102 718 1248 751 eorum,
1278 707 1340 753 qui
1381 709 1484 744 ibmt
1519 722 1595 754 qma
1610 712 1720 745 lentas
1765 724 1786 748 α

994 759 1185 800 conspecta
1205 756 1364 796 concilii,
1388 759 1562 801 quonium
1583 758 1688 801 delum*
1725 760 1787 794 Ιια-

997 802 1065 838 bite·
1084 806 1169 838 sunt
1184 814 1250 848 pro
1274 805 1417 839 nomine
1434 805 1519 839 Jesu
1539 807 1793 842 contumeliam

991 852 1088 895 pati.
1109 864 1125 881 n
1144 851 1222 894 Ast,
1246 852 1333 897 quia
1354 861 1428 887 non
1449 852 1572 888 omnis
1604 863 1780 897 perseeu-

994 896 1045 933 tio
1086 898 1290 941 beatificat,
1313 899 1381 935 sed
1419 902 1566 935 tantum
1606 900 1668 935 illa
1704 911 1788 946 quae

992 944 1174 989 gaudiose
1196 945 1398 991 suscipitur
1417 952 1572 993 propter
1586 947 1786 993 justitiam,

993 1001 1076 1037 quae
1101 996 1157 1028 est
1181 992 1354 1029 C'iristus
1373 993 1485 1029 Filius
1509 994 1686 1038 Vir-ginis,
1710 995 1792 1032 ideo

992 1039 1097 1074 addit
1120 1051 1128 1075 ε
1159 1042 1381 1082 mentientes,
1411 1045 1447 1077 et
1472 1046 1621 1087 propter
1639 1053 1704 1083 me,
1727 1053 1793 1079 seu

991 1086 1126 1122 Filium
1160 1087 1342 1130 hominis;
1378 1090 1465 1134 quia
1498 1089 1546 1124 ad
1574 1090 1644 1125 hoc
1687 1090 1788 1135 quod

988 1134 1262 1179 persecutionis
1275 1135 1476 1171 tolerantia
1493 1137 1642 1173 beatum
1657 1136 1783 1182 radat,

989 1181 1195 1233 requiritur
1215 1182 1315 1228 quod
1338 1183 1516 1219 mendose
1536 1188 1571 1219 et
1595 1185 1699 1227 t'alse,
1719 1195 1787 1221 seu

989 1229 1139 1274 1njuste,
1159 1240 1202 1265 ac
1223 1234 1376 1276 propter
1397 1231 1584 1267 Cllristuzn
1609 1232 1716 1268 nabis
1734 1231 1788 1268 in-

988 1276 1144 1320 seratur,
1168 1277 1207 1312 in
1234 1288 1307 1322 quo
1340 1277 1492 1314 tristitia
1516 1279 1793 1324 persecutionis

989 1328 1229 1360 convertetur
1250 1325 1287 1359 in
1315 1326 1511 1369 gaudium,
1535 1327 1686 1372 quando
1708 1326 1791 1363 red-

988 1370 1051 1406 det
1078 1372 1174 1408 Deus
1205 1373 1352 1408 Sanctis
1380 1374 1591 1409 mercedem
1616 1374 1789 1410 laborum

988 1428 1157 1454 suorum.
1193 1419 1296 1455 Alias
1321 1419 1424 1456 enim
1457 1432 1531 1457 non
1563 1425 1619 1457 est
1642 1423 1789 1466 beatus,

989 1465 1055 1501 sed
1077 1465 1284 1510 miser,ncc
1306 1471 1362 1503 est
1379 1467 1411 1503 ei
1434 1478 1575 1504 merces
1597 1468 1698 1512 inde,
1721 1469 1788 1505 sed

988 1513 1237 1550 accumulatio
1274 1525 1351 1550 suae
1385 1515 1560 1551 miserise.
1586 1516 1691 1551 Unde
1712 1517 1788 1552 Λιι-

988 1562 1159 1604 9ιι3τίηα5
1181 1574 1192 1596 .·
1218 1575 1232 1593 «
1257 1561 1291 1598 Si
1315 1563 1477 1598 sustines
1501 1563 1589 1608 quia
1610 1563 1787 1609 peccasti,

988 1611 1191 1653 propterte
1214 1608 1471 1654 sustines,n0n
1487 1614 1642 1656 propter
1659 1612 1790 1647 Deum.

989 1654 1026 1691 Si
1053 1659 1181 1691 autem
1208 1656 1384 1701 sustines,
1414 1657 1501 1703 quia
1525 1658 1703 1694 mandata
1727 1657 1791 1694 Dei

988 1702 1160 1748 servasti,
1176 1714 1264 1740 vere
1288 1708 1444 1751 propter
1470 1705 1590 1741 Deuin
1609 1705 1790 1751 sustines,

987 1753 1025 1785 et
1045 1760 1190 1787 merces
1218 1754 1340 1787 tecum
1364 1756 1492 1788 manet
1518 1752 1557 1788 in
1583 1757 1783 1800 aeternum,

986 1808 1070 1843 quse
1111 1798 1272 1835 sentitur
1310 1799 1349 1835 in
1393 1800 1506 1835 corde
1545 1800 1785 1846 putentium,

986 1856 1119 1881 eorum
1141 1846 1205 1891 qui
1222 1847 1302 1892 Jam
1328 1851 1486 1892 possunt
1507 1847 1633 1884 dicere
1661 1860 1669 1883 z
1699 1848 1787 1884 Glo-

986 1893 1130 1929 riamur
1151 1893 1188 1929 in
1222 1893 1546 1931 tribulationibus.
1568 1896 1649 1931 Non
1683 1895 1787 1932 enim

985 1940 1059 1976 ista
1089 1940 1233 1986 perpeti
1264 1941 1501 1978 fructuosum
1525 1945 1595 1985 est,
1624 1942 1689 1978 sed
1718 1942 1790 1979 ista

986 1998 1054 2034 pro
1076 1987 1213 2024 Christi
1234 1988 1401 2034 nomine,
1424 2000 1503 2025 non
1530 1989 1651 2025 solum
1679 2000 1788 2036 aequo

986 2034 1129 2079 animo,
1158 2035 1225 2071 sed
1264 2035 1379 2072 etiam
1415 2046 1501 2072 cum
1540 2037 1789 2074 exsultatione

986 2082 1152 2118 tolerare
1173 2094 1181 2117 :
1205 2096 1223 2114 »
1258 2083 1340 2119 haec
1359 2084 1606 2127 Anqustinus.

1038 2133 1079 2165 16
1096 2130 1165 2166 Set)
1185 2141 1250 2165 Eos
1270 2142 1377 2166 ramo
1396 2142 1459 2166 spe
1484 2142 1641 2167 comosa-2
1659 2143 1790 2168 maaca-

988 2189 1043 2212 ms
1065 2189 1196 2213 emon.
1219 2198 1266 2205 —
1286 2178 1392 2214 Unde
1412 2179 1616 2223 concludit,
1635 2180 1790 2225 subjun-

987 2235 1083 2272 gens
1117 2225 1330 2272 praemium,
1369 2229 1405 2262 et
1428 2236 1496 2271 per
1529 2228 1600 2263 hoc
1621 2227 1790 2264 alliciens

988 2273 1037 2309 ad
1059 2272 1294 2319 patiendum.
1315 2274 1361 2310 Ut
1379 2273 1480 2310 enim
1500 2273 1591 2310 dicit
1606 2276 1788 2320 Hierony-

987 2331 1083 2362 mus,
1117 2320 1314 2367 quodlibet
1345 2331 1440 2368 opus
1467 2322 1549 2358 leve
1576 2321 1656 2358 fieri
1679 2322 1787 2367 solet,

989 2378 1076 2404 eum
1097 2369 1178 2414 eJus
1197 2368 1396 2415 praemium
1417 2369 1618 2415 cogitatur,
1647 2373 1685 2404 et
1705 2379 1791 2415 spes

989 2415 1176 2453 mercedis
1192 2416 1369 2463 levigatio
1381 2417 1422 2452 fit
1440 2417 1594 2453 laboris.
1614 2417 1792 2457 Gaudete,

989 2463 1124 2510 inquit,
1158 2463 1301 2500 scilicet
1321 2463 1481 2500 interius
1521 2464 1560 2499 in
1598 2463 1726 2507 corde,
1759 2466 1792 2500 et

989 2513 1184 2553 exsultate,
1206 2511 1350 2548 scilicet
1369 2510 1533 2548 exterius
1554 2511 1594 2546 in
1619 2521 1794 2557 corpore,

989 2558 1029 2595 id
1049 2563 1105 2596 est
1126 2563 1281 2606 propter
1295 2560 1522 2605 exemplum,
1541 2558 1722 2605 gaudium
1735 2559 1788 2594 l'o-

989 2606 1042 2643 ris
1067 2607 1268 2647 ostendite,
1286 2611 1364 2643 tam
1384 2611 1537 2653 propter
1558 2607 1698 2642 bonum
1716 2605 1792 2642 vir-

989 2654 1083 2691 tutis
1113 2654 1322 2709 patientiae‚
1345 2664 1459 2701 quam
1493 2656 1649 2700 propter
1683 2663 1789 2699 spem

990 2703 1137 2750 praemii
1158 2706 1195 2739 et
1211 2702 1355 2749 gloriae:
1379 2703 1552 2747 quoniam
1575 2711 1708 2736 merces
1730 2711 1787 2736 ve-

991 2754 1085 2793 stra,
1107 2761 1185 2787 non
1199 2753 1345 2786 tantum
1367 2759 1504 2797 magna
1522 2751 1558 2785 ct
1574 2748 1668 2784 sicut
1685 2747 1783 2784 alio·

992 2809 1094 2846 rum,
1130 2798 1198 2836 sed
1233 2799 1391 2845 copiosa,
1435 2801 1472 2834 et
1505 2806 1622 2844 supra
1652 2794 1785 2833 condi-
