1861 3167
114 192 331 234 studiosus
353 196 394 233 et
414 190 625 241 eruditus,
649 196 691 231 et
712 190 975 232 secularium
1010 191 1255 232 litterarum
1276 203 1363 233 non
1383 191 1565 243 ignarus
1592 205 1600 232 ;
1635 191 1757 243 inge-

111 263 184 304 nio
206 263 340 314 mitis,
363 261 533 314 eloquio
553 260 690 302 dulcis
712 266 752 303 et
774 261 1051 312 composituS,
1069 262 1156 302 vita
1175 274 1349 315 quoque
1367 267 1408 303 et
1427 262 1758 304 conversatione

109 333 310 386 insignis,
334 333 468 374 edidit
490 345 658 385 magnae
683 333 923 374 devotionis
945 338 986 373 et
1011 333 1234 384 profundae
1261 333 1521 374 eruditionis
1548 332 1753 386 quaedam

111 403 314 456 praeclara
347 403 568 457 opuscula,
608 403 766 456 quibus
802 403 1033 454 ingenium
1069 403 1271 444 nobiliter
1300 405 1555 453 exercitans,
1593 414 1755 444 nomen

110 487 241 518 suum
262 477 576 519 immortalitati
597 478 864 519 condonavit.
891 478 919 517 Ε
939 477 1098 530 quibus
1122 488 1201 528 ego
1223 476 1312 517 vidi
1331 481 1499 517 tantum
1521 477 1714 529 subjecta
1747 501 1757 530 :

110 544 321 588 Volumen
343 559 552 600 magnum
577 554 618 590 et
646 548 817 599 insigne
841 560 970 599 super
995 546 1243 597 Evangelio,
1259 546 1373 598 quod
1391 546 1646 598 praenotavit
1666 560 1674 587 :
1707 545 1758 586 1η

110 618 255 661 Vitam
282 620 457 662 Domini
481 621 591 669 Jesn,
619 622 700 662 Lib.
730 620 776 672 fij.
811 620 1173 661 Fundamentum
1199 618 1340 666 alind,
1366 625 1445 659 etc.
1478 641 1531 649 —
1560 618 1611 658 In
1633 617 1757 659 Psal-

111 693 267 734 terium
288 704 464 746 qnoque,
490 692 574 733 Le'b.
593 693 631 745 j.
650 692 771 733 Sicut
791 691 893 733 olim
924 703 1113 739 manna,
1135 696 1213 730 etc.
1237 690 1452 730 Feruntur
1473 690 1566 741 ejus
1595 693 1636 728 et
1656 688 1758 733 alia.

110 762 271 803 Claruit
305 763 386 803 sub
419 762 632 804 Ludovico
670 763 930 814 Imperatore
959 767 1127 815 quarto,
1168 773 1282 802 anuo
1299 760 1471 802 Domini
1503 759 1751 800 MCCCXXX.

483 983 542 1022 Ex
561 994 637 1023 ΜΒ.
661 982 712 1023 IV
736 992 1004 1023 BIBL10T11ECAE
1031 993 1140 1022 sixrl
1168 992 1367 1022 SENENSIS.

161 1146 411 1201 Ludolphus
441 1148 615 1189 natione
644 1149 766 1199 Saxo,
801 1161 851 1189 ex
882 1147 1033 1188 ordine
1065 1147 1420 1199 Praedicatorum,
1457 1152 1553 1200 post
1582 1148 1755 1200 trigesi-

91 1213 230 1259 'mum
253 1231 342 1260 suae
363 1219 638 1271 professionis
662 1231 842 1270 annum,
868 1218 921 1259 ad
944 1219 1144 1259 instituta
1166 1219 1552 1260 Car-thusianorum
1575 1217 1754 1260 transla-

110 1293 194 1341 tus,
218 1290 324 1331 etin
345 1291 606 1332 monasterio
632 1291 941 1343 Argentinensi
973 1295 1184 1342 receptus,
1214 1291 1283 1330 vir
1306 1290 1352 1329 iu
1381 1290 1547 1330 Sanctis
1573 1289 1753 1330 volumi-

109 1361 238 1402 nibus
261 1362 622 1412 studiosissimus,
646 1363 910 1413 professione
941 1362 1239 1412 scholasticus,
1264 1372 1463 1401 sermone
1490 1360 1687 1412 simplex,
1709 1367 1752 1402 et

108 1432 282 1474 fervidis
320 1433 581 1485 quibusdam
623 1434 848 1474 affectibus
894 1433 1106 1483 amabilis,
1165 1433 1334 1484 collegit
1376 1445 1425 1473 ex
1478 1432 1748 1484 Hieronymi,

108 1505 352 1556 Augustini,
394 1504 632 1546 Cassiodori
670 1510 709 1545 et
756 1505 869 1545 Petri
913 1504 1144 1545 Lombardi
1192 1504 1432 1553 sententiis,
1467 1508 1661 1544 exactam
1702 1504 1747 1543 in

107 1575 296 1616 Psalmos
318 1576 645 1628 expositionem,
670 1576 715 1615 iu
733 1588 820 1628 qua
842 1576 1004 1628 typicos
1039 1587 1192 1616 sensus
1215 1576 1404 1615 maxime
1430 1579 1631 1622 sectatur,
1662 1586 1749 1615 non

106 1645 166 1686 ita
196 1650 340 1687 tamen
370 1651 416 1685 ut
441 1646 669 1687 litteralem
696 1646 1034 1698 intelligentiam
1062 1645 1285 1698 negligat3
1315 1646 1477 1687 addens
1506 1646 1558 1686 ad
1588 1645 1748 1686 calcem

107 1717 336 1770 cujuslibet
365 1717 526 1759 Psalmi
558 1718 757 1759 devotam
791 1723 831 1759 et
862 1730 1097 1759 consonam
1126 1718 1211 1770 ipsi
1242 1716 1411 1758 Psalmo
1439 1717 1747 1769 precationem.

106 1788 252 1841 Operis
272 1790 449 1829 initium
470 1795 534 1830 est
557 1802 566 1831 :
589 1788 712 1831 Sicut
729 1789 835 1830 olim
862 1802 1053 1837 manna,
1075 1793 1153 1830 etc.
1180 1789 1299 1830 Idem
1327 1801 1377 1829 ex
1397 1793 1584 1840 quatuor
1606 1787 1749 1827 Evau-

106 1857 271 1910 gelistis
305 1860 482 1900 unicam
515 1858 686 1910 collegit
719 1860 815 1900 vitae
847 1860 1004 1900 Christi
1032 1860 1275 1910 historiam,
1303 1871 1436 1911 quam
1466 1857 1749 1898 lucidissimis

108 1934 148 1970 et
167 1930 389 1982 piissimis,
405 1931 526 1983 juxta
545 1929 878 1983 quadruplicem
895 1942 1087 1981 sensum,
1103 1929 1482 1982 explanationibus
1497 1929 1746 1982 illustravit,

107 2001 284 2053 adjectis
306 2001 358 2041 ad
381 2001 515 2041 finem
539 2000 817 2052 singulorum
848 2000 1141 2054 capitulorum
1167 2000 1458 2041 devotissimis
1489 2000 1749 2053 precationi-

107 2071 203 2122 bus,
233 2072 513 2125 praecedentis
533 2071 712 2124 capituli
737 2078 995 2124 argumento
1025 2072 1387 2114 deservientibus.
1419 2073 1532 2125 Opus
1561 2071 1746 2124 incipit:

108 2140 469 2184 Fundamentum
490 2143 632 2192 aliud,
657 2148 737 2184 etc.
760 2143 918 2184 Claruit
949 2143 1030 2185 sub
1052 2143 1264 2185 Ludovico
1291 2144 1554 2197 Imperatore
1573 2148 1745 2197 quarto,

108 2227 222 2257 anno
243 2214 416 2257 Domini
442 2215 559 2258 1330.

176 2408 236 2448 EX
254 2419 433 2450 ROBERTO
454 2418 701 2450 BELLARMINO
723 2419 756 2450 S.
786 2421 822 2450 R.
847 2421 884 2449 E.
912 2419 1133 2458 CARDINALI,
1164 2419 1214 2448 DE
1242 2420 1517 2452 SCRIPTORIBUS
1538 2421 1676 2451 ECCLE·

821 2491 1025 2520 SIASTICIS.

160 2647 459 2701 Landulphus,
489 2649 578 2690 sive
609 2648 874 2702 Ludolphus,
898 2649 1071 2691 natione
1093 2651 1216 2699 Saxo,
1239 2651 1503 2704 professione
1526 2648 1747 2691 Carthusi-

108 2732 233 2772 anus,
259 2719 326 2760 vir
346 2718 469 2759 valde
490 2719 601 2772 pius,
616 2720 785 2773 scripsit
805 2721 1013 2773 optimam
1044 2721 1272 2762 historiam
1291 2722 1389 2762 vitae
1410 2721 1584 2762 Domini
1609 2719 1743 2763 nostri

106 2792 205 2833 Jesu
226 2790 380 2832 Christi
396 2803 445 2832 ex
463 2790 705 2843 Evangeliis
725 2792 1039 2845 depromptam.
1063 2792 1242 2845 Scripsit
1256 2793 1387 2833 etiam
1407 2793 1746 2836 Commentarios
