1902 3126
685 161 739 195 DE
776 160 1017 195 ΕΡΙΡΙΙΑΝῙΑ
1056 159 1227 194 DOMINI.
1738 158 1773 190 91

141 234 365 279 Quicumque
394 231 669 268 manducaverit
699 242 843 276 panem,
866 232 922 266 vel

143 281 274 317 biberit
303 281 451 316 calicem
477 280 623 314 Domini
651 279 814 321 indique,
838 289 921 314 reus

140 330 210 364 erit
229 329 390 373 corporis
407 329 440 361 et
459 327 652 369 sanquinis
670 327 827 361 Domini.

186 390 207 422 9
235 375 380 411 smum
401 384 649 408 REAPPARl‘rlo.
672 393 717 398 —
739 373 823 416 Qui,
849 371 919 407 sci-

137 420 226 457 licet
246 419 358 467 Magi,
381 430 460 455 cum
481 420 669 455 audissent
689 430 820 464 nvem,
848 421 918 455 He-

137 468 284 511 rodem,
309 466 401 502 nihil
429 466 515 502 mali
540 466 789 513 suspicantes,
817 467 917 501 abie-

137 518 223 551 runt
236 513 456 550 recedentes
471 513 615 550 scilicet
631 514 676 550 de
694 513 917 558 Jerusalem,

139 564 179 599 ut
197 560 295 597 irent
315 571 446 597 versus
468 561 704 605 Bethlehem,
726 560 850 597 edocti
873 561 919 596 de

136 609 207 645 hoc
232 618 301 654 per
326 608 580 654 prophetiam.
610 611 669 650 Ec,
695 619 779 644 cum
808 609 916 644 Jeru-

138 655 256 692 salem
305 655 448 700 egressi
487 655 660 699 suissent,
700 666 776 691 ecce
811 657 919 691 stella

140 713 250 750 quam
277 703 447 738 viderant
479 705 518 738 in
547 703 704 744 Oriente,
727 714 810 748 quae
848 702 921 738 dis-

139 752 331 797 paruerat,
361 749 496 785 iterum
529 749 584 786 eis
617 749 805 796 apparuit,
833 749 921 796 quia

139 795 316 833 auxilium
344 796 564 832 deserentes
590 797 811 839 humanum,
841 807 918 832 me-

140 847 297 880 ruerunt
321 854 547 889 recuperare
570 844 749 880 divinum.
776 845 814 879 In
840 843 919 890 ipso

140 893 267 928 autem
289 890 387 934 loco,
402 901 475 936 quo
487 892 542 926 eis
559 890 776 937 reapparuit
797 892 918 936 stella,

146 937 245 974 facta
267 941 324 973 est
351 937 389 972 in
412 937 634 973 memoriam
663 938 775 983 hujus
802 939 920 973 eccle-

143 984 213 1021 sia.
241 984 396 1029 Deinde,
420 985 653 1020 antecedebat
673 995 743 1023 eos,
769 988 803 1020 et
823 985 920 1020 viam

144 1031 382 1075 ostendebat,
406 1033 604 1077 usquedum
628 1033 773 1067 veniens
807 1035 922 1067 staret

144 1089 272 1125 supra,
300 1078 424 1114 locum
462 1083 499 1115 et
531 1079 654 1115 vicina
689 1079 831 1123 domui,
857 1080 922 1114 ubi

144 1130 223 1162 erat
245 1127 352 1178 J’uer.
382 1127 513 1162 Stabat
537 1126 644 1173 quasi
672 1137 786 1172 supra
811 1130 923 1172 caput

143 1174 275 1216 Pueri,
298 1176 337 1209 ut
360 1174 468 1219 quasi
494 1173 667 1210 innueret
687 1178 723 1210 et
745 1173 887 1209 diceret
911 1185 919 1209 z

143 1219 210 1257 Hic
236 1223 293 1256 est
317 1220 380 1266 qui
407 1224 516 1257 natus
543 1225 598 1257 est
620 1223 709 1264 Rex,
730 1231 840 1267 quem
866 1225 920 1257 te-

142 1268 292 1311 stabar,
309 1271 349 1303 ut
369 1278 481 1313 quem
504 1268 691 1314 loquendo
710 1272 922 1304 monstrare

142 1325 221 1351 non
262 1318 423 1361 poterat,
464 1316 636 1351 testando
678 1319 921 1351 monstraret.

143 1362 189 1399 Et
212 1361 279 1405 sic,
308 1362 415 1398 stella
435 1362 543 1406 duce,
569 1373 653 1398 cum
675 1373 810 1405 magno
832 1373 922 1407 gau-

146 1408 209 1445 dio
240 1409 288 1445 ad
322 1409 528 1455 tugurium,
553 1410 591 1445 in
632 1420 704 1456 quo
741 1410 923 1446 Dominus

145 1457 255 1493 Jesus
283 1459 392 1492 natus
410 1461 480 1501 est,
504 1460 772 1510 pervenerunt.
794 1457 923 1493 Ambi-

144 1513 260 1550 guum
288 1507 344 1539 est
373 1504 472 1549 quod
505 1508 663 1540 istorum
695 1504 820 1547 suerit,
849 1503 922 1539 sci-

145 1550 231 1603 licet
260 1561 307 1587 an
331 1551 427 1596 Magi
449 1551 488 1587 in
510 1551 661 1588 Oriente
686 1550 795 1597 positi
822 1551 924 1586 vide-

145 1601 221 1651 rint
231 1598 377 1634 stellam
391 1609 503 1644 super
518 1598 687 1634 Judaeam
702 1597 923 1634 existentem

145 1644 379 1697 immobilem
399 1673 408 1689 ,
437 1646 493 1682 vel
517 1645 680 1681 viderint
707 1645 854 1681 stellam
887 1644 923 1680 in

148 1691 301 1728 Oriente
321 1692 494 1737 existere,
508 1704 590 1737 quze
611 1703 676 1729 eos
696 1692 866 1738 perduxit
887 1692 922 1728 in

146 1738 329 1775 Judaeam.
347 1739 471 1776 Potuit
492 1739 594 1776 enim
613 1740 715 1776 nasci
738 1739 774 1775 in
791 1739 924 1776 Orien-

147 1788 198 1831 te,
217 1789 254 1822 et
282 1797 347 1823 eos
374 1787 623 1834 praecedendo
650 1787 688 1823 in
714 1787 925 1824 Jerusalem

145 1833 368 1880 perducere,
404 1838 442 1871 ut
484 1835 599 1871 sentit
637 1835 924 1879 chrysostomus,

147 1883 186 1917 et
224 1884 377 1917 tenetur
420 1882 670 1918 communius.
714 1883 927 1927 Fulqentius

145 1930 276 1980 tamen
299 1928 446 1965 videtur
467 1929 575 1974 velle,
591 1929 690 1975 quod
707 1939 788 1965 eam
805 1929 926 1976 primo

147 1974 311 2011 vlderint
337 1975 570 2012 immobilem
600 1987 712 2023 super
741 1976 924 2021 Judaeam,

149 2032 233 2068 quae
272 2023 375 2059 dedit
412 2023 467 2060 eis
501 2023 649 2069 signum
679 2023 854 2059 veniendi
888 2023 925 2059 iu

148 2068 317 2106 Judaeam
330 2082 338 2114 ;
353 2071 414 2117 qui
429 2071 641 2108 Jerusalem
660 2074 854 2116 tamquam
868 2081 926 2106 ca-

147 2119 214 2163 put
227 2118 368 2154 Judaeae
385 2118 576 2162 adierunt,
594 2122 629 2154 et
648 2117 738 2164 ipsis
749 2117 925 2164 egressis,

148 2166 236 2200 tunc
277 2169 381 2202 motu
416 2165 571 2202 notabili
611 2176 676 2201 eos
710 2165 924 2212 praecessit·,

149 2220 248 2258 quae,
272 2216 425 2259 peracto
461 2213 586 2249 officio
614 2224 695 2257 sue,
721 2212 758 2248 in
796 2213 928 2260 praeJ'a-

150 2264 298 2296 centem
326 2261 523 2297 materiam
544 2271 695 2297 reversa
712 2263 782 2296 est.

207 2322 248 2345 10
275 2309 371 2344 MAoi
394 2320 516 2345 nomm
540 2320 704 2344 INTRANT.
740 2329 766 2333 -α
798 2309 846 2343 Et
870 2308 926 2342 in—

149 2359 301 2397 trames,
323 2355 420 2402 Magi
449 2355 605 2399 scilicet,
625 2356 783 2396 domum,
806 2354 843 2390 id
870 2358 928 2390 est

149 2403 415 2447 diversorium,
437 2405 652 2439 invenerunt
673 2404 827 2438 Puerum
848 2413 926 2437 cum

147 2453 273 2490 Maria
292 2452 411 2486 Matre
431 2451 522 2495 eJ'us,
546 2450 642 2486 sorte
664 2453 749 2485 tunc
771 2449 926 2485 sedente

148 2503 187 2537 et
206 2502 358 2535 tenente
386 2508 499 2544 super
528 2508 653 2543 genua
688 2498 870 2540 Puerum,
892 2500 927 2532 et

147 2546 259 2584 valde
285 2544 402 2591 gavisi
431 2548 530 2589 sunt,
561 2544 651 2591 quia
683 2555 705 2580 a
740 2543 926 2580 desiderio

151 2604 218 2631 suo
246 2592 408 2631 fraudati
440 2604 514 2628 non
540 2596 639 2635 sunt,
662 2602 730 2628 nec
767 2591 929 2628 inaniter

152 2640 432 2678 laboraverunt.
473 2640 575 2676 Unde
612 2641 926 2683 Chrysostomus:

155 2702 174 2722 «
196 2689 401 2735 Propterea
427 2686 602 2733 gratulati
625 2691 724 2730 sunt,
749 2686 927 2733 quoniam

154 2735 257 2782 quod
292 2736 491 2781 quaesitum
513 2738 569 2770 est
596 2734 929 2780 desideratumque

156 2787 392 2830 repererant,
420 2781 600 2829 quoniam
634 2782 757 2818 effecti
782 2781 931 2818 fuerant

1007 230 1127 266 nuntii
1148 229 1329 272 veritatis,
1349 232 1384 264 et
1402 228 1490 275 quia
1505 238 1578 264 non
1598 226 1774 263 frustrata

1004 276 1127 322 longat-
1155 276 1223 312 viae
1263 276 1501 311 conset-erant
1536 274 1671 321 spatia,
1700 278 1777 309 tam

1004 323 1150 360 ardenti
1183 322 1320 368 quippe
1341 333 1429 368 erga
1459 321 1647 358 Christum
1674 319 1777 367 cupi-

1005 371 1122 407 ditate
1141 370 1365 415 ssagrabant.
1387 369 1516 405 »Felix
1529 369 1644 405 Maria
1665 380 1672 404 :
1691 377 1778 404 nam

1003 419 1110 454 Jesus
1131 418 1212 453 sine
1242 415 1360 451 Maria
1387 426 1461 451 non
1493 415 1670 459 nascitur,
1693 414 1777 461 quia

1003 465 1085 510 ipsa
1132 463 1305 500 ministra
1350 462 1649 506 lncarnationis;
1699 462 1782 497 sine

1006 512 1122 548 Maria
1135 522 1209 547 non
1227 509 1526 554 invenitur,quia
1545 509 1625 554 ipsa
1643 508 1781 544 famula

1005 557 1256 601 educationis;
1274 556 1354 593 sine
1373 555 1577 592 Marianon
1596 555 1783 602 crucifigi-

1005 610 1078 650 tur,
1099 605 1187 652 quia
1205 606 1286 651 ipsa
1302 602 1405 640 socia
1421 602 1620 649 passionis.
1643 603 1781 648 Joseph

1004 658 1144 697 autem,
1180 651 1385 688 secundum
1419 650 1594 686 eumdem
1629 650 1782 693 Clu-yso-

1004 706 1171 741 stomum,
1189 698 1328 735 idcirco
1352 701 1509 740 tacetur,
1534 696 1620 742 quia
1642 696 1783 731 nullum

1006 748 1055 784 ibi
1082 748 1128 784 de
1154 746 1289 782 officiis
1308 745 1354 782 ad
1375 744 1571 780 nutritium
1592 742 1783 789 pertinen-

1006 795 1105 831 tibus
1122 795 1452 830 commemoratur.
1477 791 1557 834 Vel,
1578 789 1783 826 secundum

1005 844 1205 883 Hilarium,
1234 845 1271 877 et
1304 840 1510 879 Rabanum,
1547 837 1674 874 divina
1707 835 1784 872 dis-

1007 888 1230 936 pensatione
1268 891 1392 924 actum
1418 889 1487 930 est,
1511 891 1552 921 ut
1588 885 1651 920 illa
1691 884 1787 919 hora

1007 938 1146 973 absens
1166 939 1278 978 esset,
1303 945 1349 970 ne
1372 937 1478 980 pater
1504 933 1588 979 ejus
1614 931 1786 967 credere-

1008 987 1081 1028 tur,
1118 983 1175 1018 vel
1211 982 1338 1028 aliqua
1377 979 1600 1026 suspicionis
1639 977 1786 1015 occasio

1008 1032 1162 1067 daretur
1199 1029 1393 1071 Gentibus,
1432 1027 1532 1073 quod
1574 1028 1671 1063 Deus
1710 1036 1786 1060 non

1008 1082 1122 1121 esset,
1144 1076 1221 1123 qui,
1244 1076 1282 1112 in
1304 1077 1497 1119 Magorum
1517 1084 1693 1120 persona,
1714 1071 1790 1118 pri-

1009 1125 1134 1161 mitias
1167 1134 1268 1167 suas,
1299 1122 1426 1159 statim
1458 1126 1546 1157 nato
1579 1121 1787 1162 Salvatore,

1007 1173 1055 1209 ad
1078 1182 1162 1208 eum
1187 1170 1421 1207 adorandum
1443 1168 1639 1204 miserunt.

1061 1235 1096 1256 ιι
1122 1220 1225 1262 Qum
1260 1229 1453 1253 mammam
1492 1228 1570 1251 surr
1609 1217 1788 1251 Mmonrn

1010 1278 1200 1303 monnio.
1224 1287 1269 1292 —
1291 1263 1453 1311 Ingressi
1485 1263 1625 1309 itaque,
1650 1267 1682 1298 et
1702 1272 1787 1308 pro-

1009 1316 1166 1351 cidentes
1193 1317 1269 1349 tam
1306 1316 1431 1348 mente
1465 1322 1576 1357 quam
1615 1319 1787 1355 corpore,

1009 1372 1132 1409 genua
1153 1362 1309 1396 flectunt
1328 1370 1445 1405 puero
1464 1360 1552 1395 Jesu
1580 1356 1790 1399 humiliter,

1010 1413 1046 1445 et
1079 1409 1323 1444 adorat-crunt
1357 1417 1435 1441 eum
1464 1405 1500 1441 in
1530 1416 1644 1440 carne
1670 1405 1787 1439 Deum

1013 1466 1154 1499 verum,
1174 1453 1395 1491 adoratione
1416 1453 1558 1488 scilicet
1576 1450 1709 1494 latriae,
1732 1460 1791 1486 re-

1010 1506 1196 1539 verenter.
1239 1503 1435 1537 Honorant
1477 1503 1516 1535 ut
1557 1509 1684 1544 regem
1703 1525 1712 1541 ,
1752 1501 1789 1532 et

1011 1551 1169 1586 adorant
1194 1553 1233 1584 ut
1259 1550 1397 1591 Deum;
1427 1547 1554 1582 vident
1587 1545 1688 1582 enim
1724 1545 1793 1579 ho-

1012 1597 1152 1633 minem
1187 1599 1223 1631 et
1255 1598 1465 1642 agnoscunt
1490 1595 1606 1629 Deum
1633 1604 1641 1627 :
1667 1590 1788 1638 proci-

1010 1644 1104 1680 dunt
1120 1643 1158 1679 iu
1180 1643 1329 1688 signum
1351 1640 1588 1683 humilitatis,
1612 1639 1691 1675 sine
1716 1648 1789 1684 qua
1836 1641 1838 1643 '

1012 1692 1136 1727 nullus
1160 1701 1246 1726 vere
1266 1689 1413 1732 adorat,
1435 1688 1525 1734 quia
1551 1686 1674 1723 omnis
1698 1686 1789 1722 ado-

1010 1743 1114 1775 rator
1149 1748 1302 1774 omnem
1341 1737 1492 1779 fastum,
1525 1738 1563 1771 et
1595 1734 1789 1770 confiden-

1011 1786 1101 1822 tiam
1137 1785 1191 1822 sui
1226 1784 1418 1830 deponere
1455 1783 1581 1826 debet,
1601 1786 1640 1818 ut
1676 1790 1788 1827 quam

1011 1843 1169 1879 corpore
1181 1831 1430 1878 dejectionem
1446 1830 1598 1877 praefert
1616 1829 1653 1864 in
1673 1827 1791 1864 oculis

1012 1880 1091 1923 Dei,
1120 1880 1247 1916 animo
1268 1881 1388 1926 gerat,
1414 1877 1639 1923 contritique
1666 1874 1794 1911 cordis

1013 1932 1050 1965 et
1075 1927 1262 1964 humiliati
1289 1925 1478 1962 victimam
1512 1925 1679 1961 offerens
1713 1924 1789 1958 Deo

1013 1987 1052 2012 se
1069 1975 1275 2011 curandum
1294 1973 1516 2009 committat.
1537 1973 1684 2015 Quanta
1700 1974 1791 2006 tunc.

1013 2021 1209 2059 exsultatio
1225 2021 1290 2057 tibi
1309 2019 1544 2066 fuit,oVirgQ
1557 2017 1791 2060 beatissima,

1013 2070 1095 2116 quis
1129 2069 1294 2114 cogitare
1332 2067 1474 2109 valeat,
1514 2066 1663 2112 quando
1703 2075 1789 2100 eum

1013 2127 1123 2163 quem
1144 2126 1262 2162 nuper
1276 2125 1474 2161 genueras,
1488 2117 1573 2149 tunc
1591 2114 1669 2158 jaim
1683 2111 1789 2158 quasi

1014 2166 1128 2201 Deum
1142 2163 1292 2199 adorari
1306 2161 1517 2198 videbas·?O
1527 2171 1640 2206 quam
1654 2169 1792 2206 magna

1013 2212 1080 2248 suit
1096 2212 1228 2247 horum
1245 2211 1439 2255 Magorum
1455 2208 1567 2244 fides!
1581 2207 1675 2251 Quid
1688 2206 1787 2242 enim

1013 2263 1093 2295 erat
1111 2258 1165 2294 eis
1185 2256 1366 2293 credere?
1386 2256 1491 2300 Quod
1517 2255 1579 2291 ille
1608 2253 1793 2290 Puerulus

1013 2306 1065 2343 sic
1083 2305 1367 2341 viliterindutus
1385 2314 1468 2340 cum
1477 2302 1705 2350 paupercula
1714 2302 1789 2337 Ma-

1014 2358 1131 2398 tre,et
1153 2354 1233 2389 loco
1253 2352 1306 2388 sie
1324 2351 1485 2398 abjecto,
1502 2350 1581 2386 sine
1596 2349 1789 2393 societate,

1013 2401 1093 2437 sine
1113 2399 1269 2443 familia,
1291 2398 1372 2436 sine
1390 2398 1651 2440 omniornatu‚
1665 2396 1793 2432 inven-

1012 2452 1069 2485 tus
1089 2451 1188 2484 esset
1206 2458 1269 2484 rex
1291 2450 1328 2483 et
1348 2457 1458 2482 verus
1476 2447 1591 2488 Dcus;
1611 2448 1648 2480 et
1665 2447 1790 2479 tamen

1012 2500 1212 2542 utrumque
1235 2494 1488 2531 crediderunt.
1520 2491 1716 2528 Parvulum
1741 2494 1797 2525 et·

1013 2543 1114 2580 enim
1133 2554 1208 2578 non
1229 2542 1451 2578 adorassent
1469 2544 1505 2576 et
1525 2540 1789 2582 honorassent,

1013 2585 1790 2637 siparvulumtantummodocredidissent.

1013 2639 1122 2675 Tales
1155 2638 1283 2680 duces,
1315 2640 1353 2673 et
1386 2635 1475 2672 talia
1504 2632 1692 2681 primitiva
1721 2641 1790 2666 nos

1014 2686 1153 2723 habere
1172 2685 1383 2731 oportebat.
1402 2685 1451 2719 Ex
1471 2693 1545 2728 quo
1561 2683 1674 2733 patet,
1690 2678 1789 2725 quod

1015 2737 1271 2780 cognoverunt
1301 2731 1436 2768 Christi
1467 2728 1699 2779 divinitatem
1724 2735 1791 2778 per

1015 2781 1180 2817 divinam
1200 2779 1482 2816 revelationem.
1506 2776 1598 2812 Cum
1619 2784 1719 2810 emm
1742 2783 1795 2807 vi-
