<?xml version="1.0" encoding="UTF-8"?>
<!DOCTYPE html PUBLIC "-//W3C//DTD XHTML 1.0 Transitional//EN"
    "http://www.w3.org/TR/xhtml1/DTD/xhtml1-transitional.dtd">
<html xmlns="http://www.w3.org/1999/xhtml" xml:lang="en" lang="en">
 <head>
  <title>
</title>
<meta http-equiv="Content-Type" content="text/html;charset=utf-8" />
  <meta name='ocr-system' content='tesseract 3.04.00' />
  <meta name='ocr-capabilities' content='ocr_page ocr_carea ocr_par ocr_line ocrx_word'/>
</head>
<body>
  <div class='ocr_page' id='page_1' title='image "./vitajesuchristie01ludouoft_0365.png"; bbox 0 0 1876 3126; ppageno 0'>
   <div class='ocr_carea' id='block_1_1' title="bbox 477 156 1382 196">
    <p class='ocr_par' dir='ltr' id='par_1_1' title="bbox 477 156 1382 196">
     <span class='ocr_line' id='line_1_1' title="bbox 477 156 1382 196; baseline 0.004 -4"><span class='ocrx_word' id='word_1_1' title='bbox 477 158 532 192; x_wconf 89' lang='lat' dir='ltr'>DE</span> <span class='ocrx_word' id='word_1_2' title='bbox 569 158 714 192; x_wconf 81' lang='lat' dir='ltr'>SERvo</span> <span class='ocrx_word' id='word_1_3' title='bbox 751 156 1048 193; x_wconf 76' lang='lat' dir='ltr'>CENTURIONIS</span> <span class='ocrx_word' id='word_1_4' title='bbox 1086 159 1382 196; x_wconf 81' lang='lat' dir='ltr'>PARALYTICO.</span> 
     </span>
    </p>
   </div>
   <div class='ocr_carea' id='block_1_2' title="bbox 85 226 878 2821">
    <p class='ocr_par' dir='ltr' id='par_1_2' title="bbox 93 226 878 322">
     <span class='ocr_line' id='line_1_2' title="bbox 93 226 878 267; baseline -0.009 1"><span class='ocrx_word' id='word_1_5' title='bbox 93 230 190 267; x_wconf 86' lang='lat' dir='ltr'>fides</span> <span class='ocrx_word' id='word_1_6' title='bbox 199 227 373 267; x_wconf 90' lang='lat' dir='ltr'>Gentium</span> <span class='ocrx_word' id='word_1_7' title='bbox 385 226 488 264; x_wconf 89' lang='lat' dir='ltr'>estin</span> <span class='ocrx_word' id='word_1_8' title='bbox 500 226 728 264; x_wconf 86' lang='lat' dir='ltr'>Centurione</span> <span class='ocrx_word' id='word_1_9' title='bbox 742 226 878 262; x_wconf 90' lang='lat' dir='ltr'>collau-</span> 
     </span>
     <span class='ocr_line' id='line_1_3' title="bbox 94 274 690 322; baseline -0.012 -8"><span class='ocrx_word' id='word_1_10' title='bbox 94 278 197 322; x_wconf 90' lang='lat' dir='ltr'>data,</span> <span class='ocrx_word' id='word_1_11' title='bbox 217 277 283 313; x_wconf 90' lang='lat' dir='ltr'>sed</span> <span class='ocrx_word' id='word_1_12' title='bbox 302 275 417 312; x_wconf 89' lang='lat' dir='ltr'>etiam</span> <span class='ocrx_word' id='word_1_13' title='bbox 432 274 690 321; x_wconf 65' lang='lat' dir='ltr'>praefigurata.</span> 
     </span>
    </p>

    <p class='ocr_par' dir='ltr' id='par_1_3' title="bbox 85 320 878 2821">
     <span class='ocr_line' id='line_1_4' title="bbox 141 320 872 369; baseline -0.01 -9"><span class='ocrx_word' id='word_1_14' title='bbox 141 329 164 369; x_wconf 78' lang='lat'>4</span> <span class='ocrx_word' id='word_1_15' title='bbox 194 325 310 360; x_wconf 83' lang='lat' dir='ltr'>Huius</span> <span class='ocrx_word' id='word_1_16' title='bbox 337 333 531 358; x_wconf 62' lang='lat' dir='ltr'>OCCAfflONE</span> <span class='ocrx_word' id='word_1_17' title='bbox 562 330 732 356; x_wconf 69' lang='lat' dir='ltr'>PRAEDlClT</span> <span class='ocrx_word' id='word_1_18' title='bbox 758 320 872 354; x_wconf 79' lang='lat' dir='ltr'>Dom-</span> 
     </span>
     <span class='ocr_line' id='line_1_5' title="bbox 93 368 876 418; baseline -0.008 -10"><span class='ocrx_word' id='word_1_19' title='bbox 93 383 162 408; x_wconf 66' lang='lat' dir='ltr'>nus</span> <span class='ocrx_word' id='word_1_20' title='bbox 183 381 409 406; x_wconf 64' lang='lat' dir='ltr'>vocnioxizii</span> <span class='ocrx_word' id='word_1_21' title='bbox 430 369 593 405; x_wconf 70' lang='lat' dir='ltr'>GENTIUM</span> <span class='ocrx_word' id='word_1_22' title='bbox 612 378 654 402; x_wconf 82' lang='lat' dir='ltr'>ET</span> <span class='ocrx_word' id='word_1_23' title='bbox 676 368 876 418; x_wconf 57' lang='lat' dir='ltr'>Juosizoiiuii</span> 
     </span>
     <span class='ocr_line' id='line_1_6' title="bbox 93 414 877 466; baseline -0.006 -11"><span class='ocrx_word' id='word_1_24' title='bbox 93 428 407 455; x_wconf 65' lang='lat' dir='ltr'>nernoiiuioxmi.</span> <span class='ocrx_word' id='word_1_25' title='bbox 444 435 489 440; x_wconf 93' lang='lat'>—</span> <span class='ocrx_word' id='word_1_26' title='bbox 521 414 640 457; x_wconf 90' lang='lat' dir='ltr'>Unde,</span> <span class='ocrx_word' id='word_1_27' title='bbox 677 424 877 466; x_wconf 78' lang='lat' dir='ltr'>occasione</span> 
     </span>
     <span class='ocr_line' id='line_1_7' title="bbox 97 460 877 511; baseline -0.009 -9"><span class='ocrx_word' id='word_1_28' title='bbox 97 468 255 511; x_wconf 83' lang='lat' dir='ltr'>accepta</span> <span class='ocrx_word' id='word_1_29' title='bbox 283 475 326 500; x_wconf 88' lang='lat' dir='ltr'>ex</span> <span class='ocrx_word' id='word_1_30' title='bbox 357 463 432 498; x_wconf 81' lang='lat' dir='ltr'>side</span> <span class='ocrx_word' id='word_1_31' title='bbox 454 461 568 507; x_wconf 90' lang='lat' dir='ltr'>hujus</span> <span class='ocrx_word' id='word_1_32' title='bbox 596 460 768 505; x_wconf 85' lang='lat' dir='ltr'>Gentilis,</span> <span class='ocrx_word' id='word_1_33' title='bbox 788 471 877 496; x_wconf 87' lang='lat' dir='ltr'>con-</span> 
     </span>
     <span class='ocr_line' id='line_1_8' title="bbox 95 507 878 560; baseline -0.008 -11"><span class='ocrx_word' id='word_1_34' title='bbox 95 512 213 549; x_wconf 80' lang='lat' dir='ltr'><strong>cludit</strong></span> <span class='ocrx_word' id='word_1_35' title='bbox 246 514 283 548; x_wconf 91' lang='lat' dir='ltr'>et</span> <span class='ocrx_word' id='word_1_36' title='bbox 307 508 478 557; x_wconf 88' lang='lat' dir='ltr'>praedicit</span> <span class='ocrx_word' id='word_1_37' title='bbox 513 507 694 544; x_wconf 82' lang='lat' dir='ltr'>Dominus</span> <span class='ocrx_word' id='word_1_38' title='bbox 720 518 878 560; x_wconf 75' lang='lat' dir='ltr'>conver-</span> 
     </span>
     <span class='ocr_line' id='line_1_9' title="bbox 91 554 878 599; baseline -0.006 -3"><span class='ocrx_word' id='word_1_39' title='bbox 91 558 240 596; x_wconf 87' lang='lat' dir='ltr'>sionem</span> <span class='ocrx_word' id='word_1_40' title='bbox 271 560 309 593; x_wconf 92' lang='lat' dir='ltr'>et</span> <span class='ocrx_word' id='word_1_41' title='bbox 337 555 574 592; x_wconf 87' lang='lat' dir='ltr'>vocationem</span> <span class='ocrx_word' id='word_1_42' title='bbox 602 554 820 599; x_wconf 86' lang='lat' dir='ltr'>Gentilium,</span> <span class='ocrx_word' id='word_1_43' title='bbox 842 558 878 591; x_wconf 88' lang='lat' dir='ltr'>et</span> 
     </span>
     <span class='ocr_line' id='line_1_10' title="bbox 93 602 878 652; baseline -0.004 -10"><span class='ocrx_word' id='word_1_44' title='bbox 93 616 139 642; x_wconf 87' lang='lat' dir='ltr'>ex</span> <span class='ocrx_word' id='word_1_45' title='bbox 166 604 355 652; x_wconf 90' lang='lat' dir='ltr'>opposito,</span> <span class='ocrx_word' id='word_1_46' title='bbox 380 602 523 640; x_wconf 81' lang='lat' dir='ltr'>scilicet</span> <span class='ocrx_word' id='word_1_47' title='bbox 556 602 793 646; x_wconf 83' lang='lat' dir='ltr'>infidelitate,</span> <span class='ocrx_word' id='word_1_48' title='bbox 815 613 878 639; x_wconf 90' lang='lat' dir='ltr'>re-</span> 
     </span>
     <span class='ocr_line' id='line_1_11' title="bbox 92 649 876 700; baseline -0.006 -10"><span class='ocrx_word' id='word_1_49' title='bbox 92 651 360 700; x_wconf 81' lang='lat' dir='ltr'>probationem</span> <span class='ocrx_word' id='word_1_50' title='bbox 411 650 629 686; x_wconf 78' lang='lat' dir='ltr'>Judaeoruin</span> <span class='ocrx_word' id='word_1_51' title='bbox 645 677 654 693; x_wconf 92' lang='lat'>,</span> <span class='ocrx_word' id='word_1_52' title='bbox 693 649 823 685; x_wconf 88' lang='lat' dir='ltr'>dicens</span> <span class='ocrx_word' id='word_1_53' title='bbox 868 661 876 686; x_wconf 92' lang='lat'>:</span> 
     </span>
     <span class='ocr_line' id='line_1_12' title="bbox 91 697 876 750; baseline -0.005 -14"><span class='ocrx_word' id='word_1_54' title='bbox 91 700 226 744; x_wconf 88' lang='lat' dir='ltr'>Amen,</span> <span class='ocrx_word' id='word_1_55' title='bbox 251 698 290 734; x_wconf 91' lang='lat' dir='ltr'>id</span> <span class='ocrx_word' id='word_1_56' title='bbox 316 702 373 734; x_wconf 88' lang='lat' dir='ltr'>est</span> <span class='ocrx_word' id='word_1_57' title='bbox 396 697 575 737; x_wconf 83' lang='lat' dir='ltr'>fideliter,</span> <span class='ocrx_word' id='word_1_58' title='bbox 600 698 680 732; x_wconf 79' lang='lat' dir='ltr'>dico</span> <span class='ocrx_word' id='word_1_59' title='bbox 709 700 746 732; x_wconf 89' lang='lat' dir='ltr'>et</span> <span class='ocrx_word' id='word_1_60' title='bbox 768 707 876 750; x_wconf 35' lang='lat' dir='ltr'>‘prae-</span> 
     </span>
     <span class='ocr_line' id='line_1_13' title="bbox 92 744 877 791; baseline -0.005 -7"><span class='ocrx_word' id='word_1_61' title='bbox 92 747 176 784; x_wconf 92' lang='lat' dir='ltr'>dico</span> <span class='ocrx_word' id='word_1_62' title='bbox 196 747 312 786; x_wconf 79' lang='lat' dir='ltr'>vobis,</span> <span class='ocrx_word' id='word_1_63' title='bbox 337 746 448 791; x_wconf 78' lang='lat' dir='ltr'>quod,</span> <span class='ocrx_word' id='word_1_64' title='bbox 469 744 516 780; x_wconf 89' lang='lat' dir='ltr'>ad</span> <span class='ocrx_word' id='word_1_65' title='bbox 532 744 745 790; x_wconf 84' lang='lat' dir='ltr'>exemplum</span> <span class='ocrx_word' id='word_1_66' title='bbox 768 744 877 780; x_wconf 84' lang='lat' dir='ltr'>istius</span> 
     </span>
     <span class='ocr_line' id='line_1_14' title="bbox 92 791 876 840; baseline -0.005 -10"><span class='ocrx_word' id='word_1_67' title='bbox 92 793 132 830; x_wconf 90' lang='lat' dir='ltr'>in</span> <span class='ocrx_word' id='word_1_68' title='bbox 155 804 230 840; x_wconf 86' lang='lat' dir='ltr'>quo</span> <span class='ocrx_word' id='word_1_69' title='bbox 270 793 365 828; x_wconf 86' lang='lat' dir='ltr'>fides</span> <span class='ocrx_word' id='word_1_70' title='bbox 389 791 566 828; x_wconf 87' lang='lat' dir='ltr'>Gentium</span> <span class='ocrx_word' id='word_1_71' title='bbox 594 792 876 837; x_wconf 59' lang='lat' dir='ltr'>praefiguratur,</span> 
     </span>
     <span class='ocr_line' id='line_1_15' title="bbox 92 838 877 885; baseline -0.003 -8"><span class='ocrx_word' id='word_1_72' title='bbox 92 842 214 882; x_wconf 82' lang='lat' dir='ltr'>multi,</span> <span class='ocrx_word' id='word_1_73' title='bbox 235 840 301 876; x_wconf 90' lang='lat' dir='ltr'>sed</span> <span class='ocrx_word' id='word_1_74' title='bbox 321 851 394 875; x_wconf 90' lang='lat' dir='ltr'>non</span> <span class='ocrx_word' id='word_1_75' title='bbox 417 850 564 881; x_wconf 87' lang='lat' dir='ltr'>omnes,</span> <span class='ocrx_word' id='word_1_76' title='bbox 585 838 674 885; x_wconf 85' lang='lat' dir='ltr'>quia</span> <span class='ocrx_word' id='word_1_77' title='bbox 697 849 772 874; x_wconf 90' lang='lat' dir='ltr'>non</span> <span class='ocrx_word' id='word_1_78' title='bbox 797 849 877 875; x_wconf 92' lang='lat' dir='ltr'>om-</span> 
     </span>
     <span class='ocr_line' id='line_1_16' title="bbox 92 886 877 931; baseline -0.003 -7"><span class='ocrx_word' id='word_1_79' title='bbox 92 899 163 924; x_wconf 91' lang='lat' dir='ltr'>nes</span> <span class='ocrx_word' id='word_1_80' title='bbox 182 886 365 924; x_wconf 90' lang='lat' dir='ltr'>obediunt</span> <span class='ocrx_word' id='word_1_81' title='bbox 387 886 606 931; x_wconf 79' lang='lat' dir='ltr'>Evangelio,</span> <span class='ocrx_word' id='word_1_82' title='bbox 621 887 666 921; x_wconf 82' lang='lat' dir='ltr'>ab</span> <span class='ocrx_word' id='word_1_83' title='bbox 682 886 826 921; x_wconf 79' lang='lat' dir='ltr'>Oriente</span> <span class='ocrx_word' id='word_1_84' title='bbox 844 890 877 922; x_wconf 75' lang='lat' dir='ltr'>et</span> 
     </span>
     <span class='ocr_line' id='line_1_17' title="bbox 97 933 878 980; baseline -0.004 -8"><span class='ocrx_word' id='word_1_85' title='bbox 97 935 303 976; x_wconf 82' lang='lat' dir='ltr'><em>Occidente,</em></span> <span class='ocrx_word' id='word_1_86' title='bbox 331 938 443 980; x_wconf 83' lang='lat' dir='ltr'>atque</span> <span class='ocrx_word' id='word_1_87' title='bbox 470 933 583 969; x_wconf 90' lang='lat' dir='ltr'>etiam</span> <span class='ocrx_word' id='word_1_88' title='bbox 608 934 655 969; x_wconf 85' lang='lat' dir='ltr'>ab</span> <span class='ocrx_word' id='word_1_89' title='bbox 678 934 814 968; x_wconf 85' lang='lat' dir='ltr'>Austro</span> <span class='ocrx_word' id='word_1_90' title='bbox 841 937 878 969; x_wconf 90' lang='lat' dir='ltr'>et</span> 
     </span>
     <span class='ocr_line' id='line_1_18' title="bbox 93 980 875 1029; baseline -0.004 -10"><span class='ocrx_word' id='word_1_91' title='bbox 93 982 297 1029; x_wconf 82' lang='lat' dir='ltr'>Aquilone,</span> <span class='ocrx_word' id='word_1_92' title='bbox 326 981 362 1017; x_wconf 92' lang='lat' dir='ltr'>id</span> <span class='ocrx_word' id='word_1_93' title='bbox 380 985 495 1017; x_wconf 80' lang='lat' dir='ltr'>estex</span> <span class='ocrx_word' id='word_1_94' title='bbox 517 980 619 1016; x_wconf 91' lang='lat' dir='ltr'>omni</span> <span class='ocrx_word' id='word_1_95' title='bbox 645 983 750 1026; x_wconf 88' lang='lat' dir='ltr'>parte</span> <span class='ocrx_word' id='word_1_96' title='bbox 770 991 875 1016; x_wconf 93' lang='lat' dir='ltr'>mun-</span> 
     </span>
     <span class='ocr_line' id='line_1_19' title="bbox 94 1027 876 1073; baseline -0.006 -7"><span class='ocrx_word' id='word_1_97' title='bbox 94 1029 133 1066; x_wconf 83' lang='lat' dir='ltr'>di</span> <span class='ocrx_word' id='word_1_98' title='bbox 160 1033 197 1066; x_wconf 88' lang='lat' dir='ltr'>et</span> <span class='ocrx_word' id='word_1_99' title='bbox 226 1040 269 1065; x_wconf 83' lang='lat' dir='ltr'>ex</span> <span class='ocrx_word' id='word_1_100' title='bbox 299 1028 401 1065; x_wconf 92' lang='lat' dir='ltr'>omni</span> <span class='ocrx_word' id='word_1_101' title='bbox 436 1038 574 1073; x_wconf 83' lang='lat' dir='ltr'>genere</span> <span class='ocrx_word' id='word_1_102' title='bbox 607 1027 795 1071; x_wconf 88' lang='lat' dir='ltr'>Gentium,</span> <span class='ocrx_word' id='word_1_103' title='bbox 817 1038 876 1062; x_wconf 81' lang='lat' dir='ltr'>ve-</span> 
     </span>
     <span class='ocr_line' id='line_1_20' title="bbox 93 1073 874 1113; baseline -0.001 0"><span class='ocrx_word' id='word_1_104' title='bbox 93 1078 196 1113; x_wconf 79' lang='lat' dir='ltr'>nient</span> <span class='ocrx_word' id='word_1_105' title='bbox 215 1076 263 1112; x_wconf 88' lang='lat' dir='ltr'>ad</span> <span class='ocrx_word' id='word_1_106' title='bbox 284 1076 398 1111; x_wconf 81' lang='lat' dir='ltr'>sidem</span> <span class='ocrx_word' id='word_1_107' title='bbox 419 1079 457 1111; x_wconf 91' lang='lat' dir='ltr'>et</span> <span class='ocrx_word' id='word_1_108' title='bbox 478 1074 659 1110; x_wconf 90' lang='lat' dir='ltr'>unitatem</span> <span class='ocrx_word' id='word_1_109' title='bbox 685 1073 874 1112; x_wconf 71' lang='lat' dir='ltr'>Ecclesize.</span> 
     </span>
     <span class='ocr_line' id='line_1_21' title="bbox 93 1121 877 1167; baseline -0.003 -7"><span class='ocrx_word' id='word_1_110' title='bbox 93 1124 214 1167; x_wconf 85' lang='lat' dir='ltr'>Unde,</span> <span class='ocrx_word' id='word_1_111' title='bbox 251 1123 458 1159; x_wconf 86' lang='lat' dir='ltr'>secundum</span> <span class='ocrx_word' id='word_1_112' title='bbox 484 1124 761 1165; x_wconf 65' lang='lat' dir='ltr'>Aiiyustinum,</span> <span class='ocrx_word' id='word_1_113' title='bbox 796 1121 877 1158; x_wconf 88' lang='lat' dir='ltr'>istis</span> 
     </span>
     <span class='ocr_line' id='line_1_22' title="bbox 93 1168 877 1216; baseline -0.004 -8"><span class='ocrx_word' id='word_1_114' title='bbox 93 1170 240 1208; x_wconf 84' lang='lat' dir='ltr'>duabus</span> <span class='ocrx_word' id='word_1_115' title='bbox 271 1169 456 1216; x_wconf 84' lang='lat' dir='ltr'>partibus,</span> <span class='ocrx_word' id='word_1_116' title='bbox 479 1168 623 1205; x_wconf 77' lang='lat' dir='ltr'>scilicet</span> <span class='ocrx_word' id='word_1_117' title='bbox 657 1168 810 1205; x_wconf 77' lang='lat' dir='ltr'>Oriente</span> <span class='ocrx_word' id='word_1_118' title='bbox 840 1173 877 1205; x_wconf 88' lang='lat' dir='ltr'>et</span> 
     </span>
     <span class='ocr_line' id='line_1_23' title="bbox 92 1215 874 1261; baseline -0.004 -6"><span class='ocrx_word' id='word_1_119' title='bbox 92 1217 313 1261; x_wconf 85' lang='lat' dir='ltr'>Occidente,</span> <span class='ocrx_word' id='word_1_120' title='bbox 355 1220 455 1252; x_wconf 84' lang='lat' dir='ltr'>totus</span> <span class='ocrx_word' id='word_1_121' title='bbox 496 1215 599 1252; x_wconf 91' lang='lat' dir='ltr'>orbis</span> <span class='ocrx_word' id='word_1_122' title='bbox 637 1215 874 1261; x_wconf 84' lang='lat' dir='ltr'>designatur.</span> 
     </span>
     <span class='ocr_line' id='line_1_24' title="bbox 92 1263 878 1310; baseline -0.001 -9"><span class='ocrx_word' id='word_1_123' title='bbox 92 1265 198 1302; x_wconf 90' lang='lat' dir='ltr'>Unde</span> <span class='ocrx_word' id='word_1_124' title='bbox 219 1265 288 1301; x_wconf 89' lang='lat' dir='ltr'>sub</span> <span class='ocrx_word' id='word_1_125' title='bbox 316 1268 402 1310; x_wconf 85' lang='lat' dir='ltr'>typo</span> <span class='ocrx_word' id='word_1_126' title='bbox 437 1263 614 1299; x_wconf 78' lang='lat' dir='ltr'>Ecclesiae</span> <span class='ocrx_word' id='word_1_127' title='bbox 646 1263 788 1298; x_wconf 86' lang='lat' dir='ltr'>dictum</span> <span class='ocrx_word' id='word_1_128' title='bbox 809 1263 878 1300; x_wconf 84' lang='lat' dir='ltr'>suit</span> 
     </span>
     <span class='ocr_line' id='line_1_25' title="bbox 89 1311 877 1349; baseline -0.003 0"><span class='ocrx_word' id='word_1_129' title='bbox 89 1313 239 1349; x_wconf 83' lang='lat' dir='ltr'>Jacob:</span> <span class='ocrx_word' id='word_1_130' title='bbox 273 1311 500 1347; x_wconf 80' lang='lat' dir='ltr'>Dilataberis</span> <span class='ocrx_word' id='word_1_131' title='bbox 541 1311 590 1345; x_wconf 81' lang='lat' dir='ltr'>ad</span> <span class='ocrx_word' id='word_1_132' title='bbox 629 1311 809 1346; x_wconf 76' lang='lat' dir='ltr'>Orientem</span> <span class='ocrx_word' id='word_1_133' title='bbox 844 1314 877 1347; x_wconf 80' lang='lat' dir='ltr'>et</span> 
     </span>
     <span class='ocr_line' id='line_1_26' title="bbox 92 1359 877 1410; baseline -0.006 -12"><span class='ocrx_word' id='word_1_134' title='bbox 92 1359 331 1401; x_wconf 79' lang='lat' dir='ltr'>Occidentem,</span> <span class='ocrx_word' id='word_1_135' title='bbox 354 1359 403 1394; x_wconf 85' lang='lat' dir='ltr'>ad</span> <span class='ocrx_word' id='word_1_136' title='bbox 429 1359 726 1404; x_wconf 73' lang='lat' dir='ltr'>Septemtrionem</span> <span class='ocrx_word' id='word_1_137' title='bbox 753 1361 786 1410; x_wconf 68' lang='lat' dir='ltr'>et</span> <span class='ocrx_word' id='word_1_138' title='bbox 805 1359 877 1394; x_wconf 83' lang='lat' dir='ltr'>Me-</span> 
     </span>
     <span class='ocr_line' id='line_1_27' title="bbox 91 1405 876 1448; baseline -0.003 -5"><span class='ocrx_word' id='word_1_139' title='bbox 91 1407 239 1443; x_wconf 83' lang='lat' dir='ltr'>ridiem.</span> <span class='ocrx_word' id='word_1_140' title='bbox 264 1405 458 1442; x_wconf 89' lang='lat' dir='ltr'>Moraliter</span> <span class='ocrx_word' id='word_1_141' title='bbox 484 1408 624 1448; x_wconf 86' lang='lat' dir='ltr'>autem,</span> <span class='ocrx_word' id='word_1_142' title='bbox 649 1405 696 1440; x_wconf 88' lang='lat' dir='ltr'>ab</span> <span class='ocrx_word' id='word_1_143' title='bbox 724 1405 876 1441; x_wconf 77' lang='lat' dir='ltr'>Oriente</span> 
     </span>
     <span class='ocr_line' id='line_1_28' title="bbox 91 1451 873 1505; baseline -0.003 -15"><span class='ocrx_word' id='word_1_144' title='bbox 91 1453 261 1498; x_wconf 89' lang='lat' dir='ltr'>veniunt,</span> <span class='ocrx_word' id='word_1_145' title='bbox 284 1453 347 1499; x_wconf 90' lang='lat' dir='ltr'>qui</span> <span class='ocrx_word' id='word_1_146' title='bbox 381 1464 424 1488; x_wconf 81' lang='lat' dir='ltr'>ex</span> <span class='ocrx_word' id='word_1_147' title='bbox 451 1451 753 1504; x_wconf 80' lang='lat' dir='ltr'>consideratione</span> <span class='ocrx_word' id='word_1_148' title='bbox 772 1462 873 1505; x_wconf 33' lang='lat' dir='ltr'>‘pro-</span> 
     </span>
     <span class='ocr_line' id='line_1_29' title="bbox 93 1498 876 1552; baseline -0.004 -15"><span class='ocrx_word' id='word_1_149' title='bbox 93 1500 186 1547; x_wconf 86' lang='lat' dir='ltr'>priae</span> <span class='ocrx_word' id='word_1_150' title='bbox 207 1505 353 1536; x_wconf 80' lang='lat' dir='ltr'>naturae</span> <span class='ocrx_word' id='word_1_151' title='bbox 372 1499 428 1535; x_wconf 88' lang='lat' dir='ltr'>vel</span> <span class='ocrx_word' id='word_1_152' title='bbox 446 1498 656 1535; x_wconf 73' lang='lat' dir='ltr'>nativitatis</span> <span class='ocrx_word' id='word_1_153' title='bbox 676 1499 876 1552; x_wconf 74' lang='lat' dir='ltr'>humilian-</span> 
     </span>
     <span class='ocr_line' id='line_1_30' title="bbox 90 1546 874 1600; baseline -0.004 -16"><span class='ocrx_word' id='word_1_154' title='bbox 90 1552 169 1593; x_wconf 85' lang='lat' dir='ltr'>tur,</span> <span class='ocrx_word' id='word_1_155' title='bbox 196 1548 254 1584; x_wconf 85' lang='lat' dir='ltr'>vel</span> <span class='ocrx_word' id='word_1_156' title='bbox 286 1547 349 1594; x_wconf 89' lang='lat' dir='ltr'>qui</span> <span class='ocrx_word' id='word_1_157' title='bbox 383 1546 646 1598; x_wconf 72' lang='lat' dir='ltr'>poenitentiam</span> <span class='ocrx_word' id='word_1_158' title='bbox 682 1550 805 1600; x_wconf 43' lang='lat' dir='ltr'>agunt·</span> <span class='ocrx_word' id='word_1_159' title='bbox 834 1558 874 1582; x_wconf 89' lang='lat' dir='ltr'>in</span> 
     </span>
     <span class='ocr_line' id='line_1_31' title="bbox 92 1593 873 1642; baseline -0.001 -11"><span class='ocrx_word' id='word_1_160' title='bbox 92 1605 166 1632; x_wconf 88' lang='lat' dir='ltr'>sua</span> <span class='ocrx_word' id='word_1_161' title='bbox 188 1595 410 1642; x_wconf 82' lang='lat' dir='ltr'>juventute3</span> <span class='ocrx_word' id='word_1_162' title='bbox 432 1594 479 1630; x_wconf 87' lang='lat' dir='ltr'>ab</span> <span class='ocrx_word' id='word_1_163' title='bbox 506 1593 720 1634; x_wconf 85' lang='lat' dir='ltr'>Occidente,</span> <span class='ocrx_word' id='word_1_164' title='bbox 744 1604 806 1639; x_wconf 88' lang='lat' dir='ltr'>qui</span> <span class='ocrx_word' id='word_1_165' title='bbox 830 1604 873 1630; x_wconf 85' lang='lat' dir='ltr'>ex</span> 
     </span>
     <span class='ocr_line' id='line_1_32' title="bbox 90 1641 872 1685; baseline -0.004 -6"><span class='ocrx_word' id='word_1_166' title='bbox 90 1642 276 1679; x_wconf 87' lang='lat' dir='ltr'>memoria</span> <span class='ocrx_word' id='word_1_167' title='bbox 314 1641 445 1677; x_wconf 87' lang='lat' dir='ltr'>mortis</span> <span class='ocrx_word' id='word_1_168' title='bbox 475 1643 776 1685; x_wconf 86' lang='lat' dir='ltr'>convertuntur,</span> <span class='ocrx_word' id='word_1_169' title='bbox 815 1641 872 1677; x_wconf 91' lang='lat' dir='ltr'>vel</span> 
     </span>
     <span class='ocr_line' id='line_1_33' title="bbox 91 1688 869 1740; baseline -0.003 -14"><span class='ocrx_word' id='word_1_170' title='bbox 91 1689 157 1735; x_wconf 88' lang='lat' dir='ltr'>qui</span> <span class='ocrx_word' id='word_1_171' title='bbox 175 1688 440 1736; x_wconf 87' lang='lat' dir='ltr'>poenitentiam</span> <span class='ocrx_word' id='word_1_172' title='bbox 458 1691 574 1733; x_wconf 84' lang='lat' dir='ltr'>agunt</span> <span class='ocrx_word' id='word_1_173' title='bbox 596 1688 634 1722; x_wconf 90' lang='lat' dir='ltr'>in</span> <span class='ocrx_word' id='word_1_174' title='bbox 655 1690 869 1740; x_wconf 75' lang='lat' dir='ltr'>senectute;</span> 
     </span>
     <span class='ocr_line' id='line_1_34' title="bbox 89 1735 869 1788; baseline -0.004 -14"><span class='ocrx_word' id='word_1_175' title='bbox 89 1737 137 1774; x_wconf 87' lang='lat' dir='ltr'>ab</span> <span class='ocrx_word' id='word_1_176' title='bbox 157 1738 309 1779; x_wconf 79' lang='lat' dir='ltr'>Austro,</span> <span class='ocrx_word' id='word_1_177' title='bbox 329 1736 408 1781; x_wconf 84' lang='lat' dir='ltr'>qui,</span> <span class='ocrx_word' id='word_1_178' title='bbox 430 1735 580 1771; x_wconf 86' lang='lat' dir='ltr'>favente</span> <span class='ocrx_word' id='word_1_179' title='bbox 600 1737 869 1788; x_wconf 41' lang='lat' dir='ltr'>prosperi-tate,</span> 
     </span>
     <span class='ocr_line' id='line_1_35' title="bbox 87 1781 871 1834; baseline -0.003 -14"><span class='ocrx_word' id='word_1_180' title='bbox 87 1787 226 1820; x_wconf 86' lang='lat' dir='ltr'>vacant</span> <span class='ocrx_word' id='word_1_181' title='bbox 272 1783 450 1829; x_wconf 86' lang='lat' dir='ltr'>operibus</span> <span class='ocrx_word' id='word_1_182' title='bbox 487 1781 652 1828; x_wconf 87' lang='lat' dir='ltr'>pietatis,</span> <span class='ocrx_word' id='word_1_183' title='bbox 693 1785 734 1834; x_wconf 73' lang='lat' dir='ltr'>et</span> <span class='ocrx_word' id='word_1_184' title='bbox 772 1786 871 1818; x_wconf 89' lang='lat' dir='ltr'>inter</span> 
     </span>
     <span class='ocr_line' id='line_1_36' title="bbox 87 1830 869 1878; baseline -0.001 -11"><span class='ocrx_word' id='word_1_185' title='bbox 87 1841 272 1878; x_wconf 86' lang='lat' dir='ltr'>prospera</span> <span class='ocrx_word' id='word_1_186' title='bbox 295 1833 447 1866; x_wconf 85' lang='lat' dir='ltr'>servant</span> <span class='ocrx_word' id='word_1_187' title='bbox 472 1832 792 1875; x_wconf 85' lang='lat' dir='ltr'>temperantiam;</span> <span class='ocrx_word' id='word_1_188' title='bbox 821 1830 869 1866; x_wconf 88' lang='lat' dir='ltr'>ab</span> 
     </span>
     <span class='ocr_line' id='line_1_37' title="bbox 88 1876 868 1924; baseline -0.003 -10"><span class='ocrx_word' id='word_1_189' title='bbox 88 1878 290 1924; x_wconf 79' lang='lat' dir='ltr'>Aquilone,</span> <span class='ocrx_word' id='word_1_190' title='bbox 319 1876 395 1923; x_wconf 88' lang='lat' dir='ltr'>qui,</span> <span class='ocrx_word' id='word_1_191' title='bbox 432 1876 657 1912; x_wconf 81' lang='lat' dir='ltr'>necessitate</span> <span class='ocrx_word' id='word_1_192' title='bbox 696 1880 868 1922; x_wconf 82' lang='lat' dir='ltr'>urgente,</span> 
     </span>
     <span class='ocr_line' id='line_1_38' title="bbox 87 1923 870 1972; baseline -0.004 -10"><span class='ocrx_word' id='word_1_193' title='bbox 87 1929 411 1972; x_wconf 84' lang='lat' dir='ltr'>compunguntur,</span> <span class='ocrx_word' id='word_1_194' title='bbox 433 1927 469 1959; x_wconf 90' lang='lat' dir='ltr'>ct</span> <span class='ocrx_word' id='word_1_195' title='bbox 491 1923 589 1959; x_wconf 90' lang='lat' dir='ltr'>inter</span> <span class='ocrx_word' id='word_1_196' title='bbox 613 1923 772 1959; x_wconf 78' lang='lat' dir='ltr'>adversa</span> <span class='ocrx_word' id='word_1_197' title='bbox 793 1934 870 1960; x_wconf 91' lang='lat' dir='ltr'>ser-</span> 
     </span>
     <span class='ocr_line' id='line_1_39' title="bbox 88 1969 867 2018; baseline -0.001 -11"><span class='ocrx_word' id='word_1_198' title='bbox 88 1977 180 2009; x_wconf 73' lang='lat' dir='ltr'>vant</span> <span class='ocrx_word' id='word_1_199' title='bbox 199 1972 436 2018; x_wconf 88' lang='lat' dir='ltr'>patientiam.</span> <span class='ocrx_word' id='word_1_200' title='bbox 466 1972 517 2006; x_wconf 88' lang='lat' dir='ltr'>De</span> <span class='ocrx_word' id='word_1_201' title='bbox 542 1969 600 2005; x_wconf 80' lang='lat' dir='ltr'>liis</span> <span class='ocrx_word' id='word_1_202' title='bbox 620 1969 721 2006; x_wconf 86' lang='lat' dir='ltr'>enim</span> <span class='ocrx_word' id='word_1_203' title='bbox 743 1971 867 2006; x_wconf 90' lang='lat' dir='ltr'>omni-</span> 
     </span>
     <span class='ocr_line' id='line_1_40' title="bbox 88 2018 869 2065; baseline -0.004 -9"><span class='ocrx_word' id='word_1_204' title='bbox 88 2020 160 2056; x_wconf 87' lang='lat' dir='ltr'>bus</span> <span class='ocrx_word' id='word_1_205' title='bbox 195 2018 313 2065; x_wconf 85' lang='lat' dir='ltr'>aliqui</span> <span class='ocrx_word' id='word_1_206' title='bbox 352 2018 612 2054; x_wconf 81' lang='lat' dir='ltr'>salvabuntur.</span> <span class='ocrx_word' id='word_1_207' title='bbox 644 2019 692 2052; x_wconf 83' lang='lat' dir='ltr'>Et</span> <span class='ocrx_word' id='word_1_208' title='bbox 727 2028 869 2053; x_wconf 78' lang='lat' dir='ltr'>recum-</span> 
     </span>
     <span class='ocr_line' id='line_1_41' title="bbox 91 2063 867 2117; baseline -0.003 -14"><span class='ocrx_word' id='word_1_209' title='bbox 91 2067 186 2105; x_wconf 82' lang='lat' dir='ltr'>bent.</span> <span class='ocrx_word' id='word_1_210' title='bbox 208 2067 245 2103; x_wconf 94' lang='lat' dir='ltr'>id</span> <span class='ocrx_word' id='word_1_211' title='bbox 266 2070 323 2102; x_wconf 91' lang='lat' dir='ltr'>est</span> <span class='ocrx_word' id='word_1_212' title='bbox 338 2064 497 2100; x_wconf 74' lang='lat' dir='ltr'>feliciter</span> <span class='ocrx_word' id='word_1_213' title='bbox 516 2063 768 2116; x_wconf 79' lang='lat' dir='ltr'>requiescent,</span> <span class='ocrx_word' id='word_1_214' title='bbox 791 2075 867 2117; x_wconf 81' lang='lat' dir='ltr'>non</span> 
     </span>
     <span class='ocr_line' id='line_1_42' title="bbox 89 2111 868 2159; baseline -0.003 -9"><span class='ocrx_word' id='word_1_215' title='bbox 89 2113 292 2150; x_wconf 83' lang='lat' dir='ltr'>carnaliter</span> <span class='ocrx_word' id='word_1_216' title='bbox 318 2114 502 2159; x_wconf 77' lang='lat' dir='ltr'>Jaceutes,</span> <span class='ocrx_word' id='word_1_217' title='bbox 525 2111 591 2147; x_wconf 88' lang='lat' dir='ltr'>sed</span> <span class='ocrx_word' id='word_1_218' title='bbox 622 2111 868 2157; x_wconf 72' lang='lat' dir='ltr'>spIritualiter</span> 
     </span>
     <span class='ocr_line' id='line_1_43' title="bbox 86 2160 868 2208; baseline -0.004 -10"><span class='ocrx_word' id='word_1_219' title='bbox 86 2165 307 2208; x_wconf 82' lang='lat' dir='ltr'>pausantes,</span> <span class='ocrx_word' id='word_1_220' title='bbox 348 2171 427 2196; x_wconf 77' lang='lat' dir='ltr'>cum</span> <span class='ocrx_word' id='word_1_221' title='bbox 465 2160 669 2199; x_wconf 73' lang='lat' dir='ltr'>Abraham,</span> <span class='ocrx_word' id='word_1_222' title='bbox 700 2160 804 2195; x_wconf 77' lang='lat' dir='ltr'>Isaac</span> <span class='ocrx_word' id='word_1_223' title='bbox 835 2163 868 2195; x_wconf 81' lang='lat' dir='ltr'>et</span> 
     </span>
     <span class='ocr_line' id='line_1_44' title="bbox 87 2205 868 2258; baseline -0.004 -13"><span class='ocrx_word' id='word_1_224' title='bbox 87 2209 213 2250; x_wconf 86' lang='lat' dir='ltr'>Jacob,</span> <span class='ocrx_word' id='word_1_225' title='bbox 237 2218 396 2254; x_wconf 87' lang='lat' dir='ltr'>quornm</span> <span class='ocrx_word' id='word_1_226' title='bbox 420 2206 533 2242; x_wconf 85' lang='lat' dir='ltr'>fidem</span> <span class='ocrx_word' id='word_1_227' title='bbox 551 2205 685 2258; x_wconf 75' lang='lat' dir='ltr'>imitati</span> <span class='ocrx_word' id='word_1_228' title='bbox 702 2209 802 2258; x_wconf 78' lang='lat' dir='ltr'>sunt,</span> <span class='ocrx_word' id='word_1_229' title='bbox 831 2209 868 2242; x_wconf 90' lang='lat' dir='ltr'>et</span> 
     </span>
     <span class='ocr_line' id='line_1_45' title="bbox 87 2253 868 2297; baseline -0.006 -4"><span class='ocrx_word' id='word_1_230' title='bbox 87 2266 174 2293; x_wconf 89' lang='lat' dir='ltr'>cum</span> <span class='ocrx_word' id='word_1_231' title='bbox 194 2255 279 2293; x_wconf 88' lang='lat' dir='ltr'>aliis</span> <span class='ocrx_word' id='word_1_232' title='bbox 297 2254 472 2290; x_wconf 81' lang='lat' dir='ltr'>fidelibus</span> <span class='ocrx_word' id='word_1_233' title='bbox 493 2256 529 2289; x_wconf 86' lang='lat' dir='ltr'>ct</span> <span class='ocrx_word' id='word_1_234' title='bbox 550 2253 681 2289; x_wconf 81' lang='lat' dir='ltr'>amicis</span> <span class='ocrx_word' id='word_1_235' title='bbox 698 2264 805 2297; x_wconf 88' lang='lat' dir='ltr'>ineis,</span> <span class='ocrx_word' id='word_1_236' title='bbox 828 2256 868 2288; x_wconf 81' lang='lat' dir='ltr'>in</span> 
     </span>
     <span class='ocr_line' id='line_1_46' title="bbox 85 2300 867 2348; baseline -0.005 -8"><span class='ocrx_word' id='word_1_237' title='bbox 85 2314 197 2348; x_wconf 76' lang='lat' dir='ltr'>reqno</span> <span class='ocrx_word' id='word_1_238' title='bbox 223 2304 387 2339; x_wconf 78' lang='lat' dir='ltr'>coelorum</span> <span class='ocrx_word' id='word_1_239' title='bbox 414 2304 450 2337; x_wconf 90' lang='lat' dir='ltr'>et</span> <span class='ocrx_word' id='word_1_240' title='bbox 477 2302 682 2347; x_wconf 85' lang='lat' dir='ltr'>justorum,</span> <span class='ocrx_word' id='word_1_241' title='bbox 705 2300 768 2335; x_wconf 84' lang='lat' dir='ltr'>ubi</span> <span class='ocrx_word' id='word_1_242' title='bbox 804 2300 867 2336; x_wconf 90' lang='lat' dir='ltr'>lux</span> 
     </span>
     <span class='ocr_line' id='line_1_47' title="bbox 87 2347 865 2397; baseline -0.005 -10"><span class='ocrx_word' id='word_1_243' title='bbox 87 2354 127 2387; x_wconf 88' lang='lat' dir='ltr'>et</span> <span class='ocrx_word' id='word_1_244' title='bbox 145 2350 280 2397; x_wconf 86' lang='lat' dir='ltr'>gloria,</span> <span class='ocrx_word' id='word_1_245' title='bbox 297 2353 334 2386; x_wconf 89' lang='lat' dir='ltr'>et</span> <span class='ocrx_word' id='word_1_246' title='bbox 351 2348 570 2395; x_wconf 81' lang='lat' dir='ltr'>longaevitas</span> <span class='ocrx_word' id='word_1_247' title='bbox 592 2347 678 2383; x_wconf 76' lang='lat' dir='ltr'>vitae</span> <span class='ocrx_word' id='word_1_248' title='bbox 697 2351 865 2392; x_wconf 79' lang='lat' dir='ltr'>aeternae,</span> 
     </span>
     <span class='ocr_line' id='line_1_48' title="bbox 88 2396 866 2439; baseline -0.005 -5"><span class='ocrx_word' id='word_1_249' title='bbox 88 2401 128 2434; x_wconf 91' lang='lat' dir='ltr'>et</span> <span class='ocrx_word' id='word_1_250' title='bbox 151 2408 263 2434; x_wconf 90' lang='lat' dir='ltr'>omne</span> <span class='ocrx_word' id='word_1_251' title='bbox 284 2398 438 2433; x_wconf 87' lang='lat' dir='ltr'>bonum.</span> <span class='ocrx_word' id='word_1_252' title='bbox 467 2396 672 2439; x_wconf 81' lang='lat' dir='ltr'>Abraham,</span> <span class='ocrx_word' id='word_1_253' title='bbox 702 2397 806 2431; x_wconf 83' lang='lat' dir='ltr'>Isaac</span> <span class='ocrx_word' id='word_1_254' title='bbox 830 2398 866 2430; x_wconf 86' lang='lat' dir='ltr'>et</span> 
     </span>
     <span class='ocr_line' id='line_1_49' title="bbox 87 2441 867 2497; baseline -0.005 -15"><span class='ocrx_word' id='word_1_255' title='bbox 87 2445 204 2482; x_wconf 85' lang='lat' dir='ltr'>Jacob</span> <span class='ocrx_word' id='word_1_256' title='bbox 235 2443 449 2497; x_wconf 87' lang='lat' dir='ltr'>specialiter</span> <span class='ocrx_word' id='word_1_257' title='bbox 484 2441 743 2485; x_wconf 87' lang='lat' dir='ltr'>nominantur,</span> <span class='ocrx_word' id='word_1_258' title='bbox 778 2441 867 2495; x_wconf 79' lang='lat' dir='ltr'>quja</span> 
     </span>
     <span class='ocr_line' id='line_1_50' title="bbox 89 2490 868 2542; baseline -0.005 -14"><span class='ocrx_word' id='word_1_259' title='bbox 89 2491 174 2528; x_wconf 87' lang='lat' dir='ltr'>istis</span> <span class='ocrx_word' id='word_1_260' title='bbox 208 2490 467 2538; x_wconf 82' lang='lat' dir='ltr'>principaliter</span> <span class='ocrx_word' id='word_1_261' title='bbox 498 2490 678 2542; x_wconf 42' lang='lat' dir='ltr'>sacta-est</span> <span class='ocrx_word' id='word_1_262' title='bbox 709 2499 868 2535; x_wconf 89' lang='lat' dir='ltr'>promis-</span> 
     </span>
     <span class='ocr_line' id='line_1_51' title="bbox 88 2536 866 2584; baseline -0.005 -9"><span class='ocrx_word' id='word_1_263' title='bbox 88 2538 146 2575; x_wconf 85' lang='lat' dir='ltr'>sio</span> <span class='ocrx_word' id='word_1_264' title='bbox 173 2538 219 2575; x_wconf 91' lang='lat' dir='ltr'>de</span> <span class='ocrx_word' id='word_1_265' title='bbox 241 2543 342 2575; x_wconf 89' lang='lat' dir='ltr'>terra</span> <span class='ocrx_word' id='word_1_266' title='bbox 367 2536 643 2584; x_wconf 75' lang='lat' dir='ltr'>promissionis,</span> <span class='ocrx_word' id='word_1_267' title='bbox 665 2547 732 2582; x_wconf 90' lang='lat' dir='ltr'>per</span> <span class='ocrx_word' id='word_1_268' title='bbox 753 2547 866 2582; x_wconf 87' lang='lat' dir='ltr'>quam</span> 
     </span>
     <span class='ocr_line' id='line_1_52' title="bbox 88 2583 867 2636; baseline -0.006 -13"><span class='ocrx_word' id='word_1_269' title='bbox 88 2585 214 2633; x_wconf 89' lang='lat' dir='ltr'>patria</span> <span class='ocrx_word' id='word_1_270' title='bbox 252 2587 448 2622; x_wconf 89' lang='lat' dir='ltr'>beatorum</span> <span class='ocrx_word' id='word_1_271' title='bbox 489 2583 738 2629; x_wconf 75' lang='lat' dir='ltr'>significatur.</span> <span class='ocrx_word' id='word_1_272' title='bbox 778 2585 867 2636; x_wconf 64' lang='lat' dir='ltr'>Filii</span> 
     </span>
     <span class='ocr_line' id='line_1_53' title="bbox 89 2630 866 2684; baseline -0.004 -14"><span class='ocrx_word' id='word_1_273' title='bbox 89 2637 211 2670; x_wconf 84' lang='lat' dir='ltr'>autem</span> <span class='ocrx_word' id='word_1_274' title='bbox 231 2635 348 2678; x_wconf 68' lang='lat' dir='ltr'>reyni.</span> <span class='ocrx_word' id='word_1_275' title='bbox 371 2632 409 2668; x_wconf 90' lang='lat' dir='ltr'>id</span> <span class='ocrx_word' id='word_1_276' title='bbox 429 2635 486 2668; x_wconf 88' lang='lat' dir='ltr'>est</span> <span class='ocrx_word' id='word_1_277' title='bbox 509 2630 646 2684; x_wconf 46' lang='lat' dir='ltr'>Judini,</span> <span class='ocrx_word' id='word_1_278' title='bbox 669 2630 707 2666; x_wconf 92' lang='lat' dir='ltr'>in</span> <span class='ocrx_word' id='word_1_279' title='bbox 728 2631 866 2683; x_wconf 76' lang='lat' dir='ltr'>quibus</span> 
     </span>
     <span class='ocr_line' id='line_1_54' title="bbox 90 2678 867 2731; baseline -0.005 -14"><span class='ocrx_word' id='word_1_280' title='bbox 90 2681 276 2727; x_wconf 81' lang='lat' dir='ltr'>regnabat</span> <span class='ocrx_word' id='word_1_281' title='bbox 305 2682 415 2717; x_wconf 87' lang='lat' dir='ltr'>Deus.</span> <span class='ocrx_word' id='word_1_282' title='bbox 442 2679 498 2715; x_wconf 85' lang='lat' dir='ltr'>vel</span> <span class='ocrx_word' id='word_1_283' title='bbox 532 2678 598 2714; x_wconf 84' lang='lat' dir='ltr'>filii</span> <span class='ocrx_word' id='word_1_284' title='bbox 633 2689 735 2730; x_wconf 77' lang='lat' dir='ltr'>regni</span> <span class='ocrx_word' id='word_1_285' title='bbox 759 2688 867 2731; x_wconf 74' lang='lat' dir='ltr'>yoca-</span> 
     </span>
     <span class='ocr_line' id='line_1_55' title="bbox 90 2725 862 2778; baseline -0.003 -14"><span class='ocrx_word' id='word_1_286' title='bbox 90 2727 210 2771; x_wconf 84' lang='lat' dir='ltr'>tione,</span> <span class='ocrx_word' id='word_1_287' title='bbox 235 2739 311 2764; x_wconf 89' lang='lat' dir='ltr'>non</span> <span class='ocrx_word' id='word_1_288' title='bbox 348 2725 556 2770; x_wconf 86' lang='lat' dir='ltr'>electione;</span> <span class='ocrx_word' id='word_1_289' title='bbox 597 2736 862 2778; x_wconf 77' lang='lat' dir='ltr'>promissione,</span> 
     </span>
     <span class='ocr_line' id='line_1_56' title="bbox 92 2774 860 2821; baseline -0.003 -9"><span class='ocrx_word' id='word_1_290' title='bbox 92 2785 169 2812; x_wconf 90' lang='lat' dir='ltr'>non</span> <span class='ocrx_word' id='word_1_291' title='bbox 190 2774 482 2820; x_wconf 88' lang='lat' dir='ltr'>consecutione;</span> <span class='ocrx_word' id='word_1_292' title='bbox 506 2783 574 2810; x_wconf 89' lang='lat' dir='ltr'>sua</span> <span class='ocrx_word' id='word_1_293' title='bbox 607 2776 860 2821; x_wconf 85' lang='lat' dir='ltr'>reputatione,</span> 
     </span>
    </p>
   </div>
   <div class='ocr_carea' id='block_1_3' title="bbox 1671 164 1734 199">
    <p class='ocr_par' dir='ltr' id='par_1_4' title="bbox 1671 164 1734 199">
     <span class='ocr_line' id='line_1_57' title="bbox 1671 164 1734 199; baseline 0 0"><span class='ocrx_word' id='word_1_294' title='bbox 1671 164 1734 199; x_wconf 88' lang='lat'>351</span> 
     </span>
    </p>
   </div>
   <div class='ocr_carea' id='block_1_4' title="bbox 937 230 1744 2821">
    <p class='ocr_par' dir='ltr' id='par_1_5' title="bbox 948 230 1740 1548">
     <span class='ocr_line' id='line_1_58' title="bbox 952 230 1732 277; baseline 0.012 -14"><span class='ocrx_word' id='word_1_295' title='bbox 952 238 1025 264; x_wconf 90' lang='lat' dir='ltr'>non</span> <span class='ocrx_word' id='word_1_296' title='bbox 1048 239 1110 272; x_wconf 87' lang='lat' dir='ltr'>rc;</span> <span class='ocrx_word' id='word_1_297' title='bbox 1137 230 1197 275; x_wconf 87' lang='lat' dir='ltr'>qui</span> <span class='ocrx_word' id='word_1_298' title='bbox 1222 241 1288 276; x_wconf 89' lang='lat' dir='ltr'>pro</span> <span class='ocrx_word' id='word_1_299' title='bbox 1310 242 1426 277; x_wconf 83' lang='lat' dir='ltr'>regno</span> <span class='ocrx_word' id='word_1_300' title='bbox 1449 232 1626 270; x_wconf 88' lang='lat' dir='ltr'>habendo</span> <span class='ocrx_word' id='word_1_301' title='bbox 1642 234 1732 272; x_wconf 84' lang='lat' dir='ltr'>facti</span> 
     </span>
     <span class='ocr_line' id='line_1_59' title="bbox 953 275 1733 328; baseline 0.013 -19"><span class='ocrx_word' id='word_1_302' title='bbox 953 275 1117 318; x_wconf 81' lang='lat' dir='ltr'>suerunt,</span> <span class='ocrx_word' id='word_1_303' title='bbox 1137 277 1202 312; x_wconf 87' lang='lat' dir='ltr'>sed</span> <span class='ocrx_word' id='word_1_304' title='bbox 1222 288 1260 313; x_wconf 89' lang='lat' dir='ltr'>se</span> <span class='ocrx_word' id='word_1_305' title='bbox 1276 277 1450 324; x_wconf 75' lang='lat' dir='ltr'>indignos</span> <span class='ocrx_word' id='word_1_306' title='bbox 1469 281 1733 328; x_wconf 81' lang='lat' dir='ltr'>reddiderunt,</span> 
     </span>
     <span class='ocr_line' id='line_1_60' title="bbox 951 322 1736 374; baseline 0.013 -19"><span class='ocrx_word' id='word_1_307' title='bbox 951 322 1157 364; x_wconf 73' lang='lat' dir='ltr'>ejicientur,</span> <span class='ocrx_word' id='word_1_308' title='bbox 1176 335 1198 359; x_wconf 89' lang='lat' dir='ltr'>a</span> <span class='ocrx_word' id='word_1_309' title='bbox 1225 325 1318 360; x_wconf 85' lang='lat' dir='ltr'>l&#39;acie</span> <span class='ocrx_word' id='word_1_310' title='bbox 1358 330 1394 362; x_wconf 86' lang='lat' dir='ltr'>et</span> <span class='ocrx_word' id='word_1_311' title='bbox 1430 327 1573 364; x_wconf 68' lang='lat' dir='ltr'>visione</span> <span class='ocrx_word' id='word_1_312' title='bbox 1595 328 1676 374; x_wconf 82' lang='lat' dir='ltr'>Dei,</span> <span class='ocrx_word' id='word_1_313' title='bbox 1695 331 1736 365; x_wconf 81' lang='lat' dir='ltr'>in</span> 
     </span>
     <span class='ocr_line' id='line_1_61' title="bbox 953 370 1738 418; baseline 0.015 -17"><span class='ocrx_word' id='word_1_314' title='bbox 953 370 1117 403; x_wconf 73' lang='lat' dir='ltr'>tenebras</span> <span class='ocrx_word' id='word_1_315' title='bbox 1138 374 1346 413; x_wconf 65' lang='lat' dir='ltr'>exteriores,</span> <span class='ocrx_word' id='word_1_316' title='bbox 1372 373 1460 418; x_wconf 82' lang='lat' dir='ltr'>quia</span> <span class='ocrx_word' id='word_1_317' title='bbox 1480 374 1515 410; x_wconf 92' lang='lat' dir='ltr'>in</span> <span class='ocrx_word' id='word_1_318' title='bbox 1540 386 1579 411; x_wconf 89' lang='lat' dir='ltr'>sc</span> <span class='ocrx_word' id='word_1_319' title='bbox 1595 376 1738 412; x_wconf 84' lang='lat' dir='ltr'>liabent</span> 
     </span>
     <span class='ocr_line' id='line_1_62' title="bbox 952 413 1739 465; baseline 0.015 -17"><span class='ocrx_word' id='word_1_320' title='bbox 952 413 1171 457; x_wconf 66' lang='lat' dir='ltr'>interior-052</span> <span class='ocrx_word' id='word_1_321' title='bbox 1197 420 1361 454; x_wconf 76' lang='lat' dir='ltr'>toneliric</span> <span class='ocrx_word' id='word_1_322' title='bbox 1389 421 1520 465; x_wconf 70' lang='lat' dir='ltr'>primur„</span> <span class='ocrx_word' id='word_1_323' title='bbox 1547 426 1637 458; x_wconf 89' lang='lat' dir='ltr'>sunt</span> <span class='ocrx_word' id='word_1_324' title='bbox 1657 423 1739 460; x_wconf 86' lang='lat' dir='ltr'>cul-</span> 
     </span>
     <span class='ocr_line' id='line_1_63' title="bbox 951 461 1739 515; baseline 0.015 -20"><span class='ocrx_word' id='word_1_325' title='bbox 951 472 1022 506; x_wconf 63' lang='lat' dir='ltr'>pae,</span> <span class='ocrx_word' id='word_1_326' title='bbox 1046 461 1128 497; x_wconf 81' lang='lat' dir='ltr'>aliae</span> <span class='ocrx_word' id='word_1_327' title='bbox 1151 468 1277 500; x_wconf 86' lang='lat' dir='ltr'>antem</span> <span class='ocrx_word' id='word_1_328' title='bbox 1306 472 1391 501; x_wconf 82' lang='lat' dir='ltr'>sunt</span> <span class='ocrx_word' id='word_1_329' title='bbox 1408 470 1606 512; x_wconf 70' lang='lat' dir='ltr'>geliennai.</span> <span class='ocrx_word' id='word_1_330' title='bbox 1631 471 1739 515; x_wconf 86' lang='lat' dir='ltr'>Nam,</span> 
     </span>
     <span class='ocr_line' id='line_1_64' title="bbox 952 509 1740 554; baseline 0.013 -11"><span class='ocrx_word' id='word_1_331' title='bbox 952 509 1159 545; x_wconf 87' lang='lat' dir='ltr'>secundum</span> <span class='ocrx_word' id='word_1_332' title='bbox 1191 512 1418 554; x_wconf 63' lang='lat' dir='ltr'>Gregsoiinm,</span> <span class='ocrx_word' id='word_1_333' title='bbox 1443 514 1645 552; x_wconf 86' lang='lat' dir='ltr'>interiores</span> <span class='ocrx_word' id='word_1_334' title='bbox 1680 520 1740 553; x_wconf 89' lang='lat' dir='ltr'>te-</span> 
     </span>
     <span class='ocr_line' id='line_1_65' title="bbox 953 557 1740 600; baseline 0.013 -10"><span class='ocrx_word' id='word_1_335' title='bbox 953 557 1080 591; x_wconf 80' lang='lat' dir='ltr'>nebrae</span> <span class='ocrx_word' id='word_1_336' title='bbox 1108 560 1196 591; x_wconf 85' lang='lat' dir='ltr'>sunt</span> <span class='ocrx_word' id='word_1_337' title='bbox 1227 559 1376 595; x_wconf 64' lang='lat' dir='ltr'>ram-itas</span> <span class='ocrx_word' id='word_1_338' title='bbox 1412 562 1572 598; x_wconf 84' lang='lat' dir='ltr'>mentis:</span> <span class='ocrx_word' id='word_1_339' title='bbox 1599 563 1740 600; x_wconf 74' lang='lat' dir='ltr'>exteri-</span> 
     </span>
     <span class='ocr_line' id='line_1_66' title="bbox 952 606 1734 647; baseline 0.013 -10"><span class='ocrx_word' id='word_1_340' title='bbox 952 613 1051 645; x_wconf 90' lang='lat' dir='ltr'>ores,</span> <span class='ocrx_word' id='word_1_341' title='bbox 1075 606 1217 639; x_wconf 82' lang='lat' dir='ltr'>aeterna</span> <span class='ocrx_word' id='word_1_342' title='bbox 1247 616 1317 640; x_wconf 80' lang='lat' dir='ltr'>nox</span> <span class='ocrx_word' id='word_1_343' title='bbox 1350 608 1619 645; x_wconf 71' lang='lat' dir='ltr'>damnationis.</span> <span class='ocrx_word' id='word_1_344' title='bbox 1645 611 1734 647; x_wconf 90' lang='lat' dir='ltr'>Ideo</span> 
     </span>
     <span class='ocr_line' id='line_1_67' title="bbox 951 650 1735 694; baseline 0.011 -9"><span class='ocrx_word' id='word_1_345' title='bbox 951 654 1077 685; x_wconf 87' lang='lat' dir='ltr'>autem</span> <span class='ocrx_word' id='word_1_346' title='bbox 1102 650 1282 686; x_wconf 88' lang='lat' dir='ltr'>dicuntur</span> <span class='ocrx_word' id='word_1_347' title='bbox 1314 653 1359 688; x_wconf 84' lang='lat' dir='ltr'>ibi</span> <span class='ocrx_word' id='word_1_348' title='bbox 1383 666 1464 690; x_wconf 74' lang='lat' dir='ltr'>esse</span> <span class='ocrx_word' id='word_1_349' title='bbox 1487 658 1653 693; x_wconf 77' lang='lat' dir='ltr'>tenebrae</span> <span class='ocrx_word' id='word_1_350' title='bbox 1676 668 1735 694; x_wconf 86' lang='lat' dir='ltr'>ex-</span> 
     </span>
     <span class='ocr_line' id='line_1_68' title="bbox 952 696 1732 747; baseline 0.012 -16"><span class='ocrx_word' id='word_1_351' title='bbox 952 696 1124 741; x_wconf 89' lang='lat' dir='ltr'>teriores,</span> <span class='ocrx_word' id='word_1_352' title='bbox 1146 697 1237 743; x_wconf 89' lang='lat' dir='ltr'>quia</span> <span class='ocrx_word' id='word_1_353' title='bbox 1271 698 1357 735; x_wconf 78' lang='lat' dir='ltr'>licet</span> <span class='ocrx_word' id='word_1_354' title='bbox 1391 701 1439 736; x_wconf 80' lang='lat' dir='ltr'>ibi</span> <span class='ocrx_word' id='word_1_355' title='bbox 1475 704 1523 737; x_wconf 82' lang='lat' dir='ltr'>sit</span> <span class='ocrx_word' id='word_1_356' title='bbox 1546 703 1654 747; x_wconf 77' lang='lat' dir='ltr'>ignis,</span> <span class='ocrx_word' id='word_1_357' title='bbox 1676 708 1732 740; x_wconf 90' lang='lat' dir='ltr'>ta-</span> 
     </span>
     <span class='ocr_line' id='line_1_69' title="bbox 953 745 1735 787; baseline 0.012 -8"><span class='ocrx_word' id='word_1_358' title='bbox 953 754 1037 780; x_wconf 88' lang='lat' dir='ltr'>men</span> <span class='ocrx_word' id='word_1_359' title='bbox 1055 755 1129 780; x_wconf 92' lang='lat' dir='ltr'>non</span> <span class='ocrx_word' id='word_1_360' title='bbox 1147 745 1305 781; x_wconf 82' lang='lat' dir='ltr'>lucetad</span> <span class='ocrx_word' id='word_1_361' title='bbox 1334 749 1612 785; x_wconf 77' lang='lat' dir='ltr'>ostendendum</span> <span class='ocrx_word' id='word_1_362' title='bbox 1633 751 1735 787; x_wconf 88' lang='lat' dir='ltr'>dam-</span> 
     </span>
     <span class='ocr_line' id='line_1_70' title="bbox 952 791 1734 843; baseline 0.01 -17"><span class='ocrx_word' id='word_1_363' title='bbox 952 791 1049 827; x_wconf 88' lang='lat' dir='ltr'>natis</span> <span class='ocrx_word' id='word_1_364' title='bbox 1065 791 1207 838; x_wconf 90' lang='lat' dir='ltr'>aliquid</span> <span class='ocrx_word' id='word_1_365' title='bbox 1219 793 1266 828; x_wconf 87' lang='lat' dir='ltr'>ad</span> <span class='ocrx_word' id='word_1_366' title='bbox 1277 804 1406 829; x_wconf 87' lang='lat' dir='ltr'>eorum</span> <span class='ocrx_word' id='word_1_367' title='bbox 1419 796 1734 843; x_wconf 80' lang='lat' dir='ltr'>consolationem,</span> 
     </span>
     <span class='ocr_line' id='line_1_71' title="bbox 953 839 1734 881; baseline 0.009 -7"><span class='ocrx_word' id='word_1_368' title='bbox 953 839 1018 874; x_wconf 89' lang='lat' dir='ltr'>sed</span> <span class='ocrx_word' id='word_1_369' title='bbox 1051 839 1099 874; x_wconf 91' lang='lat' dir='ltr'>ad</span> <span class='ocrx_word' id='word_1_370' title='bbox 1141 850 1272 876; x_wconf 86' lang='lat' dir='ltr'>eorum</span> <span class='ocrx_word' id='word_1_371' title='bbox 1305 841 1594 878; x_wconf 77' lang='lat' dir='ltr'>desolationem.</span> <span class='ocrx_word' id='word_1_372' title='bbox 1627 844 1734 881; x_wconf 87' lang='lat' dir='ltr'>Unde</span> 
     </span>
     <span class='ocr_line' id='line_1_72' title="bbox 951 886 1734 933; baseline 0.009 -13"><span class='ocrx_word' id='word_1_373' title='bbox 951 886 1116 921; x_wconf 73' lang='lat' dir='ltr'>Isidorus</span> <span class='ocrx_word' id='word_1_374' title='bbox 1130 899 1140 920; x_wconf 92' lang='lat'>.·</span> <span class='ocrx_word' id='word_1_375' title='bbox 1155 901 1172 918; x_wconf 85' lang='lat'>‹&lt;</span> <span class='ocrx_word' id='word_1_376' title='bbox 1186 888 1286 933; x_wconf 87' lang='lat' dir='ltr'>Ignis</span> <span class='ocrx_word' id='word_1_377' title='bbox 1299 889 1481 933; x_wconf 65' lang='lat' dir='ltr'>geliennze</span> <span class='ocrx_word' id='word_1_378' title='bbox 1504 890 1644 927; x_wconf 88' lang='lat' dir='ltr'>lucebit</span> <span class='ocrx_word' id='word_1_379' title='bbox 1664 890 1734 927; x_wconf 84' lang='lat' dir='ltr'>ini-</span> 
     </span>
     <span class='ocr_line' id='line_1_73' title="bbox 953 933 1736 982; baseline 0.008 -14"><span class='ocrx_word' id='word_1_380' title='bbox 953 933 1060 977; x_wconf 86' lang='lat' dir='ltr'>seris,</span> <span class='ocrx_word' id='word_1_381' title='bbox 1074 934 1120 968; x_wconf 69' lang='lat' dir='ltr'>aul</span> <span class='ocrx_word' id='word_1_382' title='bbox 1132 933 1294 977; x_wconf 66' lang='lat' dir='ltr'>miseriae</span> <span class='ocrx_word' id='word_1_383' title='bbox 1307 940 1567 982; x_wconf 81' lang='lat' dir='ltr'>angmentum,</span> <span class='ocrx_word' id='word_1_384' title='bbox 1582 941 1621 973; x_wconf 85' lang='lat' dir='ltr'>ut</span> <span class='ocrx_word' id='word_1_385' title='bbox 1635 937 1736 974; x_wconf 90' lang='lat' dir='ltr'>vide-</span> 
     </span>
     <span class='ocr_line' id='line_1_74' title="bbox 951 981 1736 1026; baseline 0.008 -10"><span class='ocrx_word' id='word_1_386' title='bbox 951 985 1019 1016; x_wconf 86' lang='lat' dir='ltr'>ant</span> <span class='ocrx_word' id='word_1_387' title='bbox 1040 981 1141 1016; x_wconf 91' lang='lat' dir='ltr'>unde</span> <span class='ocrx_word' id='word_1_388' title='bbox 1163 981 1334 1026; x_wconf 83' lang='lat' dir='ltr'>doleant3</span> <span class='ocrx_word' id='word_1_389' title='bbox 1358 994 1431 1018; x_wconf 90' lang='lat' dir='ltr'>non</span> <span class='ocrx_word' id='word_1_390' title='bbox 1460 984 1506 1019; x_wconf 87' lang='lat' dir='ltr'>ad</span> <span class='ocrx_word' id='word_1_391' title='bbox 1534 984 1736 1022; x_wconf 88' lang='lat' dir='ltr'>consolati-</span> 
     </span>
     <span class='ocr_line' id='line_1_75' title="bbox 952 1028 1734 1077; baseline 0.01 -16"><span class='ocrx_word' id='word_1_392' title='bbox 952 1038 1078 1069; x_wconf 78' lang='lat' dir='ltr'>onem,</span> <span class='ocrx_word' id='word_1_393' title='bbox 1102 1031 1142 1063; x_wconf 91' lang='lat' dir='ltr'>ut</span> <span class='ocrx_word' id='word_1_394' title='bbox 1179 1028 1330 1064; x_wconf 85' lang='lat' dir='ltr'>videant</span> <span class='ocrx_word' id='word_1_395' title='bbox 1368 1031 1468 1066; x_wconf 89' lang='lat' dir='ltr'>unde</span> <span class='ocrx_word' id='word_1_396' title='bbox 1487 1032 1694 1077; x_wconf 75' lang='lat' dir='ltr'>gaudeant.</span> <span class='ocrx_word' id='word_1_397' title='bbox 1714 1046 1734 1065; x_wconf 95' lang='lat'>»</span> 
     </span>
     <span class='ocr_line' id='line_1_76' title="bbox 953 1075 1735 1123; baseline 0.009 -14"><span class='ocrx_word' id='word_1_398' title='bbox 953 1075 1087 1110; x_wconf 89' lang='lat' dir='ltr'>Subdit</span> <span class='ocrx_word' id='word_1_399' title='bbox 1101 1079 1242 1111; x_wconf 86' lang='lat' dir='ltr'>autem:</span> <span class='ocrx_word' id='word_1_400' title='bbox 1256 1078 1312 1111; x_wconf 83' lang='lat' dir='ltr'>Ibi</span> <span class='ocrx_word' id='word_1_401' title='bbox 1326 1079 1507 1121; x_wconf 79' lang='lat' dir='ltr'>eritsletiis</span> <span class='ocrx_word' id='word_1_402' title='bbox 1522 1079 1735 1123; x_wconf 85' lang='lat' dir='ltr'>oculorum,</span> 
     </span>
     <span class='ocr_line' id='line_1_77' title="bbox 952 1122 1737 1171; baseline 0.008 -14"><span class='ocrx_word' id='word_1_403' title='bbox 952 1132 995 1157; x_wconf 83' lang='lat' dir='ltr'>ex</span> <span class='ocrx_word' id='word_1_404' title='bbox 1022 1122 1176 1158; x_wconf 82' lang='lat' dir='ltr'>sunio-et</span> <span class='ocrx_word' id='word_1_405' title='bbox 1197 1123 1320 1159; x_wconf 80' lang='lat' dir='ltr'>calore</span> <span class='ocrx_word' id='word_1_406' title='bbox 1338 1123 1448 1169; x_wconf 76' lang='lat' dir='ltr'>ignis,</span> <span class='ocrx_word' id='word_1_407' title='bbox 1462 1137 1505 1161; x_wconf 86' lang='lat' dir='ltr'>eo</span> <span class='ocrx_word' id='word_1_408' title='bbox 1520 1126 1620 1171; x_wconf 87' lang='lat' dir='ltr'>quod</span> <span class='ocrx_word' id='word_1_409' title='bbox 1634 1137 1737 1163; x_wconf 90' lang='lat' dir='ltr'>mors</span> 
     </span>
     <span class='ocr_line' id='line_1_78' title="bbox 951 1168 1737 1218; baseline 0.009 -15"><span class='ocrx_word' id='word_1_410' title='bbox 951 1168 1106 1204; x_wconf 86' lang='lat' dir='ltr'>intravit</span> <span class='ocrx_word' id='word_1_411' title='bbox 1134 1180 1201 1215; x_wconf 92' lang='lat' dir='ltr'>pcr</span> <span class='ocrx_word' id='word_1_412' title='bbox 1223 1171 1422 1216; x_wconf 77' lang='lat' dir='ltr'>fenestras,</span> <span class='ocrx_word' id='word_1_413' title='bbox 1446 1173 1533 1218; x_wconf 74' lang='lat' dir='ltr'>quia</span> <span class='ocrx_word' id='word_1_414' title='bbox 1552 1184 1627 1209; x_wconf 93' lang='lat' dir='ltr'>non</span> <span class='ocrx_word' id='word_1_415' title='bbox 1649 1173 1737 1210; x_wconf 84' lang='lat' dir='ltr'>licet</span> 
     </span>
     <span class='ocr_line' id='line_1_79' title="bbox 951 1215 1733 1267; baseline 0.008 -17"><span class='ocrx_word' id='word_1_416' title='bbox 951 1215 1106 1260; x_wconf 88' lang='lat' dir='ltr'>intueri,</span> <span class='ocrx_word' id='word_1_417' title='bbox 1127 1217 1228 1262; x_wconf 90' lang='lat' dir='ltr'>quod</span> <span class='ocrx_word' id='word_1_418' title='bbox 1267 1228 1342 1253; x_wconf 93' lang='lat' dir='ltr'>non</span> <span class='ocrx_word' id='word_1_419' title='bbox 1380 1219 1466 1255; x_wconf 79' lang='lat' dir='ltr'>licet</span> <span class='ocrx_word' id='word_1_420' title='bbox 1493 1220 1733 1267; x_wconf 79' lang='lat' dir='ltr'>concupisci;</span> 
     </span>
     <span class='ocr_line' id='line_1_80' title="bbox 951 1264 1735 1314; baseline 0.009 -17"><span class='ocrx_word' id='word_1_421' title='bbox 951 1266 985 1298; x_wconf 83' lang='lat' dir='ltr'>et</span> <span class='ocrx_word' id='word_1_422' title='bbox 1015 1264 1154 1299; x_wconf 82' lang='lat' dir='ltr'>stridor</span> <span class='ocrx_word' id='word_1_423' title='bbox 1184 1265 1351 1300; x_wconf 72' lang='lat' dir='ltr'>dentiam</span> <span class='ocrx_word' id='word_1_424' title='bbox 1385 1277 1427 1301; x_wconf 83' lang='lat' dir='ltr'>ex</span> <span class='ocrx_word' id='word_1_425' title='bbox 1460 1267 1614 1312; x_wconf 77' lang='lat' dir='ltr'>frigore,</span> <span class='ocrx_word' id='word_1_426' title='bbox 1645 1267 1735 1314; x_wconf 91' lang='lat' dir='ltr'>quia</span> 
     </span>
     <span class='ocr_line' id='line_1_81' title="bbox 952 1309 1733 1359; baseline 0.008 -14"><span class='ocrx_word' id='word_1_427' title='bbox 952 1309 1012 1345; x_wconf 87' lang='lat' dir='ltr'>liic</span> <span class='ocrx_word' id='word_1_428' title='bbox 1038 1311 1253 1356; x_wconf 82' lang='lat' dir='ltr'>gaudebant</span> <span class='ocrx_word' id='word_1_429' title='bbox 1273 1312 1318 1348; x_wconf 90' lang='lat' dir='ltr'>de</span> <span class='ocrx_word' id='word_1_430' title='bbox 1340 1313 1539 1350; x_wconf 74' lang='lat' dir='ltr'>edacitate.</span> <span class='ocrx_word' id='word_1_431' title='bbox 1562 1314 1642 1359; x_wconf 89' lang='lat' dir='ltr'>Vel,</span> <span class='ocrx_word' id='word_1_432' title='bbox 1662 1316 1733 1351; x_wconf 88' lang='lat' dir='ltr'>fle-</span> 
     </span>
     <span class='ocr_line' id='line_1_82' title="bbox 952 1359 1731 1404; baseline 0.008 -12"><span class='ocrx_word' id='word_1_433' title='bbox 952 1360 1012 1393; x_wconf 87' lang='lat' dir='ltr'>tus</span> <span class='ocrx_word' id='word_1_434' title='bbox 1048 1368 1092 1393; x_wconf 79' lang='lat' dir='ltr'>ex</span> <span class='ocrx_word' id='word_1_435' title='bbox 1133 1359 1307 1404; x_wconf 68' lang='lat' dir='ltr'>angustia</span> <span class='ocrx_word' id='word_1_436' title='bbox 1340 1360 1469 1403; x_wconf 89' lang='lat' dir='ltr'>animi,</span> <span class='ocrx_word' id='word_1_437' title='bbox 1508 1361 1648 1397; x_wconf 89' lang='lat' dir='ltr'>stridor</span> <span class='ocrx_word' id='word_1_438' title='bbox 1687 1372 1731 1398; x_wconf 88' lang='lat' dir='ltr'>ex</span> 
     </span>
     <span class='ocr_line' id='line_1_83' title="bbox 950 1404 1735 1455; baseline 0.008 -16"><span class='ocrx_word' id='word_1_439' title='bbox 950 1404 1183 1451; x_wconf 83' lang='lat' dir='ltr'>indignantis</span> <span class='ocrx_word' id='word_1_440' title='bbox 1203 1407 1354 1450; x_wconf 75' lang='lat' dir='ltr'>affectu,</span> <span class='ocrx_word' id='word_1_441' title='bbox 1374 1418 1417 1443; x_wconf 90' lang='lat' dir='ltr'>eo</span> <span class='ocrx_word' id='word_1_442' title='bbox 1440 1409 1539 1453; x_wconf 77' lang='lat' dir='ltr'>quod</span> <span class='ocrx_word' id='word_1_443' title='bbox 1557 1419 1641 1444; x_wconf 88' lang='lat' dir='ltr'>sero</span> <span class='ocrx_word' id='word_1_444' title='bbox 1659 1418 1735 1455; x_wconf 86' lang='lat' dir='ltr'>poe-</span> 
     </span>
     <span class='ocr_line' id='line_1_84' title="bbox 952 1451 1734 1499; baseline 0.006 -12"><span class='ocrx_word' id='word_1_445' title='bbox 952 1451 1147 1487; x_wconf 86' lang='lat' dir='ltr'>nituerunt</span> <span class='ocrx_word' id='word_1_446' title='bbox 1180 1453 1226 1489; x_wconf 89' lang='lat' dir='ltr'>de</span> <span class='ocrx_word' id='word_1_447' title='bbox 1254 1459 1406 1499; x_wconf 77' lang='lat' dir='ltr'>peccato</span> <span class='ocrx_word' id='word_1_448' title='bbox 1428 1466 1435 1490; x_wconf 90' lang='lat'><strong>:</strong></span> <span class='ocrx_word' id='word_1_449' title='bbox 1463 1459 1500 1491; x_wconf 91' lang='lat' dir='ltr'>et</span> <span class='ocrx_word' id='word_1_450' title='bbox 1521 1455 1557 1491; x_wconf 92' lang='lat' dir='ltr'>in</span> <span class='ocrx_word' id='word_1_451' title='bbox 1581 1456 1651 1491; x_wconf 90' lang='lat' dir='ltr'>hoc</span> <span class='ocrx_word' id='word_1_452' title='bbox 1672 1466 1734 1493; x_wconf 88' lang='lat' dir='ltr'>os-</span> 
     </span>
     <span class='ocr_line' id='line_1_85' title="bbox 948 1499 1683 1548; baseline 0.007 -14"><span class='ocrx_word' id='word_1_453' title='bbox 948 1499 1116 1535; x_wconf 76' lang='lat' dir='ltr'>tenditur</span> <span class='ocrx_word' id='word_1_454' title='bbox 1138 1502 1416 1537; x_wconf 79' lang='lat' dir='ltr'>tormentorum</span> <span class='ocrx_word' id='word_1_455' title='bbox 1445 1502 1683 1548; x_wconf 83' lang='lat' dir='ltr'>magnitudo.</span> 
     </span>
    </p>

    <p class='ocr_par' dir='ltr' id='par_1_6' title="bbox 937 1547 1744 2821">
     <span class='ocr_line' id='line_1_86' title="bbox 997 1547 1735 1586; baseline 0.008 -5"><span class='ocrx_word' id='word_1_456' title='bbox 997 1549 1016 1581; x_wconf 86' lang='lat'>5</span> <span class='ocrx_word' id='word_1_457' title='bbox 1040 1547 1178 1582; x_wconf 72' lang='lat' dir='ltr'>Sanvus</span> <span class='ocrx_word' id='word_1_458' title='bbox 1212 1547 1455 1584; x_wconf 70' lang='lat' dir='ltr'>CENTL&#39;iiiole</span> <span class='ocrx_word' id='word_1_459' title='bbox 1488 1562 1664 1586; x_wconf 53' lang='lat' dir='ltr'>samma.</span> <span class='ocrx_word' id='word_1_460' title='bbox 1688 1570 1735 1577; x_wconf 89' lang='lat'>—·</span> 
     </span>
     <span class='ocr_line' id='line_1_87' title="bbox 947 1593 1737 1644; baseline 0.009 -17"><span class='ocrx_word' id='word_1_461' title='bbox 947 1595 995 1628; x_wconf 80' lang='lat' dir='ltr'>Et</span> <span class='ocrx_word' id='word_1_462' title='bbox 1015 1593 1114 1628; x_wconf 71' lang='lat' dir='ltr'>dimit</span> <span class='ocrx_word' id='word_1_463' title='bbox 1130 1596 1233 1630; x_wconf 78' lang='lat' dir='ltr'>Jesus</span> <span class='ocrx_word' id='word_1_464' title='bbox 1257 1596 1480 1641; x_wconf 68' lang='lat' dir='ltr'>centurioni,</span> <span class='ocrx_word' id='word_1_465' title='bbox 1507 1597 1649 1633; x_wconf 87' lang='lat' dir='ltr'>scilicet</span> <span class='ocrx_word' id='word_1_466' title='bbox 1668 1607 1737 1644; x_wconf 88' lang='lat' dir='ltr'>per</span> 
     </span>
     <span class='ocr_line' id='line_1_88' title="bbox 947 1639 1738 1688; baseline 0.006 -13"><span class='ocrx_word' id='word_1_467' title='bbox 947 1639 1198 1677; x_wconf 85' lang='lat' dir='ltr'>internuntios</span> <span class='ocrx_word' id='word_1_468' title='bbox 1214 1643 1472 1687; x_wconf 85' lang='lat' dir='ltr'>supradictos:</span> <span class='ocrx_word' id='word_1_469' title='bbox 1499 1644 1612 1688; x_wconf 82' lang='lat' dir='ltr'>Vade,</span> <span class='ocrx_word' id='word_1_470' title='bbox 1629 1644 1667 1680; x_wconf 91' lang='lat' dir='ltr'>id</span> <span class='ocrx_word' id='word_1_471' title='bbox 1680 1647 1738 1681; x_wconf 85' lang='lat' dir='ltr'>est</span> 
     </span>
     <span class='ocr_line' id='line_1_89' title="bbox 947 1689 1740 1737; baseline 0.006 -14"><span class='ocrx_word' id='word_1_472' title='bbox 947 1697 1103 1723; x_wconf 83' lang='lat' dir='ltr'>securus</span> <span class='ocrx_word' id='word_1_473' title='bbox 1131 1689 1348 1734; x_wconf 66' lang='lat' dir='ltr'>revertaris,</span> <span class='ocrx_word' id='word_1_474' title='bbox 1385 1694 1417 1725; x_wconf 76' lang='lat' dir='ltr'>et</span> <span class='ocrx_word' id='word_1_475' title='bbox 1446 1693 1540 1726; x_wconf 79' lang='lat' dir='ltr'>sicut</span> <span class='ocrx_word' id='word_1_476' title='bbox 1573 1691 1740 1737; x_wconf 81' lang='lat' dir='ltr'>perfecte</span> 
     </span>
     <span class='ocr_line' id='line_1_90' title="bbox 947 1735 1738 1781; baseline 0.008 -12"><span class='ocrx_word' id='word_1_477' title='bbox 947 1735 1154 1779; x_wconf 76' lang='lat' dir='ltr'>credidisti,</span> <span class='ocrx_word' id='word_1_478' title='bbox 1190 1736 1242 1771; x_wconf 86' lang='lat' dir='ltr'>sic</span> <span class='ocrx_word' id='word_1_479' title='bbox 1267 1739 1334 1781; x_wconf 75' lang='lat' dir='ltr'>siat</span> <span class='ocrx_word' id='word_1_480' title='bbox 1370 1738 1451 1777; x_wconf 83' lang='lat' dir='ltr'>tibi,</span> <span class='ocrx_word' id='word_1_481' title='bbox 1476 1737 1513 1773; x_wconf 87' lang='lat' dir='ltr'>in</span> <span class='ocrx_word' id='word_1_482' title='bbox 1540 1738 1738 1776; x_wconf 83' lang='lat' dir='ltr'>sanatione</span> 
     </span>
     <span class='ocr_line' id='line_1_91' title="bbox 947 1781 1742 1830; baseline 0.008 -13"><span class='ocrx_word' id='word_1_483' title='bbox 947 1781 1045 1817; x_wconf 86' lang='lat' dir='ltr'>servi</span> <span class='ocrx_word' id='word_1_484' title='bbox 1066 1781 1145 1826; x_wconf 82' lang='lat' dir='ltr'>tui3</span> <span class='ocrx_word' id='word_1_485' title='bbox 1171 1787 1214 1818; x_wconf 88' lang='lat' dir='ltr'>ut</span> <span class='ocrx_word' id='word_1_486' title='bbox 1230 1782 1326 1819; x_wconf 85' lang='lat' dir='ltr'>sicut</span> <span class='ocrx_word' id='word_1_487' title='bbox 1351 1794 1419 1830; x_wconf 85' lang='lat' dir='ltr'>per</span> <span class='ocrx_word' id='word_1_488' title='bbox 1443 1785 1597 1821; x_wconf 88' lang='lat' dir='ltr'>nuntios</span> <span class='ocrx_word' id='word_1_489' title='bbox 1619 1795 1742 1823; x_wconf 84' lang='lat' dir='ltr'>acces-</span> 
     </span>
     <span class='ocr_line' id='line_1_92' title="bbox 946 1828 1740 1876; baseline 0.008 -12"><span class='ocrx_word' id='word_1_490' title='bbox 946 1828 1055 1873; x_wconf 89' lang='lat' dir='ltr'>sisse,</span> <span class='ocrx_word' id='word_1_491' title='bbox 1095 1828 1148 1865; x_wconf 87' lang='lat' dir='ltr'>sic</span> <span class='ocrx_word' id='word_1_492' title='bbox 1185 1833 1222 1866; x_wconf 88' lang='lat' dir='ltr'>et</span> <span class='ocrx_word' id='word_1_493' title='bbox 1263 1841 1331 1876; x_wconf 91' lang='lat' dir='ltr'>per</span> <span class='ocrx_word' id='word_1_494' title='bbox 1369 1832 1523 1868; x_wconf 89' lang='lat' dir='ltr'>nuntios</span> <span class='ocrx_word' id='word_1_495' title='bbox 1565 1843 1740 1870; x_wconf 87' lang='lat' dir='ltr'>reversus</span> 
     </span>
     <span class='ocr_line' id='line_1_93' title="bbox 947 1876 1740 1922; baseline 0.008 -11"><span class='ocrx_word' id='word_1_496' title='bbox 947 1876 1060 1912; x_wconf 82' lang='lat' dir='ltr'>l&#39;uisse</span> <span class='ocrx_word' id='word_1_497' title='bbox 1105 1876 1352 1922; x_wconf 86' lang='lat' dir='ltr'>intelligatur.</span> <span class='ocrx_word' id='word_1_498' title='bbox 1401 1878 1466 1915; x_wconf 91' lang='lat' dir='ltr'>Ubi</span> <span class='ocrx_word' id='word_1_499' title='bbox 1515 1880 1690 1916; x_wconf 76' lang='lat' dir='ltr'>Rabanus</span> <span class='ocrx_word' id='word_1_500' title='bbox 1729 1894 1740 1916; x_wconf 86' lang='lat'>.-</span> 
     </span>
     <span class='ocr_line' id='line_1_94' title="bbox 947 1923 1742 1973; baseline 0.009 -16"><span class='ocrx_word' id='word_1_501' title='bbox 947 1936 965 1957; x_wconf 91' lang='lat'>«</span> <span class='ocrx_word' id='word_1_502' title='bbox 995 1923 1097 1959; x_wconf 88' lang='lat' dir='ltr'>Fidei</span> <span class='ocrx_word' id='word_1_503' title='bbox 1135 1925 1270 1960; x_wconf 86' lang='lat' dir='ltr'>merito</span> <span class='ocrx_word' id='word_1_504' title='bbox 1305 1925 1473 1961; x_wconf 80' lang='lat' dir='ltr'>ostendit</span> <span class='ocrx_word' id='word_1_505' title='bbox 1515 1926 1742 1973; x_wconf 90' lang='lat' dir='ltr'>impetrasse</span> 
     </span>
     <span class='ocr_line' id='line_1_95' title="bbox 945 1970 1740 2020; baseline 0.008 -15"><span class='ocrx_word' id='word_1_506' title='bbox 945 1970 1105 2006; x_wconf 89' lang='lat' dir='ltr'>salutem</span> <span class='ocrx_word' id='word_1_507' title='bbox 1131 1981 1253 2014; x_wconf 91' lang='lat' dir='ltr'>servo,</span> <span class='ocrx_word' id='word_1_508' title='bbox 1283 1975 1322 2007; x_wconf 90' lang='lat' dir='ltr'>ut</span> <span class='ocrx_word' id='word_1_509' title='bbox 1355 1972 1443 2008; x_wconf 83' lang='lat' dir='ltr'>fidei</span> <span class='ocrx_word' id='word_1_510' title='bbox 1469 1974 1586 2009; x_wconf 78' lang='lat' dir='ltr'>robur</span> <span class='ocrx_word' id='word_1_511' title='bbox 1620 1974 1740 2020; x_wconf 84' lang='lat' dir='ltr'>magis</span> 
     </span>
     <span class='ocr_line' id='line_1_96' title="bbox 944 2017 1740 2066; baseline 0.008 -14"><span class='ocrx_word' id='word_1_512' title='bbox 944 2017 982 2052; x_wconf 91' lang='lat' dir='ltr'>in</span> <span class='ocrx_word' id='word_1_513' title='bbox 1019 2027 1062 2053; x_wconf 92' lang='lat' dir='ltr'>eo</span> <span class='ocrx_word' id='word_1_514' title='bbox 1102 2022 1349 2062; x_wconf 73' lang='lat' dir='ltr'>accresceret,</span> <span class='ocrx_word' id='word_1_515' title='bbox 1394 2030 1467 2064; x_wconf 85' lang='lat' dir='ltr'>quo</span> <span class='ocrx_word' id='word_1_516' title='bbox 1504 2020 1740 2066; x_wconf 88' lang='lat' dir='ltr'>prospiceret</span> 
     </span>
     <span class='ocr_line' id='line_1_97' title="bbox 944 2065 1739 2113; baseline 0.008 -14"><span class='ocrx_word' id='word_1_517' title='bbox 944 2074 1189 2111; x_wconf 58' lang='lat' dir='ltr'>quaecumque</span> <span class='ocrx_word' id='word_1_518' title='bbox 1203 2065 1313 2101; x_wconf 79' lang='lat' dir='ltr'>vellet</span> <span class='ocrx_word' id='word_1_519' title='bbox 1324 2076 1390 2112; x_wconf 87' lang='lat' dir='ltr'>per</span> <span class='ocrx_word' id='word_1_520' title='bbox 1401 2066 1502 2102; x_wconf 90' lang='lat' dir='ltr'>illam</span> <span class='ocrx_word' id='word_1_521' title='bbox 1514 2067 1739 2113; x_wconf 86' lang='lat' dir='ltr'>impetrasse</span> 
     </span>
     <span class='ocr_line' id='line_1_98' title="bbox 944 2114 1736 2160; baseline 0.006 -13"><span class='ocrx_word' id='word_1_522' title='bbox 944 2122 982 2147; x_wconf 87' lang='lat' dir='ltr'>se</span> <span class='ocrx_word' id='word_1_523' title='bbox 1001 2122 1125 2157; x_wconf 90' lang='lat' dir='ltr'>posse.</span> <span class='ocrx_word' id='word_1_524' title='bbox 1147 2125 1164 2145; x_wconf 76' lang='lat' dir='ltr'>n</span> <span class='ocrx_word' id='word_1_525' title='bbox 1183 2114 1231 2148; x_wconf 79' lang='lat' dir='ltr'>Et</span> <span class='ocrx_word' id='word_1_526' title='bbox 1250 2117 1402 2148; x_wconf 70' lang='lat' dir='ltr'>-S&#39;alldtcis</span> <span class='ocrx_word' id='word_1_527' title='bbox 1423 2118 1474 2149; x_wconf 78' lang='lat' dir='ltr'>est</span> <span class='ocrx_word' id='word_1_528' title='bbox 1492 2125 1597 2160; x_wconf 75' lang='lat' dir='ltr'>puer,</span> <span class='ocrx_word' id='word_1_529' title='bbox 1621 2116 1736 2152; x_wconf 79' lang='lat' dir='ltr'>verbo</span> 
     </span>
     <span class='ocr_line' id='line_1_99' title="bbox 943 2158 1738 2209; baseline 0.005 -14"><span class='ocrx_word' id='word_1_530' title='bbox 943 2158 1079 2195; x_wconf 86' lang='lat' dir='ltr'>Christi</span> <span class='ocrx_word' id='word_1_531' title='bbox 1117 2159 1297 2203; x_wconf 86' lang='lat' dir='ltr'>absentis,</span> <span class='ocrx_word' id='word_1_532' title='bbox 1333 2163 1370 2195; x_wconf 84' lang='lat' dir='ltr'>in</span> <span class='ocrx_word' id='word_1_533' title='bbox 1403 2162 1470 2196; x_wconf 79' lang='lat' dir='ltr'>illd</span> <span class='ocrx_word' id='word_1_534' title='bbox 1509 2163 1611 2207; x_wconf 74' lang='lat' dir='ltr'>liora,</span> <span class='ocrx_word' id='word_1_535' title='bbox 1645 2163 1738 2209; x_wconf 87' lang='lat' dir='ltr'>quia</span> 
     </span>
     <span class='ocr_line' id='line_1_100' title="bbox 943 2205 1737 2256; baseline 0.006 -15"><span class='ocrx_word' id='word_1_536' title='bbox 943 2205 1112 2242; x_wconf 87' lang='lat' dir='ltr'>Christus</span> <span class='ocrx_word' id='word_1_537' title='bbox 1150 2207 1305 2252; x_wconf 89' lang='lat' dir='ltr'>protulit</span> <span class='ocrx_word' id='word_1_538' title='bbox 1343 2208 1413 2243; x_wconf 82' lang='lat' dir='ltr'>hoc</span> <span class='ocrx_word' id='word_1_539' title='bbox 1449 2209 1622 2254; x_wconf 86' lang='lat' dir='ltr'>verbum,</span> <span class='ocrx_word' id='word_1_540' title='bbox 1654 2210 1737 2256; x_wconf 83' lang='lat' dir='ltr'>liat,</span> 
     </span>
     <span class='ocr_line' id='line_1_101' title="bbox 943 2253 1738 2302; baseline 0.008 -14"><span class='ocrx_word' id='word_1_541' title='bbox 943 2263 1016 2299; x_wconf 80' lang='lat' dir='ltr'>quo</span> <span class='ocrx_word' id='word_1_542' title='bbox 1038 2253 1152 2289; x_wconf 88' lang='lat' dir='ltr'>etiam</span> <span class='ocrx_word' id='word_1_543' title='bbox 1174 2255 1287 2290; x_wconf 73' lang='lat' dir='ltr'>vei-bo</span> <span class='ocrx_word' id='word_1_544' title='bbox 1310 2254 1439 2290; x_wconf 88' lang='lat' dir='ltr'>omnia</span> <span class='ocrx_word' id='word_1_545' title='bbox 1470 2260 1596 2292; x_wconf 87' lang='lat' dir='ltr'>creata</span> <span class='ocrx_word' id='word_1_546' title='bbox 1624 2261 1738 2302; x_wconf 82' lang='lat' dir='ltr'>sunt;</span> 
     </span>
     <span class='ocr_line' id='line_1_102' title="bbox 941 2300 1740 2349; baseline 0.008 -14"><span class='ocrx_word' id='word_1_547' title='bbox 941 2303 983 2336; x_wconf 91' lang='lat' dir='ltr'>ut</span> <span class='ocrx_word' id='word_1_548' title='bbox 1013 2300 1108 2336; x_wconf 80' lang='lat' dir='ltr'>sides</span> <span class='ocrx_word' id='word_1_549' title='bbox 1134 2301 1375 2337; x_wconf 90' lang='lat' dir='ltr'>Centurionis</span> <span class='ocrx_word' id='word_1_550' title='bbox 1404 2302 1678 2349; x_wconf 80' lang='lat' dir='ltr'>verificaretur,</span> <span class='ocrx_word' id='word_1_551' title='bbox 1701 2307 1740 2342; x_wconf 86' lang='lat' dir='ltr'>et</span> 
     </span>
     <span class='ocr_line' id='line_1_103' title="bbox 941 2347 1740 2394; baseline 0.006 -12"><span class='ocrx_word' id='word_1_552' title='bbox 941 2347 1110 2393; x_wconf 88' lang='lat' dir='ltr'>potentia</span> <span class='ocrx_word' id='word_1_553' title='bbox 1136 2347 1289 2393; x_wconf 86' lang='lat' dir='ltr'>Christi,</span> <span class='ocrx_word' id='word_1_554' title='bbox 1314 2359 1425 2394; x_wconf 80' lang='lat' dir='ltr'>quam</span> <span class='ocrx_word' id='word_1_555' title='bbox 1453 2351 1628 2386; x_wconf 88' lang='lat' dir='ltr'>Centurio</span> <span class='ocrx_word' id='word_1_556' title='bbox 1653 2361 1740 2387; x_wconf 92' lang='lat' dir='ltr'>con-</span> 
     </span>
     <span class='ocr_line' id='line_1_104' title="bbox 941 2394 1740 2444; baseline 0.006 -14"><span class='ocrx_word' id='word_1_557' title='bbox 941 2395 1063 2430; x_wconf 86' lang='lat' dir='ltr'>sessus</span> <span class='ocrx_word' id='word_1_558' title='bbox 1085 2394 1221 2440; x_wconf 84' lang='lat' dir='ltr'>fuerat,</span> <span class='ocrx_word' id='word_1_559' title='bbox 1239 2406 1282 2432; x_wconf 86' lang='lat' dir='ltr'>ex</span> <span class='ocrx_word' id='word_1_560' title='bbox 1310 2407 1425 2442; x_wconf 87' lang='lat' dir='ltr'>opere</span> <span class='ocrx_word' id='word_1_561' title='bbox 1451 2399 1652 2434; x_wconf 86' lang='lat' dir='ltr'>subsecuto</span> <span class='ocrx_word' id='word_1_562' title='bbox 1673 2408 1740 2444; x_wconf 89' lang='lat' dir='ltr'>pa-</span> 
     </span>
     <span class='ocr_line' id='line_1_105' title="bbox 942 2441 1738 2487; baseline 0.005 -10"><span class='ocrx_word' id='word_1_563' title='bbox 942 2444 1050 2478; x_wconf 90' lang='lat' dir='ltr'>teret.</span> <span class='ocrx_word' id='word_1_564' title='bbox 1074 2441 1225 2478; x_wconf 78' lang='lat' dir='ltr'>Dixerat</span> <span class='ocrx_word' id='word_1_565' title='bbox 1245 2443 1346 2478; x_wconf 90' lang='lat' dir='ltr'>enim</span> <span class='ocrx_word' id='word_1_566' title='bbox 1374 2443 1570 2487; x_wconf 85' lang='lat' dir='ltr'>Centurio,</span> <span class='ocrx_word' id='word_1_567' title='bbox 1590 2449 1627 2479; x_wconf 90' lang='lat' dir='ltr'>et</span> <span class='ocrx_word' id='word_1_568' title='bbox 1649 2455 1738 2481; x_wconf 87' lang='lat' dir='ltr'>con-</span> 
     </span>
     <span class='ocr_line' id='line_1_106' title="bbox 941 2489 1744 2533; baseline 0.005 -8"><span class='ocrx_word' id='word_1_569' title='bbox 941 2489 1063 2525; x_wconf 86' lang='lat' dir='ltr'>sessus</span> <span class='ocrx_word' id='word_1_570' title='bbox 1081 2492 1187 2525; x_wconf 88' lang='lat' dir='ltr'>erat:</span> <span class='ocrx_word' id='word_1_571' title='bbox 1211 2491 1283 2527; x_wconf 84' lang='lat' dir='ltr'>Sed</span> <span class='ocrx_word' id='word_1_572' title='bbox 1306 2495 1448 2526; x_wconf 66' lang='lat' dir='ltr'>timeam</span> <span class='ocrx_word' id='word_1_573' title='bbox 1467 2492 1528 2526; x_wconf 82' lang='lat' dir='ltr'>dic</span> <span class='ocrx_word' id='word_1_574' title='bbox 1553 2492 1673 2533; x_wconf 73' lang='lat' dir='ltr'>verbo,</span> <span class='ocrx_word' id='word_1_575' title='bbox 1701 2496 1744 2530; x_wconf 79' lang='lat' dir='ltr'>et</span> 
     </span>
     <span class='ocr_line' id='line_1_107' title="bbox 940 2537 1736 2583; baseline 0.005 -11"><span class='ocrx_word' id='word_1_576' title='bbox 940 2537 1135 2572; x_wconf 73' lang='lat' dir='ltr'>sanabitur</span> <span class='ocrx_word' id='word_1_577' title='bbox 1152 2548 1246 2583; x_wconf 81' lang='lat' dir='ltr'>puer</span> <span class='ocrx_word' id='word_1_578' title='bbox 1272 2548 1394 2579; x_wconf 74' lang='lat' dir='ltr'>meus3</span> <span class='ocrx_word' id='word_1_579' title='bbox 1429 2541 1462 2573; x_wconf 89' lang='lat' dir='ltr'>et</span> <span class='ocrx_word' id='word_1_580' title='bbox 1492 2538 1661 2574; x_wconf 83' lang='lat' dir='ltr'>Christus</span> <span class='ocrx_word' id='word_1_581' title='bbox 1681 2539 1736 2576; x_wconf 91' lang='lat' dir='ltr'>di-</span> 
     </span>
     <span class='ocr_line' id='line_1_108' title="bbox 940 2582 1735 2631; baseline 0.005 -12"><span class='ocrx_word' id='word_1_582' title='bbox 940 2582 1005 2628; x_wconf 83' lang='lat' dir='ltr'>xit,</span> <span class='ocrx_word' id='word_1_583' title='bbox 1027 2587 1064 2620; x_wconf 89' lang='lat' dir='ltr'>et</span> <span class='ocrx_word' id='word_1_584' title='bbox 1084 2594 1198 2630; x_wconf 86' lang='lat' dir='ltr'>opere</span> <span class='ocrx_word' id='word_1_585' title='bbox 1222 2585 1433 2629; x_wconf 68' lang='lat' dir='ltr'>complevit.</span> <span class='ocrx_word' id='word_1_586' title='bbox 1456 2585 1559 2621; x_wconf 72' lang='lat' dir='ltr'>Unde</span> <span class='ocrx_word' id='word_1_587' title='bbox 1581 2586 1735 2631; x_wconf 75' lang='lat' dir='ltr'>Chryso-</span> 
     </span>
     <span class='ocr_line' id='line_1_109' title="bbox 939 2632 1734 2679; baseline 0.004 -12"><span class='ocrx_word' id='word_1_588' title='bbox 939 2634 1098 2667; x_wconf 70' lang='lat' dir='ltr'>stemus:</span> <span class='ocrx_word' id='word_1_589' title='bbox 1120 2647 1137 2664; x_wconf 85' lang='lat'>«</span> <span class='ocrx_word' id='word_1_590' title='bbox 1159 2632 1228 2667; x_wconf 83' lang='lat' dir='ltr'>Ubi</span> <span class='ocrx_word' id='word_1_591' title='bbox 1263 2632 1498 2667; x_wconf 66' lang='lat' dir='ltr'>velocitatem</span> <span class='ocrx_word' id='word_1_592' title='bbox 1529 2632 1734 2679; x_wconf 83' lang='lat' dir='ltr'>admirare,</span> 
     </span>
     <span class='ocr_line' id='line_1_110' title="bbox 940 2678 1732 2724; baseline 0.003 -9"><span class='ocrx_word' id='word_1_593' title='bbox 940 2688 1063 2724; x_wconf 83' lang='lat' dir='ltr'>neque</span> <span class='ocrx_word' id='word_1_594' title='bbox 1083 2678 1185 2715; x_wconf 90' lang='lat' dir='ltr'>enim</span> <span class='ocrx_word' id='word_1_595' title='bbox 1202 2678 1322 2714; x_wconf 86' lang='lat' dir='ltr'>solnm</span> <span class='ocrx_word' id='word_1_596' title='bbox 1351 2690 1496 2722; x_wconf 74' lang='lat' dir='ltr'>rurarc,</span> <span class='ocrx_word' id='word_1_597' title='bbox 1523 2680 1588 2715; x_wconf 81' lang='lat' dir='ltr'>sed</span> <span class='ocrx_word' id='word_1_598' title='bbox 1610 2679 1671 2716; x_wconf 89' lang='lat' dir='ltr'>ino</span> <span class='ocrx_word' id='word_1_599' title='bbox 1702 2680 1732 2717; x_wconf 90' lang='lat' dir='ltr'>i-</span> 
     </span>
     <span class='ocr_line' id='line_1_111' title="bbox 939 2725 1731 2772; baseline 0.003 -10"><span class='ocrx_word' id='word_1_600' title='bbox 939 2729 1026 2762; x_wconf 89' lang='lat' dir='ltr'>nate</span> <span class='ocrx_word' id='word_1_601' title='bbox 1048 2725 1141 2762; x_wconf 89' lang='lat' dir='ltr'>etin</span> <span class='ocrx_word' id='word_1_602' title='bbox 1165 2731 1354 2761; x_wconf 64' lang='lat' dir='ltr'>momento</span> <span class='ocrx_word' id='word_1_603' title='bbox 1377 2728 1557 2772; x_wconf 73' lang='lat' dir='ltr'>temporis</span> <span class='ocrx_word' id='word_1_604' title='bbox 1578 2727 1648 2763; x_wconf 86' lang='lat' dir='ltr'>lioc</span> <span class='ocrx_word' id='word_1_605' title='bbox 1689 2738 1731 2764; x_wconf 88' lang='lat' dir='ltr'>a-</span> 
     </span>
     <span class='ocr_line' id='line_1_112' title="bbox 937 2773 1730 2821; baseline 0.003 -11"><span class='ocrx_word' id='word_1_606' title='bbox 937 2783 1037 2821; x_wconf 88' lang='lat' dir='ltr'>cere,</span> <span class='ocrx_word' id='word_1_607' title='bbox 1063 2773 1239 2810; x_wconf 85' lang='lat' dir='ltr'>virtutem</span> <span class='ocrx_word' id='word_1_608' title='bbox 1275 2773 1411 2809; x_wconf 66' lang='lat' dir='ltr'>Cin-isti</span> <span class='ocrx_word' id='word_1_609' title='bbox 1449 2773 1685 2812; x_wconf 79' lang='lat' dir='ltr'>ostendebat.</span> <span class='ocrx_word' id='word_1_610' title='bbox 1711 2785 1730 2811; x_wconf 79' lang='lat'>»</span> 
     </span>
    </p>
   </div>
  </div>
 </body>
</html>
