<?xml version="1.0" encoding="UTF-8"?>
<!DOCTYPE html PUBLIC "-//W3C//DTD XHTML 1.0 Transitional//EN"
    "http://www.w3.org/TR/xhtml1/DTD/xhtml1-transitional.dtd">
<html xmlns="http://www.w3.org/1999/xhtml" xml:lang="en" lang="en">
 <head>
  <title>
</title>
<meta http-equiv="Content-Type" content="text/html;charset=utf-8" />
  <meta name='ocr-system' content='tesseract 3.04.00' />
  <meta name='ocr-capabilities' content='ocr_page ocr_carea ocr_par ocr_line ocrx_word'/>
</head>
<body>
  <div class='ocr_page' id='page_1' title='image "./vitajesuchristie01ludouoft_0354.png"; bbox 0 0 1876 3126; ppageno 0'>
   <div class='ocr_carea' id='block_1_1' title="bbox 160 192 1268 236">
    <p class='ocr_par' dir='ltr' id='par_1_1' title="bbox 160 192 1268 236">
     <span class='ocr_line' id='line_1_1' title="bbox 160 192 1268 236; baseline -0.009 -1"><span class='ocrx_word' id='word_1_1' title='bbox 160 200 222 236; x_wconf 78' lang='lat'>340</span> <span class='ocrx_word' id='word_1_2' title='bbox 663 195 808 229; x_wconf 76' lang='lat' dir='ltr'>PRIMAE</span> <span class='ocrx_word' id='word_1_3' title='bbox 844 193 1000 228; x_wconf 74' lang='lat' dir='ltr'>PARTIS</span> <span class='ocrx_word' id='word_1_4' title='bbox 1038 193 1174 227; x_wconf 81' lang='lat' dir='ltr'>CAPUT</span> <span class='ocrx_word' id='word_1_5' title='bbox 1210 192 1268 225; x_wconf 84' lang='lat' dir='ltr'>XL</span> 
     </span>
    </p>
   </div>
   <div class='ocr_carea' id='block_1_2' title="bbox 153 263 944 2852">
    <p class='ocr_par' dir='ltr' id='par_1_2' title="bbox 159 263 940 549">
     <span class='ocr_line' id='line_1_2' title="bbox 162 263 939 315; baseline -0.008 -11"><span class='ocrx_word' id='word_1_6' title='bbox 162 269 246 315; x_wconf 84' lang='lat' dir='ltr'>quis</span> <span class='ocrx_word' id='word_1_7' title='bbox 274 266 392 308; x_wconf 86' lang='lat' dir='ltr'>audit,</span> <span class='ocrx_word' id='word_1_8' title='bbox 414 267 477 301; x_wconf 88' lang='lat' dir='ltr'>aut</span> <span class='ocrx_word' id='word_1_9' title='bbox 499 266 583 300; x_wconf 90' lang='lat' dir='ltr'>sunt</span> <span class='ocrx_word' id='word_1_10' title='bbox 603 264 712 299; x_wconf 81' lang='lat' dir='ltr'>verba</span> <span class='ocrx_word' id='word_1_11' title='bbox 736 263 939 299; x_wconf 86' lang='lat' dir='ltr'>necessita-</span> 
     </span>
     <span class='ocr_line' id='line_1_3' title="bbox 161 311 940 356; baseline -0.006 -5"><span class='ocrx_word' id='word_1_12' title='bbox 161 315 210 351; x_wconf 85' lang='lat' dir='ltr'>tis</span> <span class='ocrx_word' id='word_1_13' title='bbox 230 315 277 351; x_wconf 88' lang='lat' dir='ltr'>ad</span> <span class='ocrx_word' id='word_1_14' title='bbox 298 314 471 356; x_wconf 87' lang='lat' dir='ltr'>salutem,</span> <span class='ocrx_word' id='word_1_15' title='bbox 497 311 590 347; x_wconf 87' lang='lat' dir='ltr'>sicut</span> <span class='ocrx_word' id='word_1_16' title='bbox 611 314 797 356; x_wconf 61' lang='lat' dir='ltr'>praecepta</span> <span class='ocrx_word' id='word_1_17' title='bbox 821 312 940 346; x_wconf 80' lang='lat' dir='ltr'>Evan-</span> 
     </span>
     <span class='ocr_line' id='line_1_4' title="bbox 159 357 939 409; baseline -0.006 -12"><span class='ocrx_word' id='word_1_18' title='bbox 159 361 293 409; x_wconf 86' lang='lat' dir='ltr'>gelica.</span> <span class='ocrx_word' id='word_1_19' title='bbox 315 364 349 395; x_wconf 89' lang='lat' dir='ltr'>et</span> <span class='ocrx_word' id='word_1_20' title='bbox 371 365 461 395; x_wconf 87' lang='lat' dir='ltr'>tunc</span> <span class='ocrx_word' id='word_1_21' title='bbox 493 358 696 394; x_wconf 78' lang='lat' dir='ltr'>similitudo</span> <span class='ocrx_word' id='word_1_22' title='bbox 734 358 847 393; x_wconf 83' lang='lat' dir='ltr'>habet</span> <span class='ocrx_word' id='word_1_23' title='bbox 885 357 939 393; x_wconf 92' lang='lat' dir='ltr'>lo-</span> 
     </span>
     <span class='ocr_line' id='line_1_5' title="bbox 159 404 939 452; baseline -0.008 -7"><span class='ocrx_word' id='word_1_24' title='bbox 159 419 269 452; x_wconf 88' lang='lat' dir='ltr'>cum;</span> <span class='ocrx_word' id='word_1_25' title='bbox 293 411 357 443; x_wconf 87' lang='lat' dir='ltr'>aut</span> <span class='ocrx_word' id='word_1_26' title='bbox 385 410 472 442; x_wconf 86' lang='lat' dir='ltr'>sunt</span> <span class='ocrx_word' id='word_1_27' title='bbox 499 406 612 441; x_wconf 80' lang='lat' dir='ltr'>verba</span> <span class='ocrx_word' id='word_1_28' title='bbox 639 404 784 440; x_wconf 89' lang='lat' dir='ltr'>consilii</span> <span class='ocrx_word' id='word_1_29' title='bbox 816 407 853 440; x_wconf 89' lang='lat' dir='ltr'>et</span> <span class='ocrx_word' id='word_1_30' title='bbox 877 415 939 440; x_wconf 87' lang='lat' dir='ltr'>su-</span> 
     </span>
     <span class='ocr_line' id='line_1_6' title="bbox 159 451 940 503; baseline -0.005 -12"><span class='ocrx_word' id='word_1_31' title='bbox 159 454 466 503; x_wconf 77' lang='lat' dir='ltr'>pererogationis</span> <span class='ocrx_word' id='word_1_32' title='bbox 490 480 498 496; x_wconf 91' lang='lat'>‚</span> <span class='ocrx_word' id='word_1_33' title='bbox 533 456 569 487; x_wconf 85' lang='lat' dir='ltr'>et</span> <span class='ocrx_word' id='word_1_34' title='bbox 608 455 696 488; x_wconf 86' lang='lat' dir='ltr'>tunc</span> <span class='ocrx_word' id='word_1_35' title='bbox 736 462 826 495; x_wconf 91' lang='lat' dir='ltr'>non,</span> <span class='ocrx_word' id='word_1_36' title='bbox 868 451 940 487; x_wconf 89' lang='lat' dir='ltr'>nisi</span> 
     </span>
     <span class='ocr_line' id='line_1_7' title="bbox 162 500 630 549; baseline -0.011 -10"><span class='ocrx_word' id='word_1_37' title='bbox 162 506 340 549; x_wconf 78' lang='lat' dir='ltr'>quantuni</span> <span class='ocrx_word' id='word_1_38' title='bbox 365 501 410 536; x_wconf 85' lang='lat' dir='ltr'>ad</span> <span class='ocrx_word' id='word_1_39' title='bbox 432 500 630 546; x_wconf 66' lang='lat' dir='ltr'>perfectos„</span> 
     </span>
    </p>

    <p class='ocr_par' dir='ltr' id='par_1_3' title="bbox 153 549 944 2852">
     <span class='ocr_line' id='line_1_8' title="bbox 212 549 941 591; baseline -0.007 -6"><span class='ocrx_word' id='word_1_40' title='bbox 212 564 248 585; x_wconf 95' lang='grc' dir='ltr'>ιι</span> <span class='ocrx_word' id='word_1_41' title='bbox 276 549 364 591; x_wconf 72' lang='lat' dir='ltr'>Quin</span> <span class='ocrx_word' id='word_1_42' title='bbox 387 559 439 582; x_wconf 80' lang='lat' dir='ltr'>SIT</span> <span class='ocrx_word' id='word_1_43' title='bbox 472 559 507 582; x_wconf 67' lang='lat' dir='ltr'>ix</span> <span class='ocrx_word' id='word_1_44' title='bbox 527 558 637 582; x_wconf 70' lang='lat' dir='ltr'>sssxsu</span> <span class='ocrx_word' id='word_1_45' title='bbox 664 557 795 581; x_wconf 67' lang='lat' dir='ltr'>nomm</span> <span class='ocrx_word' id='word_1_46' title='bbox 824 557 941 581; x_wconf 65' lang='lat' dir='ltr'>nones</span> 
     </span>
     <span class='ocr_line' id='line_1_9' title="bbox 160 592 938 636; baseline -0.008 -3"><span class='ocrx_word' id='word_1_47' title='bbox 160 607 255 633; x_wconf 78' lang='lat' dir='ltr'>JUSTI</span> <span class='ocrx_word' id='word_1_48' title='bbox 287 607 327 630; x_wconf 82' lang='lat' dir='ltr'>ET</span> <span class='ocrx_word' id='word_1_49' title='bbox 352 607 466 630; x_wconf 74' lang='lat' dir='ltr'>nonus</span> <span class='ocrx_word' id='word_1_50' title='bbox 503 593 620 629; x_wconf 74' lang='lat' dir='ltr'>mpii?</span> <span class='ocrx_word' id='word_1_51' title='bbox 653 613 697 619; x_wconf 92' lang='lat'>—</span> <span class='ocrx_word' id='word_1_52' title='bbox 734 592 938 636; x_wconf 87' lang='lat' dir='ltr'>Moraliter,</span> 
     </span>
     <span class='ocr_line' id='line_1_10' title="bbox 161 639 939 688; baseline -0.008 -9"><span class='ocrx_word' id='word_1_53' title='bbox 161 644 297 680; x_wconf 86' lang='lat' dir='ltr'>domus</span> <span class='ocrx_word' id='word_1_54' title='bbox 315 642 420 688; x_wconf 81' lang='lat' dir='ltr'>justi,</span> <span class='ocrx_word' id='word_1_55' title='bbox 442 642 548 688; x_wconf 88' lang='lat' dir='ltr'>cujus</span> <span class='ocrx_word' id='word_1_56' title='bbox 571 639 769 675; x_wconf 78' lang='lat' dir='ltr'>aedificatio</span> <span class='ocrx_word' id='word_1_57' title='bbox 797 643 852 675; x_wconf 78' lang='lat' dir='ltr'>est</span> <span class='ocrx_word' id='word_1_58' title='bbox 874 640 939 675; x_wconf 88' lang='lat' dir='ltr'>bo—</span> 
     </span>
     <span class='ocr_line' id='line_1_11' title="bbox 161 687 940 734; baseline -0.009 -7"><span class='ocrx_word' id='word_1_59' title='bbox 161 701 212 727; x_wconf 88' lang='lat' dir='ltr'>na</span> <span class='ocrx_word' id='word_1_60' title='bbox 231 689 474 726; x_wconf 74' lang='lat' dir='ltr'>conscientia.</span> <span class='ocrx_word' id='word_1_61' title='bbox 506 687 667 734; x_wconf 88' lang='lat' dir='ltr'>pertinet</span> <span class='ocrx_word' id='word_1_62' title='bbox 689 687 734 722; x_wconf 85' lang='lat' dir='ltr'>ad</span> <span class='ocrx_word' id='word_1_63' title='bbox 756 687 940 722; x_wconf 71' lang='lat' dir='ltr'>honorum</span> 
     </span>
     <span class='ocr_line' id='line_1_12' title="bbox 162 733 940 784; baseline -0.009 -11"><span class='ocrx_word' id='word_1_64' title='bbox 162 747 317 784; x_wconf 89' lang='lat' dir='ltr'>operum</span> <span class='ocrx_word' id='word_1_65' title='bbox 337 735 623 782; x_wconf 81' lang='lat' dir='ltr'>perfectioncm3</span> <span class='ocrx_word' id='word_1_66' title='bbox 642 733 769 775; x_wconf 73' lang='lat' dir='ltr'>sossio,</span> <span class='ocrx_word' id='word_1_67' title='bbox 785 733 831 767; x_wconf 89' lang='lat' dir='ltr'>ad</span> <span class='ocrx_word' id='word_1_68' title='bbox 853 743 940 767; x_wconf 88' lang='lat' dir='ltr'>con-</span> 
     </span>
     <span class='ocr_line' id='line_1_13' title="bbox 161 782 940 829; baseline -0.01 -9"><span class='ocrx_word' id='word_1_69' title='bbox 161 787 345 829; x_wconf 86' lang='lat' dir='ltr'>temptum</span> <span class='ocrx_word' id='word_1_70' title='bbox 369 788 618 823; x_wconf 88' lang='lat' dir='ltr'>terrenorum,</span> <span class='ocrx_word' id='word_1_71' title='bbox 642 782 717 815; x_wconf 65' lang='lat' dir='ltr'>sive</span> <span class='ocrx_word' id='word_1_72' title='bbox 739 783 940 825; x_wconf 86' lang='lat' dir='ltr'>pauperta-</span> 
     </span>
     <span class='ocr_line' id='line_1_14' title="bbox 160 826 941 872; baseline -0.01 -6"><span class='ocrx_word' id='word_1_73' title='bbox 160 834 236 867; x_wconf 89' lang='lat' dir='ltr'>tem</span> <span class='ocrx_word' id='word_1_74' title='bbox 258 842 266 872; x_wconf 89' lang='lat'>;</span> <span class='ocrx_word' id='word_1_75' title='bbox 289 829 470 872; x_wconf 81' lang='lat' dir='ltr'>fundatio,</span> <span class='ocrx_word' id='word_1_76' title='bbox 490 829 535 864; x_wconf 89' lang='lat' dir='ltr'>ad</span> <span class='ocrx_word' id='word_1_77' title='bbox 564 826 847 862; x_wconf 73' lang='lat' dir='ltr'>meditationem</span> <span class='ocrx_word' id='word_1_78' title='bbox 870 836 941 860; x_wconf 85' lang='lat' dir='ltr'>coe-</span> 
     </span>
     <span class='ocr_line' id='line_1_15' title="bbox 161 871 940 916; baseline -0.009 -3"><span class='ocrx_word' id='word_1_79' title='bbox 161 877 311 914; x_wconf 89' lang='lat' dir='ltr'>lestium</span> <span class='ocrx_word' id='word_1_80' title='bbox 367 881 401 912; x_wconf 90' lang='lat' dir='ltr'>et</span> <span class='ocrx_word' id='word_1_81' title='bbox 441 885 629 916; x_wconf 83' lang='lat' dir='ltr'>amorem;</span> <span class='ocrx_word' id='word_1_82' title='bbox 668 872 858 916; x_wconf 83' lang='lat' dir='ltr'>impulsio,</span> <span class='ocrx_word' id='word_1_83' title='bbox 894 871 940 906; x_wconf 89' lang='lat' dir='ltr'>ad</span> 
     </span>
     <span class='ocr_line' id='line_1_16' title="bbox 161 918 940 966; baseline -0.012 -6"><span class='ocrx_word' id='word_1_84' title='bbox 161 924 409 961; x_wconf 87' lang='lat' dir='ltr'>tentationum</span> <span class='ocrx_word' id='word_1_85' title='bbox 438 919 782 966; x_wconf 77' lang='lat' dir='ltr'>inipugnationeni;</span> <span class='ocrx_word' id='word_1_86' title='bbox 806 918 940 953; x_wconf 89' lang='lat' dir='ltr'>immo-</span> 
     </span>
     <span class='ocr_line' id='line_1_17' title="bbox 163 965 939 1013; baseline -0.01 -6"><span class='ocrx_word' id='word_1_87' title='bbox 163 971 307 1013; x_wconf 79' lang='lat' dir='ltr'>bilitas,</span> <span class='ocrx_word' id='word_1_88' title='bbox 340 970 386 1005; x_wconf 87' lang='lat' dir='ltr'>ad</span> <span class='ocrx_word' id='word_1_89' title='bbox 424 968 576 1003; x_wconf 86' lang='lat' dir='ltr'>finalem</span> <span class='ocrx_word' id='word_1_90' title='bbox 607 965 939 1012; x_wconf 75' lang='lat' dir='ltr'>perseverantiam.</span> 
     </span>
     <span class='ocr_line' id='line_1_18' title="bbox 160 1011 943 1061; baseline -0.008 -8"><span class='ocrx_word' id='word_1_91' title='bbox 160 1019 303 1054; x_wconf 91' lang='lat' dir='ltr'>Domus</span> <span class='ocrx_word' id='word_1_92' title='bbox 322 1015 424 1061; x_wconf 87' lang='lat' dir='ltr'>impii</span> <span class='ocrx_word' id='word_1_93' title='bbox 443 1018 497 1050; x_wconf 88' lang='lat' dir='ltr'>est</span> <span class='ocrx_word' id='word_1_94' title='bbox 515 1014 611 1049; x_wconf 87' lang='lat' dir='ltr'>mala</span> <span class='ocrx_word' id='word_1_95' title='bbox 633 1011 876 1054; x_wconf 85' lang='lat' dir='ltr'>conscientia,</span> <span class='ocrx_word' id='word_1_96' title='bbox 897 1012 943 1047; x_wconf 93' lang='lat' dir='ltr'>de</span> 
     </span>
     <span class='ocr_line' id='line_1_19' title="bbox 161 1059 943 1110; baseline -0.01 -10"><span class='ocrx_word' id='word_1_97' title='bbox 161 1074 237 1110; x_wconf 88' lang='lat' dir='ltr'>qua</span> <span class='ocrx_word' id='word_1_98' title='bbox 261 1063 296 1098; x_wconf 91' lang='lat' dir='ltr'>in</span> <span class='ocrx_word' id='word_1_99' title='bbox 312 1062 486 1098; x_wconf 66' lang='lat' dir='ltr'>Mis-liaea:</span> <span class='ocrx_word' id='word_1_100' title='bbox 509 1062 641 1096; x_wconf 77' lang='lat' dir='ltr'>Adhuc</span> <span class='ocrx_word' id='word_1_101' title='bbox 661 1061 758 1102; x_wconf 58' lang='lat' dir='ltr'>ionis</span> <span class='ocrx_word' id='word_1_102' title='bbox 781 1060 819 1093; x_wconf 85' lang='lat' dir='ltr'>in</span> <span class='ocrx_word' id='word_1_103' title='bbox 840 1059 943 1093; x_wconf 84' lang='lat' dir='ltr'>domo</span> 
     </span>
     <span class='ocr_line' id='line_1_20' title="bbox 161 1106 943 1156; baseline -0.009 -10"><span class='ocrx_word' id='word_1_104' title='bbox 161 1112 283 1156; x_wconf 78' lang='lat' dir='ltr'>impii,</span> <span class='ocrx_word' id='word_1_105' title='bbox 317 1110 421 1154; x_wconf 87' lang='lat' dir='ltr'>cujus</span> <span class='ocrx_word' id='word_1_106' title='bbox 443 1112 595 1144; x_wconf 89' lang='lat' dir='ltr'>terrena</span> <span class='ocrx_word' id='word_1_107' title='bbox 621 1106 820 1142; x_wconf 71' lang='lat' dir='ltr'>aedificatio</span> <span class='ocrx_word' id='word_1_108' title='bbox 858 1116 943 1151; x_wconf 88' lang='lat' dir='ltr'>per-</span> 
     </span>
     <span class='ocr_line' id='line_1_21' title="bbox 159 1153 942 1195; baseline -0.009 -2"><span class='ocrx_word' id='word_1_109' title='bbox 159 1157 255 1193; x_wconf 84' lang='lat' dir='ltr'>tinet</span> <span class='ocrx_word' id='word_1_110' title='bbox 288 1157 334 1192; x_wconf 90' lang='lat' dir='ltr'>ad</span> <span class='ocrx_word' id='word_1_111' title='bbox 368 1161 602 1191; x_wconf 89' lang='lat' dir='ltr'>terrenorum</span> <span class='ocrx_word' id='word_1_112' title='bbox 638 1163 803 1189; x_wconf 87' lang='lat' dir='ltr'>amorem</span> <span class='ocrx_word' id='word_1_113' title='bbox 829 1164 837 1195; x_wconf 87' lang='lat'>;</span> <span class='ocrx_word' id='word_1_114' title='bbox 860 1153 942 1187; x_wconf 85' lang='lat' dir='ltr'>sun-</span> 
     </span>
     <span class='ocr_line' id='line_1_22' title="bbox 159 1198 942 1248; baseline -0.01 -7"><span class='ocrx_word' id='word_1_115' title='bbox 159 1203 325 1241; x_wconf 89' lang='lat' dir='ltr'>damenti</span> <span class='ocrx_word' id='word_1_116' title='bbox 357 1202 531 1248; x_wconf 78' lang='lat' dir='ltr'>privatio,</span> <span class='ocrx_word' id='word_1_117' title='bbox 554 1201 600 1237; x_wconf 90' lang='lat' dir='ltr'>ad</span> <span class='ocrx_word' id='word_1_118' title='bbox 626 1201 762 1236; x_wconf 89' lang='lat' dir='ltr'>mentis</span> <span class='ocrx_word' id='word_1_119' title='bbox 786 1198 942 1234; x_wconf 85' lang='lat' dir='ltr'>instabi—</span> 
     </span>
     <span class='ocr_line' id='line_1_23' title="bbox 159 1246 944 1293; baseline -0.009 -6"><span class='ocrx_word' id='word_1_120' title='bbox 159 1251 303 1288; x_wconf 88' lang='lat' dir='ltr'>litatem</span> <span class='ocrx_word' id='word_1_121' title='bbox 319 1247 725 1293; x_wconf 59' lang='lat' dir='ltr'>,tluminisinundatim</span> <span class='ocrx_word' id='word_1_122' title='bbox 747 1246 793 1282; x_wconf 86' lang='lat' dir='ltr'>ad</span> <span class='ocrx_word' id='word_1_123' title='bbox 816 1257 944 1282; x_wconf 88' lang='lat' dir='ltr'>carna-</span> 
     </span>
     <span class='ocr_line' id='line_1_24' title="bbox 158 1294 942 1336; baseline -0.01 -1"><span class='ocrx_word' id='word_1_124' title='bbox 158 1298 252 1335; x_wconf 92' lang='lat' dir='ltr'>lium</span> <span class='ocrx_word' id='word_1_125' title='bbox 280 1296 498 1332; x_wconf 55' lang='lat' dir='ltr'>deliciarum</span> <span class='ocrx_word' id='word_1_126' title='bbox 523 1294 794 1331; x_wconf 72' lang='lat' dir='ltr'>fluxibilitatem</span> <span class='ocrx_word' id='word_1_127' title='bbox 809 1305 817 1336; x_wconf 92' lang='lat'>;</span> <span class='ocrx_word' id='word_1_128' title='bbox 833 1304 942 1328; x_wconf 81' lang='lat' dir='ltr'>casus</span> 
     </span>
     <span class='ocr_line' id='line_1_25' title="bbox 161 1340 939 1389; baseline -0.009 -8"><span class='ocrx_word' id='word_1_129' title='bbox 161 1344 349 1384; x_wconf 79' lang='lat' dir='ltr'>celeritas,</span> <span class='ocrx_word' id='word_1_130' title='bbox 391 1344 436 1379; x_wconf 81' lang='lat' dir='ltr'>ad</span> <span class='ocrx_word' id='word_1_131' title='bbox 471 1341 649 1389; x_wconf 89' lang='lat' dir='ltr'>peccandi</span> <span class='ocrx_word' id='word_1_132' title='bbox 683 1340 939 1387; x_wconf 83' lang='lat' dir='ltr'>pronitatem3</span> 
     </span>
     <span class='ocr_line' id='line_1_26' title="bbox 159 1387 943 1436; baseline -0.01 -7"><span class='ocrx_word' id='word_1_133' title='bbox 159 1392 279 1429; x_wconf 85' lang='lat' dir='ltr'>ruinae</span> <span class='ocrx_word' id='word_1_134' title='bbox 309 1390 544 1436; x_wconf 75' lang='lat' dir='ltr'>magnitudo,</span> <span class='ocrx_word' id='word_1_135' title='bbox 570 1390 616 1425; x_wconf 91' lang='lat' dir='ltr'>ad</span> <span class='ocrx_word' id='word_1_136' title='bbox 636 1392 816 1424; x_wconf 70' lang='lat' dir='ltr'>aeternam</span> <span class='ocrx_word' id='word_1_137' title='bbox 839 1387 943 1422; x_wconf 86' lang='lat' dir='ltr'>dam-</span> 
     </span>
     <span class='ocr_line' id='line_1_27' title="bbox 159 1434 943 1476; baseline -0.009 -1"><span class='ocrx_word' id='word_1_138' title='bbox 159 1439 367 1476; x_wconf 83' lang='lat' dir='ltr'>nationem.</span> <span class='ocrx_word' id='word_1_139' title='bbox 410 1439 548 1473; x_wconf 88' lang='lat' dir='ltr'>Domus</span> <span class='ocrx_word' id='word_1_140' title='bbox 587 1435 701 1471; x_wconf 84' lang='lat' dir='ltr'>etiam</span> <span class='ocrx_word' id='word_1_141' title='bbox 729 1434 943 1470; x_wconf 72' lang='lat' dir='ltr'>concutitur</span> 
     </span>
     <span class='ocr_line' id='line_1_28' title="bbox 161 1481 942 1528; baseline -0.01 -5"><span class='ocrx_word' id='word_1_142' title='bbox 161 1485 201 1523; x_wconf 91' lang='lat' dir='ltr'>in</span> <span class='ocrx_word' id='word_1_143' title='bbox 228 1485 450 1528; x_wconf 72' lang='lat' dir='ltr'>tentatione,</span> <span class='ocrx_word' id='word_1_144' title='bbox 477 1483 679 1519; x_wconf 89' lang='lat' dir='ltr'>inclinatur</span> <span class='ocrx_word' id='word_1_145' title='bbox 707 1481 757 1527; x_wconf 48' lang='lat' dir='ltr'>in,</span> <span class='ocrx_word' id='word_1_146' title='bbox 783 1481 942 1516; x_wconf 86' lang='lat' dir='ltr'>delecta-</span> 
     </span>
     <span class='ocr_line' id='line_1_29' title="bbox 158 1531 940 1577; baseline -0.009 -8"><span class='ocrx_word' id='word_1_147' title='bbox 158 1533 278 1577; x_wconf 90' lang='lat' dir='ltr'>tione,</span> <span class='ocrx_word' id='word_1_148' title='bbox 303 1531 402 1568; x_wconf 85' lang='lat' dir='ltr'>cadit</span> <span class='ocrx_word' id='word_1_149' title='bbox 422 1531 461 1566; x_wconf 93' lang='lat' dir='ltr'>in</span> <span class='ocrx_word' id='word_1_150' title='bbox 493 1541 679 1566; x_wconf 89' lang='lat' dir='ltr'>consensu</span> <span class='ocrx_word' id='word_1_151' title='bbox 702 1541 710 1565; x_wconf 91' lang='grc'>;</span> <span class='ocrx_word' id='word_1_152' title='bbox 742 1532 778 1564; x_wconf 88' lang='lat' dir='ltr'>et</span> <span class='ocrx_word' id='word_1_153' title='bbox 801 1533 858 1563; x_wconf 85' lang='lat' dir='ltr'>est</span> <span class='ocrx_word' id='word_1_154' title='bbox 881 1538 940 1562; x_wconf 88' lang='lat' dir='ltr'>ca-</span> 
     </span>
     <span class='ocr_line' id='line_1_30' title="bbox 159 1574 941 1624; baseline -0.009 -8"><span class='ocrx_word' id='word_1_155' title='bbox 159 1591 223 1617; x_wconf 85' lang='lat' dir='ltr'>sus</span> <span class='ocrx_word' id='word_1_156' title='bbox 269 1589 428 1624; x_wconf 79' lang='lat' dir='ltr'>magnus</span> <span class='ocrx_word' id='word_1_157' title='bbox 458 1578 495 1613; x_wconf 91' lang='lat' dir='ltr'>in</span> <span class='ocrx_word' id='word_1_158' title='bbox 533 1587 731 1619; x_wconf 87' lang='lat' dir='ltr'>consensu,</span> <span class='ocrx_word' id='word_1_159' title='bbox 766 1575 854 1621; x_wconf 86' lang='lat' dir='ltr'>quia</span> <span class='ocrx_word' id='word_1_160' title='bbox 890 1574 941 1610; x_wconf 91' lang='lat' dir='ltr'>sic</span> 
     </span>
     <span class='ocr_line' id='line_1_31' title="bbox 159 1621 942 1671; baseline -0.009 -8"><span class='ocrx_word' id='word_1_161' title='bbox 159 1627 258 1663; x_wconf 89' lang='lat' dir='ltr'>cadit</span> <span class='ocrx_word' id='word_1_162' title='bbox 279 1638 301 1662; x_wconf 90' lang='lat' dir='ltr'>a</span> <span class='ocrx_word' id='word_1_163' title='bbox 319 1627 440 1671; x_wconf 80' lang='lat' dir='ltr'>gratia</span> <span class='ocrx_word' id='word_1_164' title='bbox 460 1636 467 1666; x_wconf 85' lang='grc'>;</span> <span class='ocrx_word' id='word_1_165' title='bbox 490 1625 611 1670; x_wconf 86' lang='lat' dir='ltr'>major</span> <span class='ocrx_word' id='word_1_166' title='bbox 643 1623 681 1658; x_wconf 91' lang='lat' dir='ltr'>in</span> <span class='ocrx_word' id='word_1_167' title='bbox 704 1633 831 1668; x_wconf 88' lang='lat' dir='ltr'>opere,</span> <span class='ocrx_word' id='word_1_168' title='bbox 854 1621 942 1666; x_wconf 88' lang='lat' dir='ltr'>quia</span> 
     </span>
     <span class='ocr_line' id='line_1_32' title="bbox 158 1668 939 1714; baseline -0.009 -5"><span class='ocrx_word' id='word_1_169' title='bbox 158 1673 212 1710; x_wconf 85' lang='lat' dir='ltr'>sic</span> <span class='ocrx_word' id='word_1_170' title='bbox 243 1673 342 1709; x_wconf 72' lang='lat' dir='ltr'>cadit</span> <span class='ocrx_word' id='word_1_171' title='bbox 368 1684 389 1707; x_wconf 85' lang='lat' dir='ltr'>a</span> <span class='ocrx_word' id='word_1_172' title='bbox 427 1672 525 1714; x_wconf 80' lang='lat' dir='ltr'>vita3</span> <span class='ocrx_word' id='word_1_173' title='bbox 548 1673 729 1706; x_wconf 79' lang='lat' dir='ltr'>maximus</span> <span class='ocrx_word' id='word_1_174' title='bbox 752 1669 787 1704; x_wconf 91' lang='lat' dir='ltr'>in</span> <span class='ocrx_word' id='word_1_175' title='bbox 823 1668 939 1704; x_wconf 81' lang='lat' dir='ltr'>obsti-</span> 
     </span>
     <span class='ocr_line' id='line_1_33' title="bbox 159 1715 942 1764; baseline -0.008 -8"><span class='ocrx_word' id='word_1_176' title='bbox 159 1720 331 1759; x_wconf 83' lang='lat' dir='ltr'>natione,</span> <span class='ocrx_word' id='word_1_177' title='bbox 355 1718 443 1764; x_wconf 88' lang='lat' dir='ltr'>quia</span> <span class='ocrx_word' id='word_1_178' title='bbox 472 1718 524 1753; x_wconf 88' lang='lat' dir='ltr'>sic</span> <span class='ocrx_word' id='word_1_179' title='bbox 559 1717 657 1753; x_wconf 85' lang='lat' dir='ltr'>cadit</span> <span class='ocrx_word' id='word_1_180' title='bbox 681 1728 701 1752; x_wconf 90' lang='lat' dir='ltr'>a</span> <span class='ocrx_word' id='word_1_181' title='bbox 734 1715 942 1751; x_wconf 50' lang='lat' dir='ltr'>mieericor-</span> 
     </span>
     <span class='ocr_line' id='line_1_34' title="bbox 159 1763 940 1812; baseline -0.009 -8"><span class='ocrx_word' id='word_1_182' title='bbox 159 1767 236 1804; x_wconf 90' lang='lat' dir='ltr'>dia.</span> <span class='ocrx_word' id='word_1_183' title='bbox 271 1766 428 1812; x_wconf 77' lang='lat' dir='ltr'>Sapiens</span> <span class='ocrx_word' id='word_1_184' title='bbox 459 1776 548 1809; x_wconf 81' lang='lat' dir='ltr'>ergo</span> <span class='ocrx_word' id='word_1_185' title='bbox 579 1763 639 1810; x_wconf 91' lang='lat' dir='ltr'>qui</span> <span class='ocrx_word' id='word_1_186' title='bbox 669 1763 795 1799; x_wconf 85' lang='lat' dir='ltr'>audita</span> <span class='ocrx_word' id='word_1_187' title='bbox 828 1773 940 1808; x_wconf 91' lang='lat' dir='ltr'>opere</span> 
     </span>
     <span class='ocr_line' id='line_1_35' title="bbox 159 1809 942 1860; baseline -0.01 -9"><span class='ocrx_word' id='word_1_188' title='bbox 159 1814 322 1860; x_wconf 84' lang='lat' dir='ltr'>complet</span> <span class='ocrx_word' id='word_1_189' title='bbox 359 1817 394 1848; x_wconf 50' lang='lat' dir='ltr'>vt</span> <span class='ocrx_word' id='word_1_190' title='bbox 427 1811 587 1858; x_wconf 85' lang='lat' dir='ltr'>perficit,</span> <span class='ocrx_word' id='word_1_191' title='bbox 626 1814 849 1845; x_wconf 74' lang='lat' dir='ltr'>structuram</span> <span class='ocrx_word' id='word_1_192' title='bbox 880 1809 942 1843; x_wconf 82' lang='lat' dir='ltr'>fir-</span> 
     </span>
     <span class='ocr_line' id='line_1_36' title="bbox 158 1856 940 1906; baseline -0.01 -9"><span class='ocrx_word' id='word_1_193' title='bbox 158 1872 259 1898; x_wconf 89' lang='lat' dir='ltr'>mam</span> <span class='ocrx_word' id='word_1_194' title='bbox 281 1859 405 1906; x_wconf 84' lang='lat' dir='ltr'>erigit,</span> <span class='ocrx_word' id='word_1_195' title='bbox 424 1859 510 1904; x_wconf 88' lang='lat' dir='ltr'>quia</span> <span class='ocrx_word' id='word_1_196' title='bbox 530 1869 597 1904; x_wconf 91' lang='lat' dir='ltr'>per</span> <span class='ocrx_word' id='word_1_197' title='bbox 620 1857 808 1893; x_wconf 90' lang='lat' dir='ltr'>cumulum</span> <span class='ocrx_word' id='word_1_198' title='bbox 828 1856 940 1891; x_wconf 81' lang='lat' dir='ltr'>bono-</span> 
     </span>
     <span class='ocr_line' id='line_1_37' title="bbox 158 1904 939 1953; baseline -0.01 -8"><span class='ocrx_word' id='word_1_199' title='bbox 158 1919 243 1945; x_wconf 87' lang='lat' dir='ltr'>rum</span> <span class='ocrx_word' id='word_1_200' title='bbox 266 1917 419 1953; x_wconf 86' lang='lat' dir='ltr'>operum</span> <span class='ocrx_word' id='word_1_201' title='bbox 442 1908 539 1942; x_wconf 89' lang='lat' dir='ltr'>Deus</span> <span class='ocrx_word' id='word_1_202' title='bbox 563 1905 722 1950; x_wconf 70' lang='lat' dir='ltr'>gratiani</span> <span class='ocrx_word' id='word_1_203' title='bbox 757 1904 834 1947; x_wconf 85' lang='lat' dir='ltr'>dat,</span> <span class='ocrx_word' id='word_1_204' title='bbox 857 1913 939 1947; x_wconf 83' lang='lat' dir='ltr'>quae</span> 
     </span>
     <span class='ocr_line' id='line_1_38' title="bbox 156 1950 939 1997; baseline -0.011 -5"><span class='ocrx_word' id='word_1_205' title='bbox 156 1960 287 1993; x_wconf 86' lang='lat' dir='ltr'>nostra</span> <span class='ocrx_word' id='word_1_206' title='bbox 329 1953 474 1997; x_wconf 86' lang='lat' dir='ltr'>merita,</span> <span class='ocrx_word' id='word_1_207' title='bbox 514 1953 656 1997; x_wconf 82' lang='lat' dir='ltr'>absque</span> <span class='ocrx_word' id='word_1_208' title='bbox 695 1950 803 1985; x_wconf 87' lang='lat' dir='ltr'>ruina</span> <span class='ocrx_word' id='word_1_209' title='bbox 831 1960 939 1984; x_wconf 87' lang='lat' dir='ltr'>casus</span> 
     </span>
     <span class='ocr_line' id='line_1_39' title="bbox 158 1996 939 2043; baseline -0.012 -4"><span class='ocrx_word' id='word_1_210' title='bbox 158 2001 368 2039; x_wconf 86' lang='lat' dir='ltr'>consolidat</span> <span class='ocrx_word' id='word_1_211' title='bbox 389 2006 425 2036; x_wconf 89' lang='lat' dir='ltr'>et</span> <span class='ocrx_word' id='word_1_212' title='bbox 453 2000 661 2035; x_wconf 81' lang='lat' dir='ltr'>confirmat.</span> <span class='ocrx_word' id='word_1_213' title='bbox 686 1998 757 2032; x_wconf 90' lang='lat' dir='ltr'>Per</span> <span class='ocrx_word' id='word_1_214' title='bbox 779 1996 939 2043; x_wconf 83' lang='lat' dir='ltr'>gratiam</span> 
     </span>
     <span class='ocr_line' id='line_1_40' title="bbox 158 2046 940 2093; baseline -0.01 -8"><span class='ocrx_word' id='word_1_215' title='bbox 158 2050 259 2086; x_wconf 90' lang='lat' dir='ltr'>enim</span> <span class='ocrx_word' id='word_1_216' title='bbox 281 2050 373 2084; x_wconf 84' lang='lat' dir='ltr'>bene</span> <span class='ocrx_word' id='word_1_217' title='bbox 399 2046 606 2093; x_wconf 77' lang='lat' dir='ltr'>operando,</span> <span class='ocrx_word' id='word_1_218' title='bbox 630 2054 820 2080; x_wconf 89' lang='lat' dir='ltr'>meremur</span> <span class='ocrx_word' id='word_1_219' title='bbox 858 2054 940 2088; x_wconf 89' lang='lat' dir='ltr'>per-</span> 
     </span>
     <span class='ocr_line' id='line_1_41' title="bbox 158 2090 939 2136; baseline -0.012 -3"><span class='ocrx_word' id='word_1_220' title='bbox 158 2095 408 2134; x_wconf 77' lang='lat' dir='ltr'>severantiam</span> <span class='ocrx_word' id='word_1_221' title='bbox 432 2096 485 2128; x_wconf 79' lang='lat' dir='ltr'>&#39;in</span> <span class='ocrx_word' id='word_1_222' title='bbox 516 2095 631 2135; x_wconf 82' lang='lat' dir='ltr'>bono,</span> <span class='ocrx_word' id='word_1_223' title='bbox 662 2095 703 2127; x_wconf 85' lang='lat' dir='ltr'>ut</span> <span class='ocrx_word' id='word_1_224' title='bbox 741 2090 939 2136; x_wconf 86' lang='lat' dir='ltr'>spirituale</span> 
     </span>
     <span class='ocr_line' id='line_1_42' title="bbox 156 2137 937 2185; baseline -0.01 -6"><span class='ocrx_word' id='word_1_225' title='bbox 156 2147 327 2180; x_wconf 87' lang='lat' dir='ltr'>nostrum</span> <span class='ocrx_word' id='word_1_226' title='bbox 353 2141 552 2177; x_wconf 66' lang='lat' dir='ltr'>aedificium</span> <span class='ocrx_word' id='word_1_227' title='bbox 569 2140 606 2175; x_wconf 93' lang='lat' dir='ltr'>in</span> <span class='ocrx_word' id='word_1_228' title='bbox 618 2143 725 2185; x_wconf 86' lang='lat' dir='ltr'>petra</span> <span class='ocrx_word' id='word_1_229' title='bbox 743 2137 830 2173; x_wconf 80' lang='lat' dir='ltr'>fidei</span> <span class='ocrx_word' id='word_1_230' title='bbox 853 2137 937 2173; x_wconf 90' lang='lat' dir='ltr'>fun-</span> 
     </span>
     <span class='ocr_line' id='line_1_43' title="bbox 157 2183 937 2234; baseline -0.009 -8"><span class='ocrx_word' id='word_1_231' title='bbox 157 2191 302 2233; x_wconf 89' lang='lat' dir='ltr'>datum,</span> <span class='ocrx_word' id='word_1_232' title='bbox 324 2200 390 2234; x_wconf 90' lang='lat' dir='ltr'>per</span> <span class='ocrx_word' id='word_1_233' title='bbox 415 2199 519 2234; x_wconf 89' lang='lat' dir='ltr'>spem</span> <span class='ocrx_word' id='word_1_234' title='bbox 553 2190 732 2229; x_wconf 85' lang='lat' dir='ltr'>erectum,</span> <span class='ocrx_word' id='word_1_235' title='bbox 755 2195 822 2231; x_wconf 91' lang='lat' dir='ltr'>per</span> <span class='ocrx_word' id='word_1_236' title='bbox 842 2183 937 2220; x_wconf 88' lang='lat' dir='ltr'>cari-</span> 
     </span>
     <span class='ocr_line' id='line_1_44' title="bbox 157 2233 938 2279; baseline -0.01 -5"><span class='ocrx_word' id='word_1_237' title='bbox 157 2241 274 2274; x_wconf 84' lang='lat' dir='ltr'>tatem</span> <span class='ocrx_word' id='word_1_238' title='bbox 290 2236 505 2278; x_wconf 79' lang='lat' dir='ltr'>solidatum,</span> <span class='ocrx_word' id='word_1_239' title='bbox 519 2245 640 2279; x_wconf 89' lang='lat' dir='ltr'>neque</span> <span class='ocrx_word' id='word_1_240' title='bbox 656 2233 794 2279; x_wconf 88' lang='lat' dir='ltr'>pluvia,</span> <span class='ocrx_word' id='word_1_241' title='bbox 816 2241 938 2276; x_wconf 89' lang='lat' dir='ltr'>neque</span> 
     </span>
     <span class='ocr_line' id='line_1_45' title="bbox 156 2278 938 2326; baseline -0.01 -6"><span class='ocrx_word' id='word_1_242' title='bbox 156 2283 391 2325; x_wconf 78' lang='lat' dir='ltr'>fluminibus,</span> <span class='ocrx_word' id='word_1_243' title='bbox 404 2292 525 2326; x_wconf 87' lang='lat' dir='ltr'>neque</span> <span class='ocrx_word' id='word_1_244' title='bbox 539 2280 657 2316; x_wconf 75' lang='lat' dir='ltr'>ventis</span> <span class='ocrx_word' id='word_1_245' title='bbox 672 2279 787 2325; x_wconf 79' lang='lat' dir='ltr'>possit</span> <span class='ocrx_word' id='word_1_246' title='bbox 805 2278 938 2322; x_wconf 84' lang='lat' dir='ltr'>everti,</span> 
     </span>
     <span class='ocr_line' id='line_1_46' title="bbox 157 2325 939 2375; baseline -0.01 -7"><span class='ocrx_word' id='word_1_247' title='bbox 157 2333 315 2370; x_wconf 65' lang='lat' dir='ltr'>Christo</span> <span class='ocrx_word' id='word_1_248' title='bbox 337 2328 495 2375; x_wconf 77' lang='lat' dir='ltr'>gratiam</span> <span class='ocrx_word' id='word_1_249' title='bbox 519 2338 623 2363; x_wconf 88' lang='lat' dir='ltr'>suam</span> <span class='ocrx_word' id='word_1_250' title='bbox 643 2328 819 2362; x_wconf 69' lang='lat' dir='ltr'>donante.</span> <span class='ocrx_word' id='word_1_251' title='bbox 842 2325 939 2361; x_wconf 87' lang='lat' dir='ltr'>Stul-</span> 
     </span>
     <span class='ocr_line' id='line_1_47' title="bbox 153 2375 937 2422; baseline -0.013 -5"><span class='ocrx_word' id='word_1_252' title='bbox 153 2384 215 2417; x_wconf 86' lang='lat' dir='ltr'>tus</span> <span class='ocrx_word' id='word_1_253' title='bbox 237 2387 333 2413; x_wconf 60' lang='lat' dir='ltr'>x‘ero</span> <span class='ocrx_word' id='word_1_254' title='bbox 361 2376 421 2422; x_wconf 86' lang='lat' dir='ltr'>qui</span> <span class='ocrx_word' id='word_1_255' title='bbox 444 2375 546 2410; x_wconf 74' lang='lat' dir='ltr'>audit</span> <span class='ocrx_word' id='word_1_256' title='bbox 582 2378 619 2409; x_wconf 87' lang='lat' dir='ltr'>et</span> <span class='ocrx_word' id='word_1_257' title='bbox 640 2385 713 2408; x_wconf 91' lang='lat' dir='ltr'>non</span> <span class='ocrx_word' id='word_1_258' title='bbox 746 2376 937 2418; x_wconf 77' lang='lat' dir='ltr'>operatur,</span> 
     </span>
     <span class='ocr_line' id='line_1_48' title="bbox 157 2420 939 2464; baseline -0.01 -1"><span class='ocrx_word' id='word_1_259' title='bbox 157 2427 223 2464; x_wconf 90' lang='lat' dir='ltr'>sed</span> <span class='ocrx_word' id='word_1_260' title='bbox 259 2424 388 2461; x_wconf 84' lang='lat' dir='ltr'>audita</span> <span class='ocrx_word' id='word_1_261' title='bbox 430 2421 687 2464; x_wconf 81' lang='lat' dir='ltr'>dissimulans,</span> <span class='ocrx_word' id='word_1_262' title='bbox 732 2420 939 2455; x_wconf 79' lang='lat' dir='ltr'>obliviosus</span> 
     </span>
     <span class='ocr_line' id='line_1_49' title="bbox 157 2472 937 2513; baseline -0.014 -1"><span class='ocrx_word' id='word_1_263' title='bbox 157 2474 309 2513; x_wconf 90' lang='lat' dir='ltr'>auditor</span> <span class='ocrx_word' id='word_1_264' title='bbox 336 2472 466 2512; x_wconf 61' lang='lat' dir='ltr'>sactus,</span> <span class='ocrx_word' id='word_1_265' title='bbox 493 2472 686 2513; x_wconf 80' lang='lat' dir='ltr'>tamquam</span> <span class='ocrx_word' id='word_1_266' title='bbox 723 2478 834 2512; x_wconf 87' lang='lat' dir='ltr'>super</span> <span class='ocrx_word' id='word_1_267' title='bbox 854 2477 937 2502; x_wconf 89' lang='lat' dir='ltr'>are-</span> 
     </span>
     <span class='ocr_line' id='line_1_50' title="bbox 157 2513 939 2565; baseline -0.015 -6"><span class='ocrx_word' id='word_1_268' title='bbox 157 2532 245 2559; x_wconf 88' lang='lat' dir='ltr'>nam</span> <span class='ocrx_word' id='word_1_269' title='bbox 273 2529 366 2565; x_wconf 87' lang='lat' dir='ltr'>opus</span> <span class='ocrx_word' id='word_1_270' title='bbox 397 2514 657 2552; x_wconf 71' lang='lat' dir='ltr'>aedificationis</span> <span class='ocrx_word' id='word_1_271' title='bbox 682 2513 880 2559; x_wconf 83' lang='lat' dir='ltr'>impendit,</span> <span class='ocrx_word' id='word_1_272' title='bbox 902 2517 939 2549; x_wconf 85' lang='lat' dir='ltr'>et</span> 
     </span>
     <span class='ocr_line' id='line_1_51' title="bbox 158 2561 937 2615; baseline -0.013 -11"><span class='ocrx_word' id='word_1_273' title='bbox 158 2568 247 2615; x_wconf 89' lang='lat' dir='ltr'>quia</span> <span class='ocrx_word' id='word_1_274' title='bbox 267 2577 357 2602; x_wconf 86' lang='lat' dir='ltr'>anre</span> <span class='ocrx_word' id='word_1_275' title='bbox 394 2566 611 2610; x_wconf 82' lang='lat' dir='ltr'>perceptum</span> <span class='ocrx_word' id='word_1_276' title='bbox 646 2571 739 2606; x_wconf 88' lang='lat' dir='ltr'>opus</span> <span class='ocrx_word' id='word_1_277' title='bbox 775 2571 851 2595; x_wconf 89' lang='lat' dir='ltr'>non</span> <span class='ocrx_word' id='word_1_278' title='bbox 878 2561 937 2595; x_wconf 83' lang='lat' dir='ltr'>fir-</span> 
     </span>
     <span class='ocr_line' id='line_1_52' title="bbox 157 2607 936 2657; baseline -0.013 -5"><span class='ocrx_word' id='word_1_279' title='bbox 157 2619 250 2657; x_wconf 88' lang='lat' dir='ltr'>mat,</span> <span class='ocrx_word' id='word_1_280' title='bbox 283 2612 422 2650; x_wconf 87' lang='lat' dir='ltr'>statim.</span> <span class='ocrx_word' id='word_1_281' title='bbox 459 2607 727 2646; x_wconf 79' lang='lat' dir='ltr'>tentationibus</span> <span class='ocrx_word' id='word_1_282' title='bbox 759 2618 936 2652; x_wconf 73' lang='lat' dir='ltr'>superve-</span> 
     </span>
     <span class='ocr_line' id='line_1_53' title="bbox 154 2654 932 2704; baseline -0.014 -4"><span class='ocrx_word' id='word_1_283' title='bbox 154 2661 359 2704; x_wconf 78' lang='lat' dir='ltr'>nientibus,</span> <span class='ocrx_word' id='word_1_284' title='bbox 384 2658 455 2695; x_wconf 88' lang='lat' dir='ltr'>ruit</span> <span class='ocrx_word' id='word_1_285' title='bbox 473 2661 586 2703; x_wconf 87' lang='lat' dir='ltr'>atque</span> <span class='ocrx_word' id='word_1_286' title='bbox 608 2654 796 2691; x_wconf 84' lang='lat' dir='ltr'>evanescit</span> <span class='ocrx_word' id='word_1_287' title='bbox 815 2665 822 2688; x_wconf 91' lang='lat'>:</span> <span class='ocrx_word' id='word_1_288' title='bbox 851 2656 932 2690; x_wconf 85' lang='lat' dir='ltr'>Non</span> 
     </span>
     <span class='ocr_line' id='line_1_54' title="bbox 157 2702 934 2748; baseline -0.014 -3"><span class='ocrx_word' id='word_1_289' title='bbox 157 2712 252 2746; x_wconf 82' lang='lat' dir='ltr'>enim</span> <span class='ocrx_word' id='word_1_290' title='bbox 272 2709 456 2744; x_wconf 62' lang='lat' dir='ltr'>auditores</span> <span class='ocrx_word' id='word_1_291' title='bbox 485 2706 591 2748; x_wconf 66' lang='lat' dir='ltr'>Leyz‘s</span> <span class='ocrx_word' id='word_1_292' title='bbox 613 2703 710 2748; x_wconf 74' lang='lat' dir='ltr'>justi</span> <span class='ocrx_word' id='word_1_293' title='bbox 728 2704 813 2737; x_wconf 79' lang='lat' dir='ltr'>sunt</span> <span class='ocrx_word' id='word_1_294' title='bbox 834 2702 934 2746; x_wconf 75' lang='lat' dir='ltr'>apud</span> 
     </span>
     <span class='ocr_line' id='line_1_55' title="bbox 156 2747 931 2799; baseline -0.015 -6"><span class='ocrx_word' id='word_1_295' title='bbox 156 2760 283 2799; x_wconf 70' lang='lat' dir='ltr'>Deum,</span> <span class='ocrx_word' id='word_1_296' title='bbox 306 2755 368 2789; x_wconf 71' lang='lat' dir='ltr'>secl</span> <span class='ocrx_word' id='word_1_297' title='bbox 393 2755 561 2796; x_wconf 73' lang='lat' dir='ltr'>factores.</span> <span class='ocrx_word' id='word_1_298' title='bbox 594 2751 686 2786; x_wconf 86' lang='lat' dir='ltr'>Sunt</span> <span class='ocrx_word' id='word_1_299' title='bbox 711 2752 835 2784; x_wconf 83' lang='lat' dir='ltr'>autem</span> <span class='ocrx_word' id='word_1_300' title='bbox 857 2747 931 2783; x_wconf 85' lang='lat' dir='ltr'>tria</span> 
     </span>
     <span class='ocr_line' id='line_1_56' title="bbox 157 2795 933 2852; baseline -0.013 -12"><span class='ocrx_word' id='word_1_301' title='bbox 157 2813 297 2852; x_wconf 84' lang='lat' dir='ltr'>genera</span> <span class='ocrx_word' id='word_1_302' title='bbox 316 2800 510 2838; x_wconf 88' lang='lat' dir='ltr'>hominum</span> <span class='ocrx_word' id='word_1_303' title='bbox 531 2796 810 2835; x_wconf 70' lang='lat' dir='ltr'>aedificantium.</span> <span class='ocrx_word' id='word_1_304' title='bbox 839 2795 933 2831; x_wconf 88' lang='lat' dir='ltr'>Sunt</span> 
     </span>
    </p>
   </div>
   <div class='ocr_carea' id='block_1_3' title="bbox 1009 261 1812 2841">
    <p class='ocr_par' dir='ltr' id='par_1_4' title="bbox 1014 261 1801 2031">
     <span class='ocr_line' id='line_1_57' title="bbox 1017 261 1790 308; baseline 0.003 -10"><span class='ocrx_word' id='word_1_305' title='bbox 1017 263 1115 298; x_wconf 89' lang='lat' dir='ltr'>enim</span> <span class='ocrx_word' id='word_1_306' title='bbox 1140 261 1200 307; x_wconf 90' lang='lat' dir='ltr'>qui</span> <span class='ocrx_word' id='word_1_307' title='bbox 1224 264 1351 297; x_wconf 83' lang='lat' dir='ltr'>amant</span> <span class='ocrx_word' id='word_1_308' title='bbox 1386 261 1505 297; x_wconf 82' lang='lat' dir='ltr'>solum</span> <span class='ocrx_word' id='word_1_309' title='bbox 1535 264 1667 308; x_wconf 90' lang='lat' dir='ltr'>Deum,</span> <span class='ocrx_word' id='word_1_310' title='bbox 1687 265 1724 300; x_wconf 87' lang='lat' dir='ltr'>et</span> <span class='ocrx_word' id='word_1_311' title='bbox 1745 263 1790 300; x_wconf 51' lang='lat' dir='ltr'>hi*</span> 
     </span>
     <span class='ocr_line' id='line_1_58' title="bbox 1017 310 1793 354; baseline 0.001 -9"><span class='ocrx_word' id='word_1_312' title='bbox 1017 310 1203 345; x_wconf 72' lang='lat' dir='ltr'>aedificant</span> <span class='ocrx_word' id='word_1_313' title='bbox 1233 320 1378 353; x_wconf 86' lang='lat' dir='ltr'>aurum,</span> <span class='ocrx_word' id='word_1_314' title='bbox 1410 314 1620 354; x_wconf 84' lang='lat' dir='ltr'>argentum,</span> <span class='ocrx_word' id='word_1_315' title='bbox 1657 312 1694 346; x_wconf 88' lang='lat' dir='ltr'>et</span> <span class='ocrx_word' id='word_1_316' title='bbox 1728 310 1793 347; x_wconf 67' lang='lat' dir='ltr'>la-</span> 
     </span>
     <span class='ocr_line' id='line_1_59' title="bbox 1017 356 1785 408; baseline 0.001 -16"><span class='ocrx_word' id='word_1_317' title='bbox 1017 357 1122 403; x_wconf 90' lang='lat' dir='ltr'>pides</span> <span class='ocrx_word' id='word_1_318' title='bbox 1154 357 1337 408; x_wconf 76' lang='lat' dir='ltr'>pretiosos</span> <span class='ocrx_word' id='word_1_319' title='bbox 1362 367 1386 408; x_wconf 26' lang='lat'>:⁴</span> <span class='ocrx_word' id='word_1_320' title='bbox 1404 356 1440 391; x_wconf 92' lang='lat' dir='ltr'>in</span> <span class='ocrx_word' id='word_1_321' title='bbox 1461 367 1589 392; x_wconf 91' lang='lat' dir='ltr'>amore</span> <span class='ocrx_word' id='word_1_322' title='bbox 1621 357 1785 402; x_wconf 89' lang='lat' dir='ltr'>virtutis,</span> 
     </span>
     <span class='ocr_line' id='line_1_60' title="bbox 1017 403 1789 448; baseline 0 -8"><span class='ocrx_word' id='word_1_323' title='bbox 1017 414 1170 446; x_wconf 87' lang='lat' dir='ltr'>aurum;</span> <span class='ocrx_word' id='word_1_324' title='bbox 1206 414 1245 438; x_wconf 83' lang='lat' dir='ltr'>in</span> <span class='ocrx_word' id='word_1_325' title='bbox 1279 403 1492 447; x_wconf 71' lang='lat' dir='ltr'>cognitione</span> <span class='ocrx_word' id='word_1_326' title='bbox 1524 403 1705 448; x_wconf 63' lang='lat' dir='ltr'>veritatis,</span> <span class='ocrx_word' id='word_1_327' title='bbox 1727 414 1789 440; x_wconf 83' lang='lat' dir='ltr'>ar-</span> 
     </span>
     <span class='ocr_line' id='line_1_61' title="bbox 1017 450 1790 503; baseline 0 -16"><span class='ocrx_word' id='word_1_328' title='bbox 1017 458 1191 503; x_wconf 79' lang='lat' dir='ltr'>gentum3</span> <span class='ocrx_word' id='word_1_329' title='bbox 1209 450 1244 484; x_wconf 91' lang='lat' dir='ltr'>in</span> <span class='ocrx_word' id='word_1_330' title='bbox 1266 450 1626 495; x_wconf 70' lang='lat' dir='ltr'>cooperationelmni</span> <span class='ocrx_word' id='word_1_331' title='bbox 1650 451 1790 496; x_wconf 84' lang='lat' dir='ltr'>operis,</span> 
     </span>
     <span class='ocr_line' id='line_1_62' title="bbox 1017 497 1794 543; baseline 0 -10"><span class='ocrx_word' id='word_1_332' title='bbox 1017 498 1161 543; x_wconf 81' lang='lat' dir='ltr'>lapides</span> <span class='ocrx_word' id='word_1_333' title='bbox 1181 501 1378 541; x_wconf 74' lang='lat' dir='ltr'>pretiosos.</span> <span class='ocrx_word' id='word_1_334' title='bbox 1400 499 1489 533; x_wconf 85' lang='lat' dir='ltr'>Sunt</span> <span class='ocrx_word' id='word_1_335' title='bbox 1512 497 1571 532; x_wconf 84' lang='lat' dir='ltr'>alii</span> <span class='ocrx_word' id='word_1_336' title='bbox 1589 498 1794 542; x_wconf 76' lang='lat' dir='ltr'>quiamant:</span> 
     </span>
     <span class='ocr_line' id='line_1_63' title="bbox 1017 544 1792 589; baseline 0.001 -10"><span class='ocrx_word' id='word_1_337' title='bbox 1017 545 1188 589; x_wconf 80' lang='lat' dir='ltr'>quaedam</span> <span class='ocrx_word' id='word_1_338' title='bbox 1229 549 1365 588; x_wconf 72' lang='lat' dir='ltr'>praeter</span> <span class='ocrx_word' id='word_1_339' title='bbox 1386 545 1514 586; x_wconf 82' lang='lat' dir='ltr'>Deum,</span> <span class='ocrx_word' id='word_1_340' title='bbox 1536 548 1661 580; x_wconf 89' lang='lat' dir='ltr'>tamen</span> <span class='ocrx_word' id='word_1_341' title='bbox 1697 544 1792 580; x_wconf 87' lang='lat' dir='ltr'>nihil</span> 
     </span>
     <span class='ocr_line' id='line_1_64' title="bbox 1018 591 1792 641; baseline 0.001 -15"><span class='ocrx_word' id='word_1_342' title='bbox 1018 594 1148 626; x_wconf 84' lang='lat' dir='ltr'>contra</span> <span class='ocrx_word' id='word_1_343' title='bbox 1171 591 1299 641; x_wconf 81' lang='lat' dir='ltr'>Deum,</span> <span class='ocrx_word' id='word_1_344' title='bbox 1322 601 1388 625; x_wconf 84' lang='lat' dir='ltr'>nec</span> <span class='ocrx_word' id='word_1_345' title='bbox 1410 591 1548 635; x_wconf 89' lang='lat' dir='ltr'>aliquid</span> <span class='ocrx_word' id='word_1_346' title='bbox 1571 592 1653 636; x_wconf 90' lang='lat' dir='ltr'>plus</span> <span class='ocrx_word' id='word_1_347' title='bbox 1679 600 1792 638; x_wconf 87' lang='lat' dir='ltr'>quam</span> 
     </span>
     <span class='ocr_line' id='line_1_65' title="bbox 1018 636 1790 684; baseline 0.003 -12"><span class='ocrx_word' id='word_1_348' title='bbox 1018 639 1149 679; x_wconf 90' lang='lat' dir='ltr'>Deum,</span> <span class='ocrx_word' id='word_1_349' title='bbox 1178 640 1212 670; x_wconf 90' lang='lat' dir='ltr'>et</span> <span class='ocrx_word' id='word_1_350' title='bbox 1241 647 1275 670; x_wconf 86' lang='grc' dir='ltr'>ιιι</span> <span class='ocrx_word' id='word_1_351' title='bbox 1301 636 1358 670; x_wconf 80' lang='lat' dir='ltr'>tiis</span> <span class='ocrx_word' id='word_1_352' title='bbox 1394 638 1676 673; x_wconf 76' lang='lat' dir='ltr'>tundamentum</span> <span class='ocrx_word' id='word_1_353' title='bbox 1707 637 1790 684; x_wconf 90' lang='lat' dir='ltr'>qui-</span> 
     </span>
     <span class='ocr_line' id='line_1_66' title="bbox 1017 684 1790 726; baseline 0.003 -7"><span class='ocrx_word' id='word_1_354' title='bbox 1017 684 1098 719; x_wconf 90' lang='lat' dir='ltr'>dem</span> <span class='ocrx_word' id='word_1_355' title='bbox 1124 686 1263 725; x_wconf 83' lang='lat' dir='ltr'>manet,</span> <span class='ocrx_word' id='word_1_356' title='bbox 1295 684 1380 726; x_wconf 81' lang='lat' dir='ltr'>quia</span> <span class='ocrx_word' id='word_1_357' title='bbox 1415 694 1521 718; x_wconf 89' lang='lat' dir='ltr'>amor</span> <span class='ocrx_word' id='word_1_358' title='bbox 1545 684 1605 719; x_wconf 74' lang='lat' dir='ltr'>nei</span> <span class='ocrx_word' id='word_1_359' title='bbox 1633 695 1708 720; x_wconf 89' lang='lat' dir='ltr'>non</span> <span class='ocrx_word' id='word_1_360' title='bbox 1728 685 1790 721; x_wconf 82' lang='lat' dir='ltr'>de-</span> 
     </span>
     <span class='ocr_line' id='line_1_67' title="bbox 1018 729 1791 774; baseline 0.004 -10"><span class='ocrx_word' id='word_1_361' title='bbox 1018 732 1176 765; x_wconf 89' lang='lat' dir='ltr'>struitur</span> <span class='ocrx_word' id='word_1_362' title='bbox 1188 741 1196 769; x_wconf 83' lang='lat'>;</span> <span class='ocrx_word' id='word_1_363' title='bbox 1208 733 1331 764; x_wconf 84' lang='lat' dir='ltr'>tamen</span> <span class='ocrx_word' id='word_1_364' title='bbox 1343 729 1429 774; x_wconf 87' lang='lat' dir='ltr'>quia</span> <span class='ocrx_word' id='word_1_365' title='bbox 1446 740 1488 764; x_wconf 77' lang='lat' dir='ltr'>ex</span> <span class='ocrx_word' id='word_1_366' title='bbox 1505 730 1638 766; x_wconf 78' lang='lat' dir='ltr'>affectu</span> <span class='ocrx_word' id='word_1_367' title='bbox 1659 741 1791 767; x_wconf 89' lang='lat' dir='ltr'>eorum</span> 
     </span>
     <span class='ocr_line' id='line_1_68' title="bbox 1018 775 1793 822; baseline 0.003 -11"><span class='ocrx_word' id='word_1_368' title='bbox 1018 787 1100 821; x_wconf 79' lang='lat' dir='ltr'>quae</span> <span class='ocrx_word' id='word_1_369' title='bbox 1117 775 1454 822; x_wconf 71' lang='lat' dir='ltr'>parituramantur,</span> <span class='ocrx_word' id='word_1_370' title='bbox 1475 777 1645 821; x_wconf 86' lang='lat' dir='ltr'>qnaedam</span> <span class='ocrx_word' id='word_1_371' title='bbox 1663 788 1793 813; x_wconf 83' lang='lat' dir='ltr'>corru-</span> 
     </span>
     <span class='ocr_line' id='line_1_69' title="bbox 1016 823 1789 870; baseline 0.004 -13"><span class='ocrx_word' id='word_1_372' title='bbox 1016 823 1093 869; x_wconf 90' lang='lat' dir='ltr'>ptio</span> <span class='ocrx_word' id='word_1_373' title='bbox 1114 823 1361 866; x_wconf 82' lang='lat' dir='ltr'>contrahitur,</span> <span class='ocrx_word' id='word_1_374' title='bbox 1394 823 1549 867; x_wconf 83' lang='lat' dir='ltr'>lignum,</span> <span class='ocrx_word' id='word_1_375' title='bbox 1572 827 1608 859; x_wconf 88' lang='lat' dir='ltr'>et</span> <span class='ocrx_word' id='word_1_376' title='bbox 1631 825 1789 870; x_wconf 80' lang='lat' dir='ltr'>soenum,</span> 
     </span>
     <span class='ocr_line' id='line_1_70' title="bbox 1017 869 1794 917; baseline 0.003 -12"><span class='ocrx_word' id='word_1_377' title='bbox 1017 874 1053 905; x_wconf 91' lang='lat' dir='ltr'>et</span> <span class='ocrx_word' id='word_1_378' title='bbox 1073 869 1209 914; x_wconf 88' lang='lat' dir='ltr'>stipula</span> <span class='ocrx_word' id='word_1_379' title='bbox 1236 871 1557 914; x_wconf 59' lang='lat' dir='ltr'>superaedificatur</span> <span class='ocrx_word' id='word_1_380' title='bbox 1579 882 1586 905; x_wconf 91' lang='lat'>:</span> <span class='ocrx_word' id='word_1_381' title='bbox 1616 871 1654 906; x_wconf 90' lang='lat' dir='ltr'>in</span> <span class='ocrx_word' id='word_1_382' title='bbox 1675 870 1794 917; x_wconf 85' lang='lat' dir='ltr'>ligno,</span> 
     </span>
     <span class='ocr_line' id='line_1_71' title="bbox 1014 916 1792 963; baseline 0.003 -11"><span class='ocrx_word' id='word_1_383' title='bbox 1014 920 1207 963; x_wconf 88' lang='lat' dir='ltr'>peccatum</span> <span class='ocrx_word' id='word_1_384' title='bbox 1230 916 1344 951; x_wconf 74' lang='lat' dir='ltr'>illiciti</span> <span class='ocrx_word' id='word_1_385' title='bbox 1366 917 1508 962; x_wconf 42' lang='lat' dir='ltr'>operi&amp;</span> <span class='ocrx_word' id='word_1_386' title='bbox 1532 917 1570 953; x_wconf 88' lang='lat' dir='ltr'>in</span> <span class='ocrx_word' id='word_1_387' title='bbox 1588 918 1689 953; x_wconf 84' lang='lat' dir='ltr'>foeno</span> <span class='ocrx_word' id='word_1_388' title='bbox 1710 917 1792 955; x_wconf 90' lang='lat' dir='ltr'>sine</span> 
     </span>
     <span class='ocr_line' id='line_1_72' title="bbox 1018 964 1793 1016; baseline 0.001 -17"><span class='ocrx_word' id='word_1_389' title='bbox 1018 974 1146 1016; x_wconf 80' lang='lat' dir='ltr'>opere,</span> <span class='ocrx_word' id='word_1_390' title='bbox 1159 967 1349 1008; x_wconf 76' lang='lat' dir='ltr'>peccatum</span> <span class='ocrx_word' id='word_1_391' title='bbox 1368 974 1492 1009; x_wconf 64' lang='lat' dir='ltr'>pravae</span> <span class='ocrx_word' id='word_1_392' title='bbox 1511 964 1793 1010; x_wconf 86' lang='lat' dir='ltr'>delectationis;</span> 
     </span>
     <span class='ocr_line' id='line_1_73' title="bbox 1018 1010 1792 1057; baseline 0.003 -12"><span class='ocrx_word' id='word_1_393' title='bbox 1018 1022 1055 1045; x_wconf 84' lang='lat' dir='ltr'>in</span> <span class='ocrx_word' id='word_1_394' title='bbox 1083 1010 1233 1056; x_wconf 83' lang='lat' dir='ltr'>stipula,</span> <span class='ocrx_word' id='word_1_395' title='bbox 1258 1014 1451 1055; x_wconf 71' lang='lat' dir='ltr'>peccatum</span> <span class='ocrx_word' id='word_1_396' title='bbox 1480 1011 1618 1047; x_wconf 86' lang='lat' dir='ltr'>illicitae</span> <span class='ocrx_word' id='word_1_397' title='bbox 1648 1011 1792 1057; x_wconf 85' lang='lat' dir='ltr'>cogita-</span> 
     </span>
     <span class='ocr_line' id='line_1_74' title="bbox 1019 1057 1794 1103; baseline 0.004 -11"><span class='ocrx_word' id='word_1_398' title='bbox 1019 1057 1144 1092; x_wconf 77' lang='lat' dir='ltr'>tionis.</span> <span class='ocrx_word' id='word_1_399' title='bbox 1173 1058 1264 1093; x_wconf 89' lang='lat' dir='ltr'>Sunt</span> <span class='ocrx_word' id='word_1_400' title='bbox 1292 1057 1352 1092; x_wconf 87' lang='lat' dir='ltr'>alii</span> <span class='ocrx_word' id='word_1_401' title='bbox 1376 1057 1439 1101; x_wconf 80' lang='lat' dir='ltr'>qui</span> <span class='ocrx_word' id='word_1_402' title='bbox 1471 1062 1598 1093; x_wconf 82' lang='lat' dir='ltr'>amant</span> <span class='ocrx_word' id='word_1_403' title='bbox 1621 1059 1794 1103; x_wconf 87' lang='lat' dir='ltr'>quaedam</span> 
     </span>
     <span class='ocr_line' id='line_1_75' title="bbox 1020 1104 1795 1147; baseline 0.003 -8"><span class='ocrx_word' id='word_1_404' title='bbox 1020 1107 1151 1139; x_wconf 90' lang='lat' dir='ltr'>contra</span> <span class='ocrx_word' id='word_1_405' title='bbox 1171 1105 1301 1147; x_wconf 88' lang='lat' dir='ltr'>Deum,</span> <span class='ocrx_word' id='word_1_406' title='bbox 1332 1108 1366 1139; x_wconf 88' lang='lat' dir='ltr'>et</span> <span class='ocrx_word' id='word_1_407' title='bbox 1388 1104 1423 1139; x_wconf 90' lang='lat' dir='ltr'>in</span> <span class='ocrx_word' id='word_1_408' title='bbox 1456 1105 1514 1140; x_wconf 88' lang='lat' dir='ltr'>his</span> <span class='ocrx_word' id='word_1_409' title='bbox 1542 1105 1694 1141; x_wconf 90' lang='lat' dir='ltr'>omnino</span> <span class='ocrx_word' id='word_1_410' title='bbox 1728 1105 1795 1142; x_wconf 87' lang='lat' dir='ltr'>de-</span> 
     </span>
     <span class='ocr_line' id='line_1_76' title="bbox 1019 1151 1801 1203; baseline 0.004 -18"><span class='ocrx_word' id='word_1_411' title='bbox 1019 1151 1174 1203; x_wconf 79' lang='lat' dir='ltr'>struitur</span> <span class='ocrx_word' id='word_1_412' title='bbox 1218 1152 1520 1195; x_wconf 85' lang='lat' dir='ltr'>t&#39;undamentum,</span> <span class='ocrx_word' id='word_1_413' title='bbox 1556 1151 1645 1197; x_wconf 84' lang='lat' dir='ltr'>quia</span> <span class='ocrx_word' id='word_1_414' title='bbox 1687 1162 1801 1188; x_wconf 76' lang='lat' dir='ltr'>amor</span> 
     </span>
     <span class='ocr_line' id='line_1_77' title="bbox 1018 1199 1795 1243; baseline 0.003 -10"><span class='ocrx_word' id='word_1_415' title='bbox 1018 1200 1083 1234; x_wconf 86' lang='lat' dir='ltr'>Dei</span> <span class='ocrx_word' id='word_1_416' title='bbox 1113 1208 1194 1233; x_wconf 87' lang='lat' dir='ltr'>esse</span> <span class='ocrx_word' id='word_1_417' title='bbox 1223 1209 1297 1233; x_wconf 91' lang='lat' dir='ltr'>non</span> <span class='ocrx_word' id='word_1_418' title='bbox 1337 1202 1473 1243; x_wconf 58' lang='lat' dir='ltr'>potest,</span> <span class='ocrx_word' id='word_1_419' title='bbox 1496 1199 1560 1234; x_wconf 84' lang='lat' dir='ltr'>ubi</span> <span class='ocrx_word' id='word_1_420' title='bbox 1596 1199 1652 1234; x_wconf 78' lang='lat' dir='ltr'>vel</span> <span class='ocrx_word' id='word_1_421' title='bbox 1692 1199 1795 1235; x_wconf 87' lang='lat' dir='ltr'>solus</span> 
     </span>
     <span class='ocr_line' id='line_1_78' title="bbox 1017 1245 1794 1291; baseline 0.003 -11"><span class='ocrx_word' id='word_1_422' title='bbox 1017 1245 1074 1280; x_wconf 83' lang='lat' dir='ltr'>vel</span> <span class='ocrx_word' id='word_1_423' title='bbox 1092 1256 1260 1280; x_wconf 83' lang='lat' dir='ltr'>summus</span> <span class='ocrx_word' id='word_1_424' title='bbox 1278 1256 1351 1279; x_wconf 91' lang='lat' dir='ltr'>non</span> <span class='ocrx_word' id='word_1_425' title='bbox 1371 1248 1438 1280; x_wconf 85' lang='lat' dir='ltr'>est.</span> <span class='ocrx_word' id='word_1_426' title='bbox 1462 1246 1634 1290; x_wconf 74' lang='lat' dir='ltr'>Igiturad</span> <span class='ocrx_word' id='word_1_427' title='bbox 1651 1245 1794 1291; x_wconf 87' lang='lat' dir='ltr'>primos</span> 
     </span>
     <span class='ocr_line' id='line_1_79' title="bbox 1017 1292 1794 1338; baseline 0.003 -12"><span class='ocrx_word' id='word_1_428' title='bbox 1017 1292 1180 1338; x_wconf 80' lang='lat' dir='ltr'>pertinet</span> <span class='ocrx_word' id='word_1_429' title='bbox 1201 1292 1343 1326; x_wconf 83' lang='lat' dir='ltr'>landari</span> <span class='ocrx_word' id='word_1_430' title='bbox 1367 1296 1400 1327; x_wconf 82' lang='lat' dir='ltr'>et</span> <span class='ocrx_word' id='word_1_431' title='bbox 1422 1292 1580 1336; x_wconf 78' lang='lat' dir='ltr'>salvari3</span> <span class='ocrx_word' id='word_1_432' title='bbox 1603 1293 1649 1328; x_wconf 89' lang='lat' dir='ltr'>ad</span> <span class='ocrx_word' id='word_1_433' title='bbox 1664 1303 1794 1329; x_wconf 87' lang='lat' dir='ltr'>secun-</span> 
     </span>
     <span class='ocr_line' id='line_1_80' title="bbox 1018 1338 1792 1384; baseline 0.001 -10"><span class='ocrx_word' id='word_1_434' title='bbox 1018 1341 1098 1383; x_wconf 84' lang='lat' dir='ltr'>dos,</span> <span class='ocrx_word' id='word_1_435' title='bbox 1132 1338 1266 1384; x_wconf 90' lang='lat' dir='ltr'>corripi</span> <span class='ocrx_word' id='word_1_436' title='bbox 1305 1343 1339 1374; x_wconf 90' lang='lat' dir='ltr'>et</span> <span class='ocrx_word' id='word_1_437' title='bbox 1367 1338 1538 1383; x_wconf 82' lang='lat' dir='ltr'>liberari3</span> <span class='ocrx_word' id='word_1_438' title='bbox 1562 1339 1607 1374; x_wconf 84' lang='lat' dir='ltr'>ad</span> <span class='ocrx_word' id='word_1_439' title='bbox 1645 1339 1792 1384; x_wconf 84' lang='lat' dir='ltr'>tertios,</span> 
     </span>
     <span class='ocr_line' id='line_1_81' title="bbox 1017 1385 1797 1432; baseline 0.001 -11"><span class='ocrx_word' id='word_1_440' title='bbox 1017 1385 1125 1431; x_wconf 81' lang='lat' dir='ltr'>argui</span> <span class='ocrx_word' id='word_1_441' title='bbox 1161 1389 1195 1421; x_wconf 87' lang='lat' dir='ltr'>et</span> <span class='ocrx_word' id='word_1_442' title='bbox 1217 1385 1400 1421; x_wconf 81' lang='lat' dir='ltr'>damnari.</span> <span class='ocrx_word' id='word_1_443' title='bbox 1433 1388 1539 1429; x_wconf 86' lang='lat' dir='ltr'>Item,</span> <span class='ocrx_word' id='word_1_444' title='bbox 1571 1397 1684 1432; x_wconf 84' lang='lat' dir='ltr'>super</span> <span class='ocrx_word' id='word_1_445' title='bbox 1708 1387 1797 1422; x_wconf 80' lang='lat' dir='ltr'>fun·</span> 
     </span>
     <span class='ocr_line' id='line_1_82' title="bbox 1017 1432 1792 1478; baseline 0.001 -10"><span class='ocrx_word' id='word_1_446' title='bbox 1017 1433 1236 1468; x_wconf 89' lang='lat' dir='ltr'>damentum</span> <span class='ocrx_word' id='word_1_447' title='bbox 1275 1432 1377 1475; x_wconf 76' lang='lat' dir='ltr'>fidei,</span> <span class='ocrx_word' id='word_1_448' title='bbox 1412 1432 1562 1478; x_wconf 88' lang='lat' dir='ltr'>quidam</span> <span class='ocrx_word' id='word_1_449' title='bbox 1601 1433 1792 1469; x_wconf 75' lang='lat' dir='ltr'>aedificant</span> 
     </span>
     <span class='ocr_line' id='line_1_83' title="bbox 1016 1479 1797 1526; baseline 0.003 -11"><span class='ocrx_word' id='word_1_450' title='bbox 1016 1490 1147 1515; x_wconf 88' lang='lat' dir='ltr'>aurum</span> <span class='ocrx_word' id='word_1_451' title='bbox 1187 1479 1524 1526; x_wconf 80' lang='lat' dir='ltr'>contemplationis,</span> <span class='ocrx_word' id='word_1_452' title='bbox 1552 1480 1706 1525; x_wconf 86' lang='lat' dir='ltr'>quidam</span> <span class='ocrx_word' id='word_1_453' title='bbox 1731 1491 1797 1517; x_wconf 86' lang='lat' dir='ltr'>ar-</span> 
     </span>
     <span class='ocr_line' id='line_1_84' title="bbox 1017 1526 1795 1574; baseline 0.003 -13"><span class='ocrx_word' id='word_1_454' title='bbox 1017 1530 1169 1572; x_wconf 79' lang='lat' dir='ltr'>gentum</span> <span class='ocrx_word' id='word_1_455' title='bbox 1198 1526 1490 1571; x_wconf 75' lang='lat' dir='ltr'>praedicationis‚</span> <span class='ocrx_word' id='word_1_456' title='bbox 1519 1528 1670 1572; x_wconf 68' lang='lat' dir='ltr'>quidam</span> <span class='ocrx_word' id='word_1_457' title='bbox 1698 1527 1795 1574; x_wconf 83' lang='lat' dir='ltr'>lapi·-</span> 
     </span>
     <span class='ocr_line' id='line_1_85' title="bbox 1017 1572 1794 1620; baseline 0.001 -11"><span class='ocrx_word' id='word_1_458' title='bbox 1017 1575 1084 1609; x_wconf 85' lang='lat' dir='ltr'>dcs</span> <span class='ocrx_word' id='word_1_459' title='bbox 1107 1573 1289 1619; x_wconf 57' lang='lat' dir='ltr'>pretioss</span> <span class='ocrx_word' id='word_1_460' title='bbox 1310 1574 1492 1609; x_wconf 71' lang='lat' dir='ltr'>honorum</span> <span class='ocrx_word' id='word_1_461' title='bbox 1515 1572 1683 1620; x_wconf 81' lang='lat' dir='ltr'>opernm.</span> <span class='ocrx_word' id='word_1_462' title='bbox 1719 1573 1794 1610; x_wconf 88' lang='lat' dir='ltr'>Alii</span> 
     </span>
     <span class='ocr_line' id='line_1_86' title="bbox 1016 1620 1794 1664; baseline 0.004 -9"><span class='ocrx_word' id='word_1_463' title='bbox 1016 1631 1104 1656; x_wconf 73' lang='lat' dir='ltr'>vero</span> <span class='ocrx_word' id='word_1_464' title='bbox 1121 1620 1305 1656; x_wconf 74' lang='lat' dir='ltr'>aedificant</span> <span class='ocrx_word' id='word_1_465' title='bbox 1330 1620 1444 1664; x_wconf 64' lang='lat' dir='ltr'>lima,</span> <span class='ocrx_word' id='word_1_466' title='bbox 1463 1621 1603 1657; x_wconf 79' lang='lat' dir='ltr'>scilicet</span> <span class='ocrx_word' id='word_1_467' title='bbox 1624 1631 1794 1658; x_wconf 89' lang='lat' dir='ltr'>amorem</span> 
     </span>
     <span class='ocr_line' id='line_1_87' title="bbox 1015 1667 1791 1713; baseline 0.003 -10"><span class='ocrx_word' id='word_1_468' title='bbox 1015 1667 1268 1703; x_wconf 81' lang='lat' dir='ltr'>ardentiorem</span> <span class='ocrx_word' id='word_1_469' title='bbox 1300 1668 1585 1713; x_wconf 87' lang='lat' dir='ltr'>temporalium;</span> <span class='ocrx_word' id='word_1_470' title='bbox 1625 1668 1689 1704; x_wconf 89' lang='lat' dir='ltr'>alii</span> <span class='ocrx_word' id='word_1_471' title='bbox 1723 1669 1791 1705; x_wconf 84' lang='lat' dir='ltr'>foe-</span> 
     </span>
     <span class='ocr_line' id='line_1_88' title="bbox 1015 1714 1792 1757; baseline 0.003 -8"><span class='ocrx_word' id='word_1_472' title='bbox 1015 1725 1119 1757; x_wconf 92' lang='lat' dir='ltr'>num,</span> <span class='ocrx_word' id='word_1_473' title='bbox 1158 1714 1297 1749; x_wconf 79' lang='lat' dir='ltr'>scilicet</span> <span class='ocrx_word' id='word_1_474' title='bbox 1335 1715 1464 1750; x_wconf 86' lang='lat' dir='ltr'>fimum</span> <span class='ocrx_word' id='word_1_475' title='bbox 1499 1715 1792 1751; x_wconf 78' lang='lat' dir='ltr'>delectationum</span> 
     </span>
     <span class='ocr_line' id='line_1_89' title="bbox 1015 1760 1791 1807; baseline 0.001 -11"><span class='ocrx_word' id='word_1_476' title='bbox 1015 1760 1221 1796; x_wconf 87' lang='lat' dir='ltr'>carnalium</span> <span class='ocrx_word' id='word_1_477' title='bbox 1238 1772 1245 1804; x_wconf 80' lang='lat'><em>3</em></span> <span class='ocrx_word' id='word_1_478' title='bbox 1263 1760 1329 1802; x_wconf 79' lang='lat' dir='ltr'>alii</span> <span class='ocrx_word' id='word_1_479' title='bbox 1351 1761 1539 1807; x_wconf 84' lang='lat' dir='ltr'>stipulam,</span> <span class='ocrx_word' id='word_1_480' title='bbox 1563 1761 1703 1797; x_wconf 91' lang='lat' dir='ltr'>scilicet</span> <span class='ocrx_word' id='word_1_481' title='bbox 1720 1761 1791 1798; x_wconf 92' lang='lat' dir='ltr'>oti-</span> 
     </span>
     <span class='ocr_line' id='line_1_90' title="bbox 1015 1808 1789 1853; baseline 0.001 -10"><span class='ocrx_word' id='word_1_482' title='bbox 1015 1818 1167 1843; x_wconf 87' lang='lat' dir='ltr'>osorum</span> <span class='ocrx_word' id='word_1_483' title='bbox 1204 1809 1403 1843; x_wconf 82' lang='lat' dir='ltr'>verborum</span> <span class='ocrx_word' id='word_1_484' title='bbox 1433 1812 1469 1843; x_wconf 86' lang='lat' dir='ltr'>et</span> <span class='ocrx_word' id='word_1_485' title='bbox 1498 1819 1652 1853; x_wconf 79' lang='lat' dir='ltr'>opernm</span> <span class='ocrx_word' id='word_1_486' title='bbox 1680 1808 1789 1844; x_wconf 86' lang='lat' dir='ltr'>infir-</span> 
     </span>
     <span class='ocr_line' id='line_1_91' title="bbox 1015 1853 1790 1897; baseline 0.001 -7"><span class='ocrx_word' id='word_1_487' title='bbox 1015 1865 1183 1897; x_wconf 81' lang='lat' dir='ltr'>moru1n3</span> <span class='ocrx_word' id='word_1_488' title='bbox 1207 1853 1267 1889; x_wconf 85' lang='lat' dir='ltr'>isti</span> <span class='ocrx_word' id='word_1_489' title='bbox 1298 1855 1411 1890; x_wconf 80' lang='lat' dir='ltr'>etiam</span> <span class='ocrx_word' id='word_1_490' title='bbox 1429 1854 1632 1897; x_wconf 84' lang='lat' dir='ltr'>salvantur,</span> <span class='ocrx_word' id='word_1_491' title='bbox 1656 1855 1790 1896; x_wconf 83' lang='lat' dir='ltr'>merito</span> 
     </span>
     <span class='ocr_line' id='line_1_92' title="bbox 1016 1901 1792 1954; baseline 0.003 -17"><span class='ocrx_word' id='word_1_492' title='bbox 1016 1901 1248 1954; x_wconf 60' lang='lat' dir='ltr'>fundamenti</span> <span class='ocrx_word' id='word_1_493' title='bbox 1275 1929 1284 1944; x_wconf 96' lang='lat'>,</span> <span class='ocrx_word' id='word_1_494' title='bbox 1327 1906 1363 1936; x_wconf 89' lang='lat' dir='ltr'>et</span> <span class='ocrx_word' id='word_1_495' title='bbox 1401 1906 1527 1936; x_wconf 90' lang='lat' dir='ltr'>tamen</span> <span class='ocrx_word' id='word_1_496' title='bbox 1571 1902 1677 1947; x_wconf 89' lang='lat' dir='ltr'>quasi</span> <span class='ocrx_word' id='word_1_497' title='bbox 1722 1913 1792 1949; x_wconf 85' lang='lat' dir='ltr'>per</span> 
     </span>
     <span class='ocr_line' id='line_1_93' title="bbox 1014 1948 1791 1993; baseline 0.004 -10"><span class='ocrx_word' id='word_1_498' title='bbox 1014 1959 1154 1993; x_wconf 82' lang='lat' dir='ltr'>ignem,</span> <span class='ocrx_word' id='word_1_499' title='bbox 1177 1958 1250 1992; x_wconf 86' lang='lat' dir='ltr'>quo</span> <span class='ocrx_word' id='word_1_500' title='bbox 1273 1948 1440 1983; x_wconf 72' lang='lat' dir='ltr'>exuritur</span> <span class='ocrx_word' id='word_1_501' title='bbox 1466 1948 1666 1985; x_wconf 73' lang='lat' dir='ltr'>:edificium</span> <span class='ocrx_word' id='word_1_502' title='bbox 1686 1952 1791 1986; x_wconf 87' lang='lat' dir='ltr'>tanto</span> 
     </span>
     <span class='ocr_line' id='line_1_94' title="bbox 1014 1995 1568 2031; baseline 0 0"><span class='ocrx_word' id='word_1_503' title='bbox 1014 1995 1260 2031; x_wconf 82' lang='lat' dir='ltr'>fundamento</span> <span class='ocrx_word' id='word_1_504' title='bbox 1285 2006 1358 2030; x_wconf 93' lang='lat' dir='ltr'>non</span> <span class='ocrx_word' id='word_1_505' title='bbox 1378 1995 1568 2031; x_wconf 88' lang='lat' dir='ltr'>idoneum.</span> 
     </span>
    </p>

    <p class='ocr_par' dir='ltr' id='par_1_5' title="bbox 1009 2043 1812 2841">
     <span class='ocr_line' id='line_1_95' title="bbox 1065 2043 1791 2080; baseline 0.003 -3"><span class='ocrx_word' id='word_1_506' title='bbox 1065 2056 1104 2077; x_wconf 85' lang='lat'>12</span> <span class='ocrx_word' id='word_1_507' title='bbox 1124 2043 1323 2077; x_wconf 58' lang='lat' dir='ltr'>Anniam«)</span> <span class='ocrx_word' id='word_1_508' title='bbox 1345 2054 1466 2077; x_wconf 63' lang='lat' dir='ltr'>Tnnnffi</span> <span class='ocrx_word' id='word_1_509' title='bbox 1488 2054 1598 2078; x_wconf 70' lang='lat' dir='ltr'>suren</span> <span class='ocrx_word' id='word_1_510' title='bbox 1615 2054 1791 2080; x_wconf 62' lang='lat' dir='ltr'>noemin</span> 
     </span>
     <span class='ocr_line' id='line_1_96' title="bbox 1014 2089 1792 2127; baseline 0.003 -2"><span class='ocrx_word' id='word_1_511' title='bbox 1014 2090 1160 2126; x_wconf 72' lang='lat' dir='ltr'>Domxi.</span> <span class='ocrx_word' id='word_1_512' title='bbox 1185 2111 1226 2114; x_wconf 85' lang='lat'>—</span> <span class='ocrx_word' id='word_1_513' title='bbox 1255 2089 1396 2124; x_wconf 87' lang='lat' dir='ltr'>Deinde</span> <span class='ocrx_word' id='word_1_514' title='bbox 1427 2090 1473 2124; x_wconf 81' lang='lat' dir='ltr'>ad</span> <span class='ocrx_word' id='word_1_515' title='bbox 1507 2089 1792 2127; x_wconf 88' lang='lat' dir='ltr'>conclusionem</span> 
     </span>
     <span class='ocr_line' id='line_1_97' title="bbox 1015 2136 1788 2183; baseline 0.004 -12"><span class='ocrx_word' id='word_1_516' title='bbox 1015 2136 1182 2172; x_wconf 90' lang='lat' dir='ltr'>omnium</span> <span class='ocrx_word' id='word_1_517' title='bbox 1206 2136 1497 2182; x_wconf 60' lang='lat' dir='ltr'>praecedentium</span> <span class='ocrx_word' id='word_1_518' title='bbox 1521 2137 1788 2183; x_wconf 84' lang='lat' dir='ltr'>subjungitur:</span> 
     </span>
     <span class='ocr_line' id='line_1_98' title="bbox 1013 2185 1792 2227; baseline 0.003 -8"><span class='ocrx_word' id='word_1_519' title='bbox 1013 2186 1061 2219; x_wconf 79' lang='lat' dir='ltr'>Et</span> <span class='ocrx_word' id='word_1_520' title='bbox 1073 2185 1213 2226; x_wconf 76' lang='lat' dir='ltr'>factum</span> <span class='ocrx_word' id='word_1_521' title='bbox 1229 2187 1294 2227; x_wconf 69' lang='lat' dir='ltr'>est,</span> <span class='ocrx_word' id='word_1_522' title='bbox 1309 2195 1387 2218; x_wconf 76' lang='lat' dir='ltr'>cum</span> <span class='ocrx_word' id='word_1_523' title='bbox 1402 2186 1792 2221; x_wconf 73' lang='lat' dir='ltr'>consummassetJesus</span> 
     </span>
     <span class='ocr_line' id='line_1_99' title="bbox 1013 2230 1791 2274; baseline 0.004 -9"><span class='ocrx_word' id='word_1_524' title='bbox 1013 2231 1124 2266; x_wconf 74' lang='lat' dir='ltr'>verba</span> <span class='ocrx_word' id='word_1_525' title='bbox 1145 2232 1230 2274; x_wconf 80' lang='lat' dir='ltr'>haec,</span> <span class='ocrx_word' id='word_1_526' title='bbox 1255 2230 1394 2265; x_wconf 87' lang='lat' dir='ltr'>scilicet</span> <span class='ocrx_word' id='word_1_527' title='bbox 1416 2241 1609 2266; x_wconf 88' lang='lat' dir='ltr'>sermones</span> <span class='ocrx_word' id='word_1_528' title='bbox 1635 2230 1727 2267; x_wconf 89' lang='lat' dir='ltr'>istos</span> <span class='ocrx_word' id='word_1_529' title='bbox 1748 2231 1791 2268; x_wconf 86' lang='lat' dir='ltr'>in</span> 
     </span>
     <span class='ocr_line' id='line_1_100' title="bbox 1014 2277 1791 2322; baseline 0.003 -9"><span class='ocrx_word' id='word_1_530' title='bbox 1014 2281 1143 2313; x_wconf 87' lang='lat' dir='ltr'>monte</span> <span class='ocrx_word' id='word_1_531' title='bbox 1180 2277 1343 2320; x_wconf 87' lang='lat' dir='ltr'>habitos,</span> <span class='ocrx_word' id='word_1_532' title='bbox 1382 2277 1442 2322; x_wconf 86' lang='lat' dir='ltr'>qui</span> <span class='ocrx_word' id='word_1_533' title='bbox 1480 2277 1575 2313; x_wconf 83' lang='lat' dir='ltr'>hene</span> <span class='ocrx_word' id='word_1_534' title='bbox 1615 2277 1791 2315; x_wconf 81' lang='lat' dir='ltr'>dicuntur</span> 
     </span>
     <span class='ocr_line' id='line_1_101' title="bbox 1015 2324 1790 2370; baseline 0.001 -10"><span class='ocrx_word' id='word_1_535' title='bbox 1015 2324 1277 2369; x_wconf 85' lang='lat' dir='ltr'>consummati,</span> <span class='ocrx_word' id='word_1_536' title='bbox 1313 2324 1399 2370; x_wconf 87' lang='lat' dir='ltr'>quia</span> <span class='ocrx_word' id='word_1_537' title='bbox 1420 2324 1511 2359; x_wconf 87' lang='lat' dir='ltr'>nihil</span> <span class='ocrx_word' id='word_1_538' title='bbox 1534 2324 1790 2370; x_wconf 87' lang='lat' dir='ltr'>imperfectio-</span> 
     </span>
     <span class='ocr_line' id='line_1_102' title="bbox 1014 2371 1791 2415; baseline 0.003 -8"><span class='ocrx_word' id='word_1_539' title='bbox 1014 2371 1072 2407; x_wconf 92' lang='lat' dir='ltr'>nis</span> <span class='ocrx_word' id='word_1_540' title='bbox 1095 2373 1248 2415; x_wconf 88' lang='lat' dir='ltr'>habent,</span> <span class='ocrx_word' id='word_1_541' title='bbox 1277 2375 1313 2407; x_wconf 92' lang='lat' dir='ltr'>et</span> <span class='ocrx_word' id='word_1_542' title='bbox 1340 2371 1468 2407; x_wconf 88' lang='lat' dir='ltr'>omnia</span> <span class='ocrx_word' id='word_1_543' title='bbox 1489 2372 1596 2407; x_wconf 87' lang='lat' dir='ltr'>saluti</span> <span class='ocrx_word' id='word_1_544' title='bbox 1619 2382 1791 2409; x_wconf 85' lang='lat' dir='ltr'>necessa-</span> 
     </span>
     <span class='ocr_line' id='line_1_103' title="bbox 1014 2419 1792 2462; baseline 0 -7"><span class='ocrx_word' id='word_1_545' title='bbox 1014 2419 1071 2455; x_wconf 86' lang='lat' dir='ltr'>ria</span> <span class='ocrx_word' id='word_1_546' title='bbox 1109 2419 1316 2462; x_wconf 87' lang='lat' dir='ltr'>continent,</span> <span class='ocrx_word' id='word_1_547' title='bbox 1356 2419 1638 2454; x_wconf 77' lang='lat' dir='ltr'>admirabantur</span> <span class='ocrx_word' id='word_1_548' title='bbox 1675 2420 1792 2456; x_wconf 80' lang='lat' dir='ltr'>turbae</span> 
     </span>
     <span class='ocr_line' id='line_1_104' title="bbox 1012 2465 1791 2512; baseline 0.003 -11"><span class='ocrx_word' id='word_1_549' title='bbox 1012 2477 1121 2512; x_wconf 80' lang='lat' dir='ltr'>super</span> <span class='ocrx_word' id='word_1_550' title='bbox 1139 2467 1305 2501; x_wconf 77' lang='lat' dir='ltr'>doctrina</span> <span class='ocrx_word' id='word_1_551' title='bbox 1331 2465 1422 2510; x_wconf 81' lang='lat' dir='ltr'>ejus,</span> <span class='ocrx_word' id='word_1_552' title='bbox 1446 2470 1482 2501; x_wconf 84' lang='lat' dir='ltr'>et</span> <span class='ocrx_word' id='word_1_553' title='bbox 1501 2466 1547 2501; x_wconf 90' lang='lat' dir='ltr'>de</span> <span class='ocrx_word' id='word_1_554' title='bbox 1567 2465 1791 2503; x_wconf 84' lang='lat' dir='ltr'>excellentia</span> 
     </span>
     <span class='ocr_line' id='line_1_105' title="bbox 1013 2512 1791 2559; baseline 0.003 -11"><span class='ocrx_word' id='word_1_555' title='bbox 1013 2513 1206 2559; x_wconf 78' lang='lat' dir='ltr'>sapientiae</span> <span class='ocrx_word' id='word_1_556' title='bbox 1248 2513 1341 2558; x_wconf 85' lang='lat' dir='ltr'>ejus,</span> <span class='ocrx_word' id='word_1_557' title='bbox 1375 2512 1462 2558; x_wconf 88' lang='lat' dir='ltr'>quia</span> <span class='ocrx_word' id='word_1_558' title='bbox 1497 2523 1704 2558; x_wconf 77' lang='lat' dir='ltr'>numquam</span> <span class='ocrx_word' id='word_1_559' title='bbox 1738 2513 1791 2550; x_wconf 83' lang='lat' dir='ltr'>sic</span> 
     </span>
     <span class='ocr_line' id='line_1_106' title="bbox 1012 2559 1790 2596; baseline 0 0"><span class='ocrx_word' id='word_1_560' title='bbox 1012 2561 1124 2596; x_wconf 92' lang='lat' dir='ltr'>homo</span> <span class='ocrx_word' id='word_1_561' title='bbox 1157 2563 1213 2595; x_wconf 85' lang='lat' dir='ltr'>est</span> <span class='ocrx_word' id='word_1_562' title='bbox 1236 2559 1394 2595; x_wconf 84' lang='lat' dir='ltr'>locutus.</span> <span class='ocrx_word' id='word_1_563' title='bbox 1434 2561 1476 2594; x_wconf 83' lang='lat' dir='ltr'>Et</span> <span class='ocrx_word' id='word_1_564' title='bbox 1505 2560 1599 2595; x_wconf 88' lang='lat' dir='ltr'>bene</span> <span class='ocrx_word' id='word_1_565' title='bbox 1625 2559 1790 2596; x_wconf 85' lang='lat' dir='ltr'>admira-</span> 
     </span>
     <span class='ocr_line' id='line_1_107' title="bbox 1010 2606 1788 2652; baseline 0.001 -10"><span class='ocrx_word' id='word_1_566' title='bbox 1010 2607 1162 2650; x_wconf 86' lang='lat' dir='ltr'>bantur,</span> <span class='ocrx_word' id='word_1_567' title='bbox 1188 2606 1288 2652; x_wconf 86' lang='lat' dir='ltr'>quia‚</span> <span class='ocrx_word' id='word_1_568' title='bbox 1327 2611 1365 2642; x_wconf 83' lang='lat' dir='ltr'>ut</span> <span class='ocrx_word' id='word_1_569' title='bbox 1397 2606 1447 2642; x_wconf 85' lang='lat' dir='ltr'>ait</span> <span class='ocrx_word' id='word_1_570' title='bbox 1487 2608 1788 2652; x_wconf 74' lang='lat' dir='ltr'>Chrysostomusz</span> 
     </span>
     <span class='ocr_line' id='line_1_108' title="bbox 1012 2653 1785 2700; baseline 0 -10"><span class='ocrx_word' id='word_1_571' title='bbox 1012 2668 1030 2686; x_wconf 89' lang='lat'>«</span> <span class='ocrx_word' id='word_1_572' title='bbox 1049 2654 1235 2699; x_wconf 86' lang='lat' dir='ltr'>Quidquid</span> <span class='ocrx_word' id='word_1_573' title='bbox 1258 2653 1369 2700; x_wconf 81' lang='lat' dir='ltr'>digne</span> <span class='ocrx_word' id='word_1_574' title='bbox 1390 2653 1542 2689; x_wconf 86' lang='lat' dir='ltr'>laudare</span> <span class='ocrx_word' id='word_1_575' title='bbox 1560 2665 1634 2689; x_wconf 90' lang='lat' dir='ltr'>non</span> <span class='ocrx_word' id='word_1_576' title='bbox 1652 2664 1785 2699; x_wconf 88' lang='lat' dir='ltr'>possu-</span> 
     </span>
     <span class='ocr_line' id='line_1_109' title="bbox 1010 2700 1784 2744; baseline 0 -8"><span class='ocrx_word' id='word_1_577' title='bbox 1010 2711 1107 2744; x_wconf 89' lang='lat' dir='ltr'>mus,</span> <span class='ocrx_word' id='word_1_578' title='bbox 1145 2701 1390 2736; x_wconf 84' lang='lat' dir='ltr'>admiramur.</span> <span class='ocrx_word' id='word_1_579' title='bbox 1418 2714 1435 2734; x_wconf 89' lang='lat'>»</span> <span class='ocrx_word' id='word_1_580' title='bbox 1469 2700 1535 2736; x_wconf 84' lang='lat' dir='ltr'>Ubi</span> <span class='ocrx_word' id='word_1_581' title='bbox 1571 2700 1784 2736; x_wconf 85' lang='lat' dir='ltr'>ostenditur</span> 
     </span>
     <span class='ocr_line' id='line_1_110' title="bbox 1010 2747 1782 2800; baseline 0.001 -18"><span class='ocrx_word' id='word_1_582' title='bbox 1010 2747 1216 2800; x_wconf 84' lang='lat' dir='ltr'>eminentia</span> <span class='ocrx_word' id='word_1_583' title='bbox 1234 2747 1413 2783; x_wconf 84' lang='lat' dir='ltr'>doctrinae</span> <span class='ocrx_word' id='word_1_584' title='bbox 1441 2747 1592 2791; x_wconf 79' lang='lat' dir='ltr'>Christi,</span> <span class='ocrx_word' id='word_1_585' title='bbox 1611 2747 1697 2793; x_wconf 78' lang='lat' dir='ltr'>quia</span> <span class='ocrx_word' id='word_1_586' title='bbox 1712 2747 1782 2783; x_wconf 88' lang='lat' dir='ltr'>ad·</span> 
     </span>
     <span class='ocr_line' id='line_1_111' title="bbox 1009 2793 1812 2841; baseline 0 -11"><span class='ocrx_word' id='word_1_587' title='bbox 1009 2796 1245 2831; x_wconf 76' lang='lat' dir='ltr'>mirabantur</span> <span class='ocrx_word' id='word_1_588' title='bbox 1262 2795 1408 2840; x_wconf 81' lang='lat' dir='ltr'>turbae3</span> <span class='ocrx_word' id='word_1_589' title='bbox 1430 2805 1473 2831; x_wconf 90' lang='lat' dir='ltr'>eo</span> <span class='ocrx_word' id='word_1_590' title='bbox 1500 2795 1600 2841; x_wconf 90' lang='lat' dir='ltr'>quod</span> <span class='ocrx_word' id='word_1_591' title='bbox 1621 2793 1786 2831; x_wconf 87' lang='lat' dir='ltr'>eminen-</span> <span class='ocrx_word' id='word_1_592' title='bbox 1802 2799 1812 2806; x_wconf 89' lang='grc'><strong><em>’</em></strong></span> 
     </span>
    </p>
   </div>
  </div>
 </body>
</html>
