1902 3126
257 128 393 163 FACTA
429 128 605 163 CHRISTI
642 128 696 162 AB
731 128 846 162 ANNo
885 130 952 163 xu
993 130 1134 168 USQUE
1171 130 1224 163 AD
1263 131 1413 164 ANNUM
1451 131 1567 165 XXX.
1681 133 1738 169 139

92 199 307 244 ridiculum,
321 199 387 236 sed
406 198 558 245 Angelis
578 197 873 245 pulcherrimum

91 247 344 295 spectaculum
390 246 521 282 raebetl
545 247 685 290 Bonus,
701 245 872 291 inquam,

90 295 215 339 ludus,
229 305 302 342 quo
314 295 354 331 es
381 293 499 329 cimur
511 293 747 339 opprobrium
762 294 875 329 abun-

91 342 266 379 dantibus
301 345 334 377 εί
371 340 551 386 despectio
588 340 766 385 superbis.
797 342 874 377 Hoc

91 393 194 427 casto
225 392 263 426 et
293 387 469 433 religioso
497 386 588 424 ludo
620 387 787 432 ludebat,
809 387 871 434 qui

91 436 240 474 dicebat
281 446 289 472 ε
329 436 582 480 Spectaculum
619 436 714 479 facti
749 446 873 471 sumus

88 482 399 526 mund0,An9elis
411 484 444 517 ei
458 482 677 518 hominibus.
692 484 768 518 Hoc
784 482 872 519 ludo

89 533 126 568 et
143 539 214 566 nos
228 528 379 565 interim
393 529 581 572 ludamus,
595 533 634 565 ut
654 529 871 574 illudamur,

89 576 378 620 confundamur,
406 579 443 612 et
470 576 725 622 humiliemur,
754 577 875 614 donec.

87 622 214 660 veniat
233 622 295 669 qui
311 623 463 669 deponit
484 627 670 670 potentes,
683 628 720 660 et
736 625 873 661 exaltat

86 670 264 714 humiles,
279 670 342 716 qui
358 681 426 707 nos
441 670 606 708 laetificet
617 675 653 708 et
673 672 871 719 gloriticet,

87 717 183 756 etin
206 721 389 755 aeternum
417 718 566 755 exaltet.
589 733 608 752 >›
632 720 677 755 Et
702 719 839 756 iterum
862 731 871 755 :

89 778 110 799 «
135 765 290 813 Oportet
320 775 483 812 namque
515 765 709 802 humiliter
734 767 873 803 sentire

87 812 134 850 de
163 823 203 850 se
229 812 414 849 nitentem
448 813 497 850 ad
526 813 676 858 altiora,
708 825 755 850 ne
784 814 874 850 dum

87 869 202 914 supra
219 870 258 897 se
273 859 458 897 attollitur
471 861 581 897 cadat
601 871 624 898 a
643 871 696 904 se,
716 861 786 897 nisi
809 862 873 897 fir-

86 910 200 945 miter
226 918 294 955 per
324 918 453 944 veram
484 908 736 945 humilitatem
763 909 875 945 fuerit

87 954 283 992 solidatus.
300 954 459 992 Maxima
475 955 574 992 enim
594 955 665 992 nisi
687 956 875 993 humilita-

87 1001 136 1039 tis
166 1002 301 1040 merito
334 1002 490 1039 minime
519 1003 748 1040 obtinentur.
782 1005 874 1040 Pro-

86 1053 219 1097 pterea
250 1049 314 1097 qui
351 1051 614 1096 provehendus
647 1056 717 1095 est,
746 1061 872 1087 corre-

86 1097 214 1145 ptione
234 1097 468 1142 humiliatur,
481 1098 692 1135 humilitate
711 1098 872 1146 gratiam

85 1148 268 1182 meretur.
297 1146 349 1182 Tu
376 1155 481 1191 ergo,
507 1156 591 1182 cum
618 1150 655 1182 te
682 1146 872 1182 humiliari

85 1191 242 1237 videris,
261 1193 399 1230 habeto
421 1193 458 1229 id
479 1193 630 1240 signum
652 1193 689 1229 in
710 1194 870 1237 bonum;

87 1239 242 1277 omnino
265 1244 322 1277 est
342 1245 610 1286 argumentum
633 1240 764 1288 gratiae
786 1251 872 1287 pro-

85 1286 306 1335 pinquantis
331 1299 339 1323 :
365 1298 454 1324 nam
487 1288 582 1324 sicut
607 1292 693 1325 ante
723 1288 873 1324 ruinam

86 1334 273 1372 exaltatur
296 1334 464 1381 spiritus,
483 1335 535 1372 ita
560 1339 598 1371 et
623 1339 710 1372 ante
732 1336 872 1372 exalta-

85 1381 230 1419 tionem
266 1381 498 1419 humiliatur.
534 1384 631 1420 Sane
671 1387 872 1429 utrumque

85 1429 182 1476 legis
198 1431 339 1466 :Deum
357 1430 498 1470 scilicet
512 1434 548 1466 et
566 1430 738 1476 superbis
758 1430 871 1467 resis-

86 1479 181 1522 tere,
206 1480 243 1514 et
269 1476 474 1514 humilibus
501 1477 661 1523 gratiam
689 1478 799 1521 dare;
829 1488 871 1514 ac

84 1534 221 1572 parum
241 1529 299 1561 est
318 1535 403 1561 cum
424 1535 492 1571 per
513 1526 677 1571 seipsum
699 1525 873 1561 humiliat

83 1582 156 1609 nos
173 1573 287 1616 Deus,
307 1572 337 1608 si
360 1576 448 1608 tune
468 1571 632 1609 libenter
651 1572 870 1618 accipimus,

85 1618 160 1656 nisi
185 1622 222 1656 et
248 1620 399 1665 quando
427 1630 494 1666 per
523 1619 638 1656 alium
665 1620 736 1655 hoe
768 1619 870 1665 facit,

86 1666 277 1714 sapiamus
286 1666 471 1703 similiter.
484 1667 735 1710 Quamobrem
743 1666 871 1713 accipe

85 1714 198 1762 huJus
230 1713 285 1750 rei
317 1713 490 1751 mirabile
523 1714 791 1751 documentum
824 1715 870 1751 de

86 1767 216 1799 sancto
235 1761 368 1798 David.
387 1760 601 1808 Aliquando
627 1762 871 1798 maledictum

85 1812 143 1847 est
158 1809 225 1854 illi,
244 1813 279 1846 et
298 1820 321 1846 a
341 1819 462 1846 servo.
475 1810 521 1846 At
539 1809 602 1845 ille
619 1820 688 1846 nec
707 1809 873 1846 cumula-

84 1859 163 1894 tam
189 1856 307 1893 sensit
333 1856 525 1903 injuriam,
557 1856 646 1903 quia
671 1857 871 1903 praesensit

85 1903 247 1950 gratiam
266 1915 273 1939 :
294 1905 391 1947 Quid
411 1905 515 1947 mihi,
531 1904 597 1948 ait,
619 1908 652 1940 et
670 1906 786 1946 vobis,
799 1906 871 1950 filii

85 1953 259 1990 Sarviae?
282 1951 309 1988 Ο
330 1961 417 1987 vere
444 1951 637 1987 hominem
665 1952 871 1988 secundum

87 2009 153 2036 cor
173 1998 253 2042 Dei,
267 1998 331 2044 qui
347 2009 386 2035 se
404 1998 597 2035 ulciscenti
615 1998 738 2044 potius
759 2010 871 2045 quam

87 2046 328 2094 exprobranti
370 2046 666 2083 succensendum
705 2046 868 2093 putavit!

86 2094 192 2131 Unde
219 2098 256 2130 et
282 2104 414 2130 secura
439 2093 670 2130 conscientia
691 2093 870 2140 loqueba-

87 2144 148 2178 tur
175 2153 184 2178 ε
209 2142 253 2179 Si
283 2142 432 2177 reddidi
462 2142 748 2177 retribuentibus
780 2143 872 2177 milti

86 2190 200 2231 mala,
217 2189 383 2225 decidam
398 2192 525 2225 merito
543 2189 588 2224 ab
605 2190 766 2225 inimicis
783 2191 872 2225 meis

87 2238 224 2274 inanis.
250 2237 374 2273 Yetuit
400 2247 490 2284 ergo
508 2235 699 2282 prohiberi
720 2236 872 2272 maledi—

88 2294 172 2320 cum
187 2284 467 2328 convitiantem,
478 2288 662 2330 quaestum
679 2283 871 2320 aestimans

87 2331 300 2368 maledicta.
313 2331 495 2368 Saeviebat
512 2331 639 2377 lingua
655 2331 866 2376 maledicta,

86 2382 123 2416 et
142 2378 205 2415 ille
224 2378 442 2416 intendebat
458 2378 547 2426 quid
564 2379 601 2415 in
624 2379 768 2415 occulto
787 2390 871 2426 age-

86 2430 144 2463 ret
157 2428 266 2463 Deus.
283 2428 358 2462 Vox
374 2426 630 2463 maledicentis
645 2426 682 2462 in
699 2426 867 2471 auribus,

85 2476 122 2511 et
136 2473 285 2511 animus
300 2474 506 2511 inclinabat
522 2484 561 2510 se
576 2474 621 2511 ad
637 2473 869 2511 benedictio-

83 2532 185 2559 nem.
206 2523 250 2557 Et
269 2521 353 2558 ideo
372 2521 461 2558 dicit
480 2533 488 2558 z
504 2524 640 2558 Bonum
659 2523 762 2563 mihi,
781 2524 870 2568 quia

85 2570 294 2606 humiliasti
308 2581 374 2611 me,
388 2574 427 2606 ut
441 2570 579 2606 discam
587 2569 869 2615 J'ustificationes

86 2619 183 2655 tuas.
206 2617 333 2662 Vides,
361 2617 450 2664 quia
472 2617 665 2654 humilitas
686 2617 870 2663 justificat

86 2674 168 2702 nos.
184 2664 384 2701 Humilitas
401 2665 489 2710 dixi,
503 2669 539 2702 et
555 2676 629 2701 non
647 2665 867 2702 humiliatio.

86 2712 223 2757 Quanti
246 2713 505 2758 humiliantur,
527 2712 590 2760 qui
611 2712 772 2750 humiles
793 2723 870 2750 non

55 2795 57 2797 ,
86 2760 193 2798 suntl
214 2760 287 2798 Alii
307 2772 392 2798 cum
418 2772 577 2798 rancore
603 2760 866 2808 humiliantur3

948 199 1012 235 alii
1036 199 1242 245 patientem
1267 200 1328 236 alii
1357 204 1393 238 et
1419 201 1594 238 libenter.
1616 201 1731 239 Primi

948 246 1001 282 rei
1036 250 1142 289 sunt;
1179 252 1377 292 sequentes
1410 248 1575 294 innoxii;
1608 249 1731 286 ultimi

945 292 1050 345 Justi.
1074 294 1295 338 Quanquam
1331 300 1366 331 et
1404 295 1619 333 innocentia
1646 307 1733 344 pars

943 340 1101 386 justitiae
1134 344 1202 382 est,
1238 342 1303 377 sed
1338 344 1613 380 consummatio
1653 345 1734 391 ejus

948 387 1047 433 apud
1079 387 1278 431 humilem;
1311 399 1384 423 non
1417 391 1636 435 humiliatis,
1667 391 1733 428 sed

948 433 1153 471 humilibus
1192 433 1255 470 dat
1292 435 1466 478 gratiam.
1506 439 1568 473 Est
1607 442 1733 476 autem

948 492 1035 517 vere
1056 480 1222 524 humilis,
1245 481 1308 526 qui
1328 482 1627 520 humiliationem
1649 497 1734 522 con·

948 528 1059 565 vertit
1076 528 1114 564 in
1136 528 1404 573 humilitatem,
1425 534 1461 565 et
1482 530 1540 565 hic
1562 543 1644 568 rum
1667 535 1735 569 Da-

948 576 1034 612 vide
1053 579 1176 622 potest
1201 575 1326 612 dicere
1346 578 1446 612 Deo:
1469 579 1605 613 Bonum
1627 582 1731 622 milti,

949 626 1037 670 quia
1057 625 1266 659 humiliasti
1281 634 1350 668 me,
1369 627 1409 659 ut
1436 624 1576 659 discum
1589 626 1734 672 justifi-

949 673 1107 708 cationes
1127 675 1210 707 tuas
1227 684 1238 706 .·
1262 684 1279 704 »
1301 671 1381 707 haec
1399 672 1621 707 Rerum-dus.

995 722 1017 754 6
1067 720 1119 754 Dr:
1166 729 1350 754 Exssncmo
1396 729 1621 754 nummulus
1669 731 1733 755 ren

948 777 1121 807 meoce.
1137 787 1184 791 —
1202 766 1294 802 Sunt
1313 769 1437 802 autem
1458 766 1563 810 plura
1582 776 1665 812 quse
1687 767 1735 803 ad

948 813 1264 857 humiliationem,
1287 816 1321 848 et
1349 812 1572 849 humilitatis
1593 813 1733 850 exerci-

948 861 1041 897 tium
1059 861 1196 904 valent,
1215 860 1261 896 de
1277 860 1414 906 quibus
1430 860 1570 896 ibidem
1583 862 1735 897 Bernar-

948 909 1016 944 dus
1035 907 1087 944 sie
1107 907 1215 944 dicit:
1241 922 1259 941 «
1274 908 1330 943 Ad
1351 907 1568 944 exercitium
1586 908 1735 944 humili-

948 955 1035 992 tatis
1056 955 1222 1001 quinque
1234 955 1415 1000 prodesse
1429 959 1602 1001 possunt.
1621 957 1736 992 Amor

947 1003 1115 1047 vilitatis,
1130 1007 1169 1039 ut
1184 1013 1227 1038 ea
1244 1006 1389 1048 quaerat
1409 1003 1522 1038 homo
1541 1002 1578 1038 in
1600 1003 1735 1049 quibus

949 1055 983 1088 et
1002 1051 1106 1086 locus
1124 1049 1276 1096 quidam
1298 1049 1470 1085 videatur
1487 1049 1648 1095 injurioe.
1671 1051 1735 1087 Se-

947 1098 1083 1139 cundo,
1099 1097 1300 1134 assiduitas
1311 1096 1623 1142 subjectionis,‘ut
1640 1107 1736 1134 sem-

947 1156 1015 1192 per
1034 1145 1120 1181 velit
1135 1155 1217 1181 esse
1237 1155 1320 1180 cum
1341 1144 1482 1190 aliquo,
1497 1155 1608 1190 quem
1629 1155 1735 1182 reve-

948 1200 1076 1229 reatur
1097 1198 1133 1228 et
1161 1193 1309 1236 timeat;
1350 1194 1391 1227 ut
1419 1191 1540 1228 discat
1561 1192 1736 1238 frangere

948 1238 1503 1283 suamvoluntatemffertio,in
1514 1239 1737 1276 humilitatis

947 1287 1123 1324 exercitio
1146 1291 1202 1323 est
1228 1287 1460 1333 comparatio
1489 1286 1670 1331 melioris,
1693 1291 1733 1323 ut

947 1345 1033 1371 eum
1067 1345 1216 1380 semper
1242 1334 1412 1370 attendat
1438 1334 1566 1378 homo,
1595 1333 1632 1369 in
1660 1344 1733 1380 quo

947 1381 1115 1418 inveniat
1129 1381 1290 1428 gratiam
1312 1392 1397 1427 quae
1415 1380 1448 1416 ei
1468 1381 1578 1425 desit,
1595 1381 1734 1418 oblitus

947 1440 1030 1475 quae
1064 1433 1165 1465 retro
1198 1432 1297 1472 sunt,
1317 1432 1353 1464 et
1386 1428 1426 1463 in
1460 1439 1505 1464 ea
1534 1439 1617 1474 quae
1643 1432 1732 1465 ante

947 1480 1036 1512 sunt
1064 1480 1248 1512 extentus.
1273 1476 1454 1518 Quartum
1493 1479 1549 1511 est
1581 1475 1734 1512 assidua

946 1523 1142 1560 meditatio
1168 1523 1332 1569 propriae
1357 1521 1601 1566 conditionis,
1625 1526 1663 1559 ut
1686 1524 1733 1560 ad

946 1582 1098 1607 omnem
1113 1570 1288 1606 elationis
1306 1572 1449 1605 motum
1468 1569 1595 1605 statim
1609 1580 1735 1607 oecur-

946 1622 1004 1654 rat
1038 1630 1045 1654 :
1080 1618 1177 1661 Quid
1204 1618 1385 1663 superbis,
1419 1621 1518 1652 terra
1549 1622 1582 1653 et
1617 1619 1734 1654 einis?

945 1665 1125 1709 Quintum
1156 1668 1211 1701 est
1236 1664 1489 1701 consideratio
1520 1664 1655 1701 occulti
1676 1664 1733 1701 in-

946 1712 1141 1760 spectoris.
1169 1713 1366 1756 Quomodo
1388 1711 1490 1748 enim
1513 1711 1575 1758 qui
1596 1712 1733 1759 saepius

945 1760 1222 1797 consessionem
1244 1759 1374 1796 fecerit
1403 1759 1514 1795 alicui
1541 1761 1586 1796 de
1609 1760 1733 1797 verbis

947 1819 1029 1854 qua}
1051 1811 1276 1854 arroganter
1299 1807 1449 1850 dixerit,
1473 1807 1503 1843 si
1528 1808 1625 1843 sorte
1645 1818 1734 1844 con-

945 1856 1088 1902 tingat,
1129 1860 1170 1892 ut
1222 1866 1360 1902 parvus
1417 1854 1540 1890 simile
1592 1854 1734 1901 aliquid

946 1903 1106 1949 loquens
1121 1903 1225 1939 illum
1240 1903 1363 1939 videat
1380 1901 1611 1947 audientem,
1624 1902 1732 1938 valde

947 1950 1209 1994 confunditur;
1227 1950 1281 1986 ita
1300 1950 1362 1996 qui
1378 1949 1597 1985 considerat
1613 1949 1733 1985 occul-

945 2002 1025 2035 tum
1046 1998 1314 2044 inspectorem,
1332 1996 1390 2033 cui
1412 1996 1589 2043 cogitatio
1608 1996 1731 2033 omnis

945 2045 1160 2089 confitetur,
1173 2056 1247 2080 non
1259 2044 1395 2091 poterit
1406 2055 1483 2079 non
1492 2044 1730 2088 erubescere,

946 2092 975 2129 si
1007 2093 1147 2129 elatum
1170 2091 1259 2138 quid
1287 2091 1510 2135 meditetur3
1532 2095 1733 2137 propterea

945 2151 1022 2177 non
1050 2140 1172 2176 solum
1195 2143 1329 2175 contra
1356 2139 1586 2186 superbiam,
1610 2139 1676 2174 sed
1695 2143 1731 2174 et

945 2192 1077 2224 contra
1104 2187 1195 2223 vitia
1221 2186 1397 2223 universa
1422 2186 1531 2222 valde
1556 2185 1646 2222 utile
1674 2190 1729 2222 est

943 2235 1089 2272 homini
1107 2245 1256 2281 semper
1270 2234 1399 2270 videre
1413 2233 1604 2269 videntem
1624 2243 1678 2277 se,
1693 2238 1728 2270 et

943 2283 996 2320 sie
1010 2283 1205 2319 attendere
1221 2281 1350 2318 oculos
1364 2282 1446 2328 ejus
1460 2281 1496 2316 in
1515 2281 1628 2317 corde
1645 2291 1727 2326 suo,

942 2342 985 2367 ac
1006 2330 1035 2366 si
1057 2331 1138 2366 haee
1159 2329 1239 2366 sola
1265 2340 1356 2366 eura
1381 2328 1429 2365 sit
1456 2330 1532 2364 Deo
1561 2332 1727 2364 contem-

942 2378 1038 2424 plari
1053 2377 1142 2424 quid
1156 2380 1256 2424 agat,
1276 2381 1341 2413 aut
1358 2376 1678 2422 quemadmodum
1690 2386 1729 2412 se

942 2427 1081 2463 habeat
1097 2425 1176 2472 ipse
1197 2437 1204 2461 :
1226 2438 1244 2460 »
1267 2425 1347 2461 haec
1363 2425 1586 2460 Rerum-clus.
1605 2422 1729 2459 [lumi-

941 2473 1087 2510 litatem
1107 2473 1223 2519 igitur
1244 2483 1310 2519 pro
1332 2482 1443 2518 posse
1465 2474 1622 2513 sectare,
1645 2470 1726 2506 sine

943 2532 1100 2568 quanon
1112 2520 1254 2569 poteris
1267 2520 1464 2567 proficere,
1475 2522 1536 2555 aut
1552 2518 1726 2553 virtutem

943 2569 1108 2615 aliquam
1131 2568 1339 2616 possidere.
1364 2567 1467 2603 Unde
1488 2566 1624 2617 iterum
1645 2567 1727 2617 βω·-

941 2618 1104 2654 nardus:
1122 2632 1142 2651 a
1161 2615 1359 2653 Humilitas
1376 2613 1511 2651 ceteris
1528 2612 1726 2663 virtutibus

942 2664 980 2701 in
1007 2667 1153 2702 tantum
1183 2666 1239 2701 est
1267 2661 1495 2705 necessaria,
1518 2663 1555 2712 ut
1583 2660 1724 2705 absque

941 2711 1015 2749 ista
1036 2712 1111 2749 illae
1132 2722 1201 2749 nee
1227 2721 1309 2748 esse
1331 2710 1488 2745 virtutes
1514 2707 1722 2743 videantur.

940 2761 1082 2808 Nempe
1111 2763 1151 2798 ut
1177 2758 1341 2796 charitas
1364 2757 1441 2794 sive
1469 2765 1627 2803 qua-que
1652 2753 1726 2791 alia
