<?xml version="1.0" encoding="UTF-8"?>
<!DOCTYPE html PUBLIC "-//W3C//DTD XHTML 1.0 Transitional//EN"
    "http://www.w3.org/TR/xhtml1/DTD/xhtml1-transitional.dtd">
<html xmlns="http://www.w3.org/1999/xhtml" xml:lang="en" lang="en">
 <head>
  <title>
</title>
<meta http-equiv="Content-Type" content="text/html;charset=utf-8" />
  <meta name='ocr-system' content='tesseract 3.04.00' />
  <meta name='ocr-capabilities' content='ocr_page ocr_carea ocr_par ocr_line ocrx_word'/>
</head>
<body>
  <div class='ocr_page' id='page_1' title='image "./vitajesuchristie01ludouoft_0058.png"; bbox 0 0 1897 3167; ppageno 0'>
   <div class='ocr_carea' id='block_1_1' title="bbox 116 179 1225 218">
    <p class='ocr_par' dir='ltr' id='par_1_1' title="bbox 116 179 1225 218">
     <span class='ocr_line' id='line_1_1' title="bbox 116 179 1225 218; baseline -0.007 0"><span class='ocrx_word' id='word_1_1' title='bbox 116 186 156 218; x_wconf 74' lang='lat'>44</span> <span class='ocrx_word' id='word_1_2' title='bbox 650 179 795 213; x_wconf 64' lang='lat' dir='ltr'><strong>PRIMAE</strong></span> <span class='ocrx_word' id='word_1_3' title='bbox 833 181 992 216; x_wconf 80' lang='lat' dir='ltr'>PARTIS</span> <span class='ocrx_word' id='word_1_4' title='bbox 1030 180 1166 215; x_wconf 76' lang='lat' dir='ltr'>CAPUT</span> <span class='ocrx_word' id='word_1_5' title='bbox 1204 179 1225 210; x_wconf 92' lang='lat' dir='ltr'>V</span> 
     </span>
    </p>
   </div>
   <div class='ocr_carea' id='block_1_2' title="bbox 119 249 923 2825">
    <p class='ocr_par' dir='ltr' id='par_1_2' title="bbox 119 249 915 1605">
     <span class='ocr_line' id='line_1_2' title="bbox 119 249 899 301; baseline -0.004 -12"><span class='ocrx_word' id='word_1_6' title='bbox 119 251 282 298; x_wconf 82' lang='lat' dir='ltr'>suscepit</span> <span class='ocrx_word' id='word_1_7' title='bbox 311 249 502 285; x_wconf 91' lang='lat' dir='ltr'>hominem</span> <span class='ocrx_word' id='word_1_8' title='bbox 533 259 646 301; x_wconf 60' lang='lat' dir='ltr'>gnon</span> <span class='ocrx_word' id='word_1_9' title='bbox 682 259 899 295; x_wconf 82' lang='lat' dir='ltr'>personam,</span> 
     </span>
     <span class='ocr_line' id='line_1_3' title="bbox 122 295 901 343; baseline -0.004 -7"><span class='ocrx_word' id='word_1_10' title='bbox 122 299 187 336; x_wconf 85' lang='lat' dir='ltr'>sed</span> <span class='ocrx_word' id='word_1_11' title='bbox 207 302 394 339; x_wconf 85' lang='lat' dir='ltr'>naturam,</span> <span class='ocrx_word' id='word_1_12' title='bbox 416 299 456 331; x_wconf 89' lang='lat' dir='ltr'>ut</span> <span class='ocrx_word' id='word_1_13' title='bbox 480 305 539 341; x_wconf 81' lang='lat' dir='ltr'>qui</span> <span class='ocrx_word' id='word_1_14' title='bbox 563 295 726 342; x_wconf 83' lang='lat' dir='ltr'>suscepit</span> <span class='ocrx_word' id='word_1_15' title='bbox 743 300 780 332; x_wconf 95' lang='lat' dir='ltr'>et</span> <span class='ocrx_word' id='word_1_16' title='bbox 801 298 901 343; x_wconf 87' lang='lat' dir='ltr'>quod</span> 
     </span>
     <span class='ocr_line' id='line_1_4' title="bbox 123 342 900 391; baseline -0.004 -8"><span class='ocrx_word' id='word_1_17' title='bbox 123 344 301 391; x_wconf 89' lang='lat' dir='ltr'>suscepit,</span> <span class='ocrx_word' id='word_1_18' title='bbox 328 354 402 379; x_wconf 89' lang='lat' dir='ltr'>una</span> <span class='ocrx_word' id='word_1_19' title='bbox 424 346 523 378; x_wconf 86' lang='lat' dir='ltr'>esset</span> <span class='ocrx_word' id='word_1_20' title='bbox 547 342 586 378; x_wconf 93' lang='lat' dir='ltr'>in</span> <span class='ocrx_word' id='word_1_21' title='bbox 613 343 791 380; x_wconf 87' lang='lat' dir='ltr'>Trinitate</span> <span class='ocrx_word' id='word_1_22' title='bbox 812 355 900 390; x_wconf 86' lang='lat' dir='ltr'>per-</span> 
     </span>
     <span class='ocr_line' id='line_1_5' title="bbox 122 389 900 436; baseline -0.004 -7"><span class='ocrx_word' id='word_1_23' title='bbox 122 403 227 429; x_wconf 89' lang='lat' dir='ltr'>sona.</span> <span class='ocrx_word' id='word_1_24' title='bbox 252 393 347 436; x_wconf 88' lang='lat' dir='ltr'>Ergo</span> <span class='ocrx_word' id='word_1_25' title='bbox 381 389 550 426; x_wconf 84' lang='lat' dir='ltr'>Christus</span> <span class='ocrx_word' id='word_1_26' title='bbox 581 400 744 435; x_wconf 90' lang='lat' dir='ltr'>persona</span> <span class='ocrx_word' id='word_1_27' title='bbox 775 391 822 426; x_wconf 90' lang='lat' dir='ltr'>ad</span> <span class='ocrx_word' id='word_1_28' title='bbox 843 390 900 426; x_wconf 89' lang='lat' dir='ltr'>in-</span> 
     </span>
     <span class='ocr_line' id='line_1_6' title="bbox 120 436 902 481; baseline -0.003 -6"><span class='ocrx_word' id='word_1_29' title='bbox 120 440 269 475; x_wconf 90' lang='lat' dir='ltr'>fernum</span> <span class='ocrx_word' id='word_1_30' title='bbox 289 436 497 481; x_wconf 88' lang='lat' dir='ltr'>descendit,</span> <span class='ocrx_word' id='word_1_31' title='bbox 521 436 586 472; x_wconf 91' lang='lat' dir='ltr'>sed</span> <span class='ocrx_word' id='word_1_32' title='bbox 615 437 820 473; x_wconf 90' lang='lat' dir='ltr'>secundum</span> <span class='ocrx_word' id='word_1_33' title='bbox 842 448 902 473; x_wconf 91' lang='lat' dir='ltr'>so-</span> 
     </span>
     <span class='ocr_line' id='line_1_7' title="bbox 120 483 903 529; baseline -0.004 -7"><span class='ocrx_word' id='word_1_34' title='bbox 120 487 196 522; x_wconf 91' lang='lat' dir='ltr'>lam</span> <span class='ocrx_word' id='word_1_35' title='bbox 217 484 384 521; x_wconf 84' lang='lat' dir='ltr'>animam</span> <span class='ocrx_word' id='word_1_36' title='bbox 406 495 414 527; x_wconf 90' lang='lat'>;</span> <span class='ocrx_word' id='word_1_37' title='bbox 438 487 474 519; x_wconf 90' lang='lat' dir='ltr'>et</span> <span class='ocrx_word' id='word_1_38' title='bbox 495 483 662 520; x_wconf 86' lang='lat' dir='ltr'>Christus</span> <span class='ocrx_word' id='word_1_39' title='bbox 684 495 846 529; x_wconf 87' lang='lat' dir='ltr'>persona</span> <span class='ocrx_word' id='word_1_40' title='bbox 864 483 903 519; x_wconf 92' lang='lat' dir='ltr'>in</span> 
     </span>
     <span class='ocr_line' id='line_1_8' title="bbox 121 531 903 579; baseline -0.004 -10"><span class='ocrx_word' id='word_1_41' title='bbox 121 532 292 579; x_wconf 89' lang='lat' dir='ltr'>sepulcro</span> <span class='ocrx_word' id='word_1_42' title='bbox 309 531 443 577; x_wconf 78' lang='lat' dir='ltr'>Jacuit,</span> <span class='ocrx_word' id='word_1_43' title='bbox 469 531 535 566; x_wconf 92' lang='lat' dir='ltr'>sed</span> <span class='ocrx_word' id='word_1_44' title='bbox 556 531 761 566; x_wconf 90' lang='lat' dir='ltr'>secundum</span> <span class='ocrx_word' id='word_1_45' title='bbox 783 531 903 566; x_wconf 91' lang='lat' dir='ltr'>solam</span> 
     </span>
     <span class='ocr_line' id='line_1_9' title="bbox 122 577 904 623; baseline -0.004 -7"><span class='ocrx_word' id='word_1_46' title='bbox 122 589 297 623; x_wconf 83' lang='lat' dir='ltr'>carnem3</span> <span class='ocrx_word' id='word_1_47' title='bbox 319 582 356 614; x_wconf 88' lang='lat' dir='ltr'>et</span> <span class='ocrx_word' id='word_1_48' title='bbox 380 577 549 614; x_wconf 89' lang='lat' dir='ltr'>Christus</span> <span class='ocrx_word' id='word_1_49' title='bbox 583 588 746 622; x_wconf 89' lang='lat' dir='ltr'>persona</span> <span class='ocrx_word' id='word_1_50' title='bbox 766 577 904 623; x_wconf 89' lang='lat' dir='ltr'>ubique</span> 
     </span>
     <span class='ocr_line' id='line_1_10' title="bbox 121 624 901 669; baseline -0.003 -7"><span class='ocrx_word' id='word_1_51' title='bbox 121 626 281 669; x_wconf 86' lang='lat' dir='ltr'>suit,sed</span> <span class='ocrx_word' id='word_1_52' title='bbox 298 625 501 661; x_wconf 84' lang='lat' dir='ltr'>secundum</span> <span class='ocrx_word' id='word_1_53' title='bbox 517 624 635 659; x_wconf 89' lang='lat' dir='ltr'>solam</span> <span class='ocrx_word' id='word_1_54' title='bbox 653 624 901 660; x_wconf 89' lang='lat' dir='ltr'>divinitatem.</span> 
     </span>
     <span class='ocr_line' id='line_1_11' title="bbox 122 670 902 717; baseline -0.005 -8"><span class='ocrx_word' id='word_1_55' title='bbox 122 673 219 717; x_wconf 85' lang='lat' dir='ltr'>Quid</span> <span class='ocrx_word' id='word_1_56' title='bbox 254 675 310 708; x_wconf 89' lang='lat' dir='ltr'>est</span> <span class='ocrx_word' id='word_1_57' title='bbox 336 678 461 707; x_wconf 87' lang='lat' dir='ltr'>autem</span> <span class='ocrx_word' id='word_1_58' title='bbox 485 671 584 716; x_wconf 82' lang='lat' dir='ltr'>quod</span> <span class='ocrx_word' id='word_1_59' title='bbox 608 670 787 716; x_wconf 88' lang='lat' dir='ltr'>scriptum</span> <span class='ocrx_word' id='word_1_60' title='bbox 814 674 871 707; x_wconf 91' lang='lat' dir='ltr'>est</span> <span class='ocrx_word' id='word_1_61' title='bbox 894 682 902 705; x_wconf 90' lang='lat'>:</span> 
     </span>
     <span class='ocr_line' id='line_1_12' title="bbox 122 717 905 766; baseline -0.005 -10"><span class='ocrx_word' id='word_1_62' title='bbox 122 719 211 766; x_wconf 89' lang='lat' dir='ltr'>quia</span> <span class='ocrx_word' id='word_1_63' title='bbox 233 729 316 755; x_wconf 91' lang='lat' dir='ltr'>cum</span> <span class='ocrx_word' id='word_1_64' title='bbox 337 718 506 754; x_wconf 90' lang='lat' dir='ltr'>Christus</span> <span class='ocrx_word' id='word_1_65' title='bbox 525 718 560 752; x_wconf 88' lang='lat' dir='ltr'>in</span> <span class='ocrx_word' id='word_1_66' title='bbox 582 718 752 762; x_wconf 87' lang='lat' dir='ltr'>sepulcro</span> <span class='ocrx_word' id='word_1_67' title='bbox 768 717 905 763; x_wconf 80' lang='lat' dir='ltr'>J&#39;acuis-</span> 
     </span>
     <span class='ocr_line' id='line_1_13' title="bbox 124 764 906 810; baseline -0.005 -7"><span class='ocrx_word' id='word_1_68' title='bbox 124 770 193 810; x_wconf 89' lang='lat' dir='ltr'>set,</span> <span class='ocrx_word' id='word_1_69' title='bbox 212 765 505 802; x_wconf 79' lang='lat' dir='ltr'>dicitur?totu1n</span> <span class='ocrx_word' id='word_1_70' title='bbox 525 775 592 810; x_wconf 88' lang='lat' dir='ltr'>pro</span> <span class='ocrx_word' id='word_1_71' title='bbox 613 767 721 809; x_wconf 86' lang='lat' dir='ltr'>parte</span> <span class='ocrx_word' id='word_1_72' title='bbox 742 764 906 810; x_wconf 90' lang='lat' dir='ltr'>positum</span> 
     </span>
     <span class='ocr_line' id='line_1_14' title="bbox 123 810 906 857; baseline -0.005 -7"><span class='ocrx_word' id='word_1_73' title='bbox 123 813 204 850; x_wconf 78' lang='lat' dir='ltr'>est?</span> <span class='ocrx_word' id='word_1_74' title='bbox 225 814 398 849; x_wconf 73' lang='lat' dir='ltr'>Fortasse</span> <span class='ocrx_word' id='word_1_75' title='bbox 418 811 559 857; x_wconf 83' lang='lat' dir='ltr'>cogitas</span> <span class='ocrx_word' id='word_1_76' title='bbox 581 810 686 856; x_wconf 88' lang='lat' dir='ltr'>quasi</span> <span class='ocrx_word' id='word_1_77' title='bbox 708 811 781 847; x_wconf 90' lang='lat' dir='ltr'>tria</span> <span class='ocrx_word' id='word_1_78' title='bbox 803 822 906 857; x_wconf 79' lang='lat' dir='ltr'>quae-</span> 
     </span>
     <span class='ocr_line' id='line_1_15' title="bbox 122 857 906 901; baseline -0.004 -5"><span class='ocrx_word' id='word_1_79' title='bbox 122 861 211 896; x_wconf 92' lang='lat' dir='ltr'>dam</span> <span class='ocrx_word' id='word_1_80' title='bbox 233 871 240 895; x_wconf 92' lang='lat'>:</span> <span class='ocrx_word' id='word_1_81' title='bbox 272 859 526 901; x_wconf 84' lang='lat' dir='ltr'>divinitatem,</span> <span class='ocrx_word' id='word_1_82' title='bbox 547 857 728 900; x_wconf 88' lang='lat' dir='ltr'>animam,</span> <span class='ocrx_word' id='word_1_83' title='bbox 754 868 906 894; x_wconf 89' lang='lat' dir='ltr'>carnem</span> 
     </span>
     <span class='ocr_line' id='line_1_16' title="bbox 122 904 908 953; baseline -0.005 -9"><span class='ocrx_word' id='word_1_84' title='bbox 122 906 379 953; x_wconf 77' lang='lat' dir='ltr'>composuisse</span> <span class='ocrx_word' id='word_1_85' title='bbox 419 906 619 941; x_wconf 75' lang='lat' dir='ltr'>Christum.</span> <span class='ocrx_word' id='word_1_86' title='bbox 667 904 785 941; x_wconf 79' lang='lat' dir='ltr'>Absit.</span> <span class='ocrx_word' id='word_1_87' title='bbox 826 906 908 941; x_wconf 88' lang='lat' dir='ltr'>Non</span> 
     </span>
     <span class='ocr_line' id='line_1_17' title="bbox 127 951 909 999; baseline -0.004 -9"><span class='ocrx_word' id='word_1_88' title='bbox 127 953 230 990; x_wconf 90' lang='lat' dir='ltr'>enim</span> <span class='ocrx_word' id='word_1_89' title='bbox 264 963 351 999; x_wconf 86' lang='lat' dir='ltr'>pars</span> <span class='ocrx_word' id='word_1_90' title='bbox 381 951 516 988; x_wconf 88' lang='lat' dir='ltr'>Christi</span> <span class='ocrx_word' id='word_1_91' title='bbox 548 952 725 995; x_wconf 84' lang='lat' dir='ltr'>Verbum,</span> <span class='ocrx_word' id='word_1_92' title='bbox 751 955 789 987; x_wconf 90' lang='lat' dir='ltr'>et</span> <span class='ocrx_word' id='word_1_93' title='bbox 820 962 909 998; x_wconf 90' lang='lat' dir='ltr'>pars</span> 
     </span>
     <span class='ocr_line' id='line_1_18' title="bbox 126 997 908 1044; baseline -0.005 -7"><span class='ocrx_word' id='word_1_94' title='bbox 126 1002 261 1044; x_wconf 88' lang='lat' dir='ltr'>homo;</span> <span class='ocrx_word' id='word_1_95' title='bbox 281 1000 346 1035; x_wconf 92' lang='lat' dir='ltr'>sed</span> <span class='ocrx_word' id='word_1_96' title='bbox 367 1003 466 1035; x_wconf 90' lang='lat' dir='ltr'>totus</span> <span class='ocrx_word' id='word_1_97' title='bbox 487 997 654 1035; x_wconf 86' lang='lat' dir='ltr'>Christus</span> <span class='ocrx_word' id='word_1_98' title='bbox 672 999 852 1043; x_wconf 79' lang='lat' dir='ltr'>Verbum,</span> <span class='ocrx_word' id='word_1_99' title='bbox 873 1002 908 1034; x_wconf 90' lang='lat' dir='ltr'>et</span> 
     </span>
     <span class='ocr_line' id='line_1_19' title="bbox 127 1044 910 1092; baseline -0.004 -8"><span class='ocrx_word' id='word_1_100' title='bbox 127 1051 229 1084; x_wconf 86' lang='lat' dir='ltr'>totus</span> <span class='ocrx_word' id='word_1_101' title='bbox 255 1046 423 1084; x_wconf 78' lang='lat' dir='ltr'>ChrIstus</span> <span class='ocrx_word' id='word_1_102' title='bbox 456 1047 582 1081; x_wconf 90' lang='lat' dir='ltr'>homo.</span> <span class='ocrx_word' id='word_1_103' title='bbox 614 1044 797 1081; x_wconf 81' lang='lat' dir='ltr'>Divinitas</span> <span class='ocrx_word' id='word_1_104' title='bbox 823 1056 910 1092; x_wconf 88' lang='lat' dir='ltr'>pars</span> 
     </span>
     <span class='ocr_line' id='line_1_20' title="bbox 129 1092 911 1138; baseline -0.004 -8"><span class='ocrx_word' id='word_1_105' title='bbox 129 1105 206 1130; x_wconf 89' lang='lat' dir='ltr'>non</span> <span class='ocrx_word' id='word_1_106' title='bbox 236 1094 317 1137; x_wconf 85' lang='lat' dir='ltr'>suit,</span> <span class='ocrx_word' id='word_1_107' title='bbox 347 1104 415 1128; x_wconf 90' lang='lat' dir='ltr'>nec</span> <span class='ocrx_word' id='word_1_108' title='bbox 449 1093 487 1128; x_wconf 92' lang='lat' dir='ltr'>in</span> <span class='ocrx_word' id='word_1_109' title='bbox 520 1092 602 1138; x_wconf 91' lang='lat' dir='ltr'>ipsa</span> <span class='ocrx_word' id='word_1_110' title='bbox 620 1102 708 1137; x_wconf 88' lang='lat' dir='ltr'>pars</span> <span class='ocrx_word' id='word_1_111' title='bbox 746 1092 828 1128; x_wconf 89' lang='lat' dir='ltr'>fuit.</span> <span class='ocrx_word' id='word_1_112' title='bbox 869 1095 911 1128; x_wconf 91' lang='lat' dir='ltr'>In</span> 
     </span>
     <span class='ocr_line' id='line_1_21' title="bbox 131 1139 912 1185; baseline -0.001 -9"><span class='ocrx_word' id='word_1_113' title='bbox 131 1140 364 1177; x_wconf 78' lang='lat' dir='ltr'>humanitate</span> <span class='ocrx_word' id='word_1_114' title='bbox 398 1141 477 1175; x_wconf 87' lang='lat' dir='ltr'>sola</span> <span class='ocrx_word' id='word_1_115' title='bbox 508 1143 635 1185; x_wconf 86' lang='lat' dir='ltr'>partes</span> <span class='ocrx_word' id='word_1_116' title='bbox 659 1143 758 1183; x_wconf 91' lang='lat' dir='ltr'>sunt,</span> <span class='ocrx_word' id='word_1_117' title='bbox 786 1139 912 1175; x_wconf 88' lang='lat' dir='ltr'>anima</span> 
     </span>
     <span class='ocr_line' id='line_1_22' title="bbox 130 1185 915 1231; baseline -0.003 -8"><span class='ocrx_word' id='word_1_118' title='bbox 130 1187 271 1224; x_wconf 89' lang='lat' dir='ltr'>scilicet</span> <span class='ocrx_word' id='word_1_119' title='bbox 294 1190 330 1222; x_wconf 93' lang='lat' dir='ltr'>et</span> <span class='ocrx_word' id='word_1_120' title='bbox 351 1197 500 1231; x_wconf 88' lang='lat' dir='ltr'>corpus,</span> <span class='ocrx_word' id='word_1_121' title='bbox 522 1189 557 1221; x_wconf 88' lang='lat' dir='ltr'>et</span> <span class='ocrx_word' id='word_1_122' title='bbox 576 1185 638 1221; x_wconf 87' lang='lat' dir='ltr'>ubi</span> <span class='ocrx_word' id='word_1_123' title='bbox 659 1186 818 1222; x_wconf 90' lang='lat' dir='ltr'>alterum</span> <span class='ocrx_word' id='word_1_124' title='bbox 834 1186 915 1221; x_wconf 92' lang='lat' dir='ltr'>illo-</span> 
     </span>
     <span class='ocr_line' id='line_1_23' title="bbox 130 1232 913 1279; baseline -0.003 -9"><span class='ocrx_word' id='word_1_125' title='bbox 130 1244 214 1270; x_wconf 90' lang='lat' dir='ltr'>rum</span> <span class='ocrx_word' id='word_1_126' title='bbox 244 1236 313 1277; x_wconf 90' lang='lat' dir='ltr'>est,</span> <span class='ocrx_word' id='word_1_127' title='bbox 346 1243 434 1279; x_wconf 87' lang='lat' dir='ltr'>pars</span> <span class='ocrx_word' id='word_1_128' title='bbox 473 1232 637 1268; x_wconf 89' lang='lat' dir='ltr'>hominis</span> <span class='ocrx_word' id='word_1_129' title='bbox 666 1236 735 1267; x_wconf 87' lang='lat' dir='ltr'>est.</span> <span class='ocrx_word' id='word_1_130' title='bbox 775 1234 913 1268; x_wconf 88' lang='lat' dir='ltr'>Verum</span> 
     </span>
     <span class='ocr_line' id='line_1_24' title="bbox 132 1278 915 1326; baseline -0.003 -10"><span class='ocrx_word' id='word_1_131' title='bbox 132 1284 188 1317; x_wconf 88' lang='lat' dir='ltr'>est</span> <span class='ocrx_word' id='word_1_132' title='bbox 202 1291 290 1326; x_wconf 85' lang='lat' dir='ltr'>ergo</span> <span class='ocrx_word' id='word_1_133' title='bbox 312 1279 412 1325; x_wconf 85' lang='lat' dir='ltr'>quod</span> <span class='ocrx_word' id='word_1_134' title='bbox 426 1279 465 1314; x_wconf 94' lang='lat' dir='ltr'>in</span> <span class='ocrx_word' id='word_1_135' title='bbox 485 1278 656 1324; x_wconf 90' lang='lat' dir='ltr'>sepulcro</span> <span class='ocrx_word' id='word_1_136' title='bbox 676 1279 843 1315; x_wconf 91' lang='lat' dir='ltr'>Christus</span> <span class='ocrx_word' id='word_1_137' title='bbox 859 1280 915 1325; x_wconf 73' lang='lat' dir='ltr'>Ja-</span> 
     </span>
     <span class='ocr_line' id='line_1_25' title="bbox 133 1325 914 1371; baseline -0.003 -8"><span class='ocrx_word' id='word_1_138' title='bbox 133 1327 220 1371; x_wconf 92' lang='lat' dir='ltr'>cuit,</span> <span class='ocrx_word' id='word_1_139' title='bbox 245 1337 314 1362; x_wconf 92' lang='lat' dir='ltr'>nec</span> <span class='ocrx_word' id='word_1_140' title='bbox 341 1330 463 1362; x_wconf 89' lang='lat' dir='ltr'>tamen</span> <span class='ocrx_word' id='word_1_141' title='bbox 500 1325 550 1361; x_wconf 90' lang='lat' dir='ltr'>ibi</span> <span class='ocrx_word' id='word_1_142' title='bbox 587 1328 684 1361; x_wconf 87' lang='lat' dir='ltr'>totus</span> <span class='ocrx_word' id='word_1_143' title='bbox 710 1326 823 1362; x_wconf 90' lang='lat' dir='ltr'>homo</span> <span class='ocrx_word' id='word_1_144' title='bbox 855 1327 914 1371; x_wconf 81' lang='lat' dir='ltr'>J&#39;a-</span> 
     </span>
     <span class='ocr_line' id='line_1_26' title="bbox 135 1372 915 1419; baseline -0.003 -9"><span class='ocrx_word' id='word_1_145' title='bbox 135 1374 234 1417; x_wconf 83' lang='lat' dir='ltr'>cuit3</span> <span class='ocrx_word' id='word_1_146' title='bbox 271 1373 441 1419; x_wconf 84' lang='lat' dir='ltr'>quamvis</span> <span class='ocrx_word' id='word_1_147' title='bbox 468 1376 568 1408; x_wconf 88' lang='lat' dir='ltr'>totus</span> <span class='ocrx_word' id='word_1_148' title='bbox 601 1372 715 1408; x_wconf 89' lang='lat' dir='ltr'>homo</span> <span class='ocrx_word' id='word_1_149' title='bbox 746 1372 915 1410; x_wconf 88' lang='lat' dir='ltr'>Christus</span> 
     </span>
     <span class='ocr_line' id='line_1_27' title="bbox 133 1419 914 1464; baseline -0.001 -7"><span class='ocrx_word' id='word_1_150' title='bbox 133 1421 225 1464; x_wconf 88' lang='lat' dir='ltr'>fuit;</span> <span class='ocrx_word' id='word_1_151' title='bbox 246 1419 373 1456; x_wconf 88' lang='lat' dir='ltr'>anima</span> <span class='ocrx_word' id='word_1_152' title='bbox 397 1419 495 1455; x_wconf 88' lang='lat' dir='ltr'>enim</span> <span class='ocrx_word' id='word_1_153' title='bbox 523 1423 559 1455; x_wconf 90' lang='lat' dir='ltr'>et</span> <span class='ocrx_word' id='word_1_154' title='bbox 589 1429 676 1454; x_wconf 89' lang='lat' dir='ltr'>caro</span> <span class='ocrx_word' id='word_1_155' title='bbox 698 1419 763 1456; x_wconf 91' lang='lat' dir='ltr'>Dei</span> <span class='ocrx_word' id='word_1_156' title='bbox 791 1420 914 1456; x_wconf 91' lang='lat' dir='ltr'>Verbo</span> 
     </span>
     <span class='ocr_line' id='line_1_28' title="bbox 134 1466 914 1514; baseline 0 -11"><span class='ocrx_word' id='word_1_157' title='bbox 134 1468 173 1504; x_wconf 90' lang='lat' dir='ltr'>in</span> <span class='ocrx_word' id='word_1_158' title='bbox 195 1477 359 1514; x_wconf 87' lang='lat' dir='ltr'>persona</span> <span class='ocrx_word' id='word_1_159' title='bbox 386 1466 491 1502; x_wconf 88' lang='lat' dir='ltr'>unita</span> <span class='ocrx_word' id='word_1_160' title='bbox 522 1466 603 1502; x_wconf 88' lang='lat' dir='ltr'>suit.</span> <span class='ocrx_word' id='word_1_161' title='bbox 630 1467 717 1502; x_wconf 88' lang='lat' dir='ltr'>Ideo</span> <span class='ocrx_word' id='word_1_162' title='bbox 741 1466 805 1502; x_wconf 91' lang='lat' dir='ltr'>ubi</span> <span class='ocrx_word' id='word_1_163' title='bbox 828 1477 914 1503; x_wconf 85' lang='lat' dir='ltr'>caro</span> 
     </span>
     <span class='ocr_line' id='line_1_29' title="bbox 133 1513 914 1560; baseline -0.004 -9"><span class='ocrx_word' id='word_1_164' title='bbox 133 1518 228 1558; x_wconf 88' lang='lat' dir='ltr'>erat,</span> <span class='ocrx_word' id='word_1_165' title='bbox 262 1514 426 1550; x_wconf 88' lang='lat' dir='ltr'>Verbum</span> <span class='ocrx_word' id='word_1_166' title='bbox 459 1514 591 1549; x_wconf 82' lang='lat' dir='ltr'>deesse</span> <span class='ocrx_word' id='word_1_167' title='bbox 616 1523 694 1548; x_wconf 86' lang='lat' dir='ltr'>non</span> <span class='ocrx_word' id='word_1_168' title='bbox 721 1513 842 1560; x_wconf 90' lang='lat' dir='ltr'>potuit</span> <span class='ocrx_word' id='word_1_169' title='bbox 863 1525 871 1549; x_wconf 75' lang='lat' dir='ltr'>z</span> <span class='ocrx_word' id='word_1_170' title='bbox 895 1526 914 1547; x_wconf 85' lang='lat'>»</span> 
     </span>
     <span class='ocr_line' id='line_1_30' title="bbox 132 1562 349 1605; baseline -0.009 -8"><span class='ocrx_word' id='word_1_171' title='bbox 132 1562 215 1597; x_wconf 87' lang='lat' dir='ltr'>haec</span> <span class='ocrx_word' id='word_1_172' title='bbox 231 1563 349 1605; x_wconf 71' lang='lat' dir='ltr'>Huqo.</span> 
     </span>
    </p>

    <p class='ocr_par' dir='ltr' id='par_1_3' title="bbox 128 1609 918 2684">
     <span class='ocr_line' id='line_1_31' title="bbox 180 1609 915 1654; baseline -0.003 -10"><span class='ocrx_word' id='word_1_173' title='bbox 180 1621 222 1654; x_wconf 88' lang='lat'>27</span> <span class='ocrx_word' id='word_1_174' title='bbox 249 1609 305 1643; x_wconf 82' lang='lat' dir='ltr'>PH</span> <span class='ocrx_word' id='word_1_175' title='bbox 329 1619 458 1643; x_wconf 64' lang='lat' dir='ltr'>sexsus</span> <span class='ocrx_word' id='word_1_176' title='bbox 483 1619 600 1643; x_wconf 65' lang='lat' dir='ltr'>Axmffi</span> <span class='ocrx_word' id='word_1_177' title='bbox 627 1609 915 1643; x_wconf 49' lang='lat' dir='ltr'>Ixcsnmnomi</span> 
     </span>
     <span class='ocr_line' id='line_1_32' title="bbox 134 1654 916 1691; baseline 0 -1"><span class='ocrx_word' id='word_1_178' title='bbox 134 1655 278 1691; x_wconf 77' lang='lat' dir='ltr'>Cnmsn</span> <span class='ocrx_word' id='word_1_179' title='bbox 296 1666 518 1689; x_wconf 64' lang='lat' dir='ltr'>nfinimxris.</span> <span class='ocrx_word' id='word_1_180' title='bbox 534 1675 578 1680; x_wconf 93' lang='lat'>-—</span> <span class='ocrx_word' id='word_1_181' title='bbox 591 1656 642 1690; x_wconf 90' lang='lat' dir='ltr'>De</span> <span class='ocrx_word' id='word_1_182' title='bbox 654 1655 723 1690; x_wconf 89' lang='lat' dir='ltr'>hac</span> <span class='ocrx_word' id='word_1_183' title='bbox 741 1654 847 1690; x_wconf 84' lang='lat' dir='ltr'>Verbi</span> <span class='ocrx_word' id='word_1_184' title='bbox 861 1656 916 1689; x_wconf 87' lang='lat' dir='ltr'>In-</span> 
     </span>
     <span class='ocr_line' id='line_1_33' title="bbox 135 1700 914 1744; baseline 0 -7"><span class='ocrx_word' id='word_1_185' title='bbox 135 1701 365 1744; x_wconf 68' lang='lat' dir='ltr'>carnafflone,</span> <span class='ocrx_word' id='word_1_186' title='bbox 391 1701 444 1736; x_wconf 92' lang='lat' dir='ltr'>sic</span> <span class='ocrx_word' id='word_1_187' title='bbox 468 1700 558 1737; x_wconf 89' lang='lat' dir='ltr'>dicit</span> <span class='ocrx_word' id='word_1_188' title='bbox 575 1702 791 1737; x_wconf 80' lang='lat' dir='ltr'>Anselmus:</span> <span class='ocrx_word' id='word_1_189' title='bbox 812 1715 830 1734; x_wconf 90' lang='lat'>«</span> <span class='ocrx_word' id='word_1_190' title='bbox 850 1700 914 1737; x_wconf 85' lang='lat' dir='ltr'>Vi-</span> 
     </span>
     <span class='ocr_line' id='line_1_34' title="bbox 133 1747 915 1794; baseline -0.001 -10"><span class='ocrx_word' id='word_1_191' title='bbox 133 1748 235 1792; x_wconf 88' lang='lat' dir='ltr'>disti,</span> <span class='ocrx_word' id='word_1_192' title='bbox 270 1747 427 1784; x_wconf 84' lang='lat' dir='ltr'>Domine</span> <span class='ocrx_word' id='word_1_193' title='bbox 452 1776 460 1792; x_wconf 94' lang='lat'>‚</span> <span class='ocrx_word' id='word_1_194' title='bbox 506 1748 749 1784; x_wconf 75' lang='lat' dir='ltr'>afflictionem</span> <span class='ocrx_word' id='word_1_195' title='bbox 787 1748 915 1794; x_wconf 90' lang='lat' dir='ltr'>populi</span> 
     </span>
     <span class='ocr_line' id='line_1_35' title="bbox 134 1794 914 1839; baseline -0.003 -7"><span class='ocrx_word' id='word_1_196' title='bbox 134 1795 203 1839; x_wconf 90' lang='lat' dir='ltr'>tui,</span> <span class='ocrx_word' id='word_1_197' title='bbox 231 1798 267 1831; x_wconf 90' lang='lat' dir='ltr'>et</span> <span class='ocrx_word' id='word_1_198' title='bbox 303 1798 425 1831; x_wconf 85' lang='lat' dir='ltr'>tactus</span> <span class='ocrx_word' id='word_1_199' title='bbox 457 1795 587 1830; x_wconf 82' lang='lat' dir='ltr'>dolore</span> <span class='ocrx_word' id='word_1_200' title='bbox 620 1795 816 1832; x_wconf 88' lang='lat' dir='ltr'>charitatis</span> <span class='ocrx_word' id='word_1_201' title='bbox 856 1794 914 1830; x_wconf 92' lang='lat' dir='ltr'>in-</span> 
     </span>
     <span class='ocr_line' id='line_1_36' title="bbox 132 1841 917 1888; baseline -0.001 -10"><span class='ocrx_word' id='word_1_202' title='bbox 132 1842 333 1886; x_wconf 89' lang='lat' dir='ltr'>trinsecus,</span> <span class='ocrx_word' id='word_1_203' title='bbox 371 1841 574 1888; x_wconf 88' lang='lat' dir='ltr'>apposuisti</span> <span class='ocrx_word' id='word_1_204' title='bbox 601 1842 766 1888; x_wconf 85' lang='lat' dir='ltr'>cogitare</span> <span class='ocrx_word' id='word_1_205' title='bbox 805 1852 917 1888; x_wconf 89' lang='lat' dir='ltr'>super</span> 
     </span>
     <span class='ocr_line' id='line_1_37' title="bbox 134 1888 915 1935; baseline -0.001 -10"><span class='ocrx_word' id='word_1_206' title='bbox 134 1900 204 1925; x_wconf 91' lang='lat' dir='ltr'>nos</span> <span class='ocrx_word' id='word_1_207' title='bbox 230 1888 477 1935; x_wconf 85' lang='lat' dir='ltr'>cogitationes</span> <span class='ocrx_word' id='word_1_208' title='bbox 500 1888 602 1934; x_wconf 83' lang='lat' dir='ltr'>pacis</span> <span class='ocrx_word' id='word_1_209' title='bbox 624 1893 660 1925; x_wconf 91' lang='lat' dir='ltr'>et</span> <span class='ocrx_word' id='word_1_210' title='bbox 687 1888 915 1934; x_wconf 88' lang='lat' dir='ltr'>redemptio—</span> 
     </span>
     <span class='ocr_line' id='line_1_38' title="bbox 131 1935 914 1981; baseline -0.001 -10"><span class='ocrx_word' id='word_1_211' title='bbox 131 1935 205 1972; x_wconf 87' lang='lat' dir='ltr'>nis.</span> <span class='ocrx_word' id='word_1_212' title='bbox 227 1937 271 1971; x_wconf 90' lang='lat' dir='ltr'>Et</span> <span class='ocrx_word' id='word_1_213' title='bbox 291 1936 444 1981; x_wconf 89' lang='lat' dir='ltr'>quidem</span> <span class='ocrx_word' id='word_1_214' title='bbox 465 1946 549 1971; x_wconf 92' lang='lat' dir='ltr'>cum</span> <span class='ocrx_word' id='word_1_215' title='bbox 574 1935 811 1972; x_wconf 88' lang='lat' dir='ltr'>essesFilius</span> <span class='ocrx_word' id='word_1_216' title='bbox 833 1935 914 1979; x_wconf 93' lang='lat' dir='ltr'>Dei,</span> 
     </span>
     <span class='ocr_line' id='line_1_39' title="bbox 129 1983 915 2028; baseline 0 -10"><span class='ocrx_word' id='word_1_217' title='bbox 129 1993 241 2019; x_wconf 86' lang='lat' dir='ltr'>verus</span> <span class='ocrx_word' id='word_1_218' title='bbox 285 1984 382 2018; x_wconf 89' lang='lat' dir='ltr'>Deus</span> <span class='ocrx_word' id='word_1_219' title='bbox 405 2011 413 2027; x_wconf 95' lang='lat'>,</span> <span class='ocrx_word' id='word_1_220' title='bbox 456 1984 532 2018; x_wconf 92' lang='lat' dir='ltr'>Deo</span> <span class='ocrx_word' id='word_1_221' title='bbox 570 1983 672 2018; x_wconf 87' lang='lat' dir='ltr'>Patri</span> <span class='ocrx_word' id='word_1_222' title='bbox 702 1984 915 2028; x_wconf 88' lang='lat' dir='ltr'>Sanctoque</span> 
     </span>
     <span class='ocr_line' id='line_1_40' title="bbox 130 2029 914 2076; baseline 0 -11"><span class='ocrx_word' id='word_1_223' title='bbox 130 2029 282 2076; x_wconf 76' lang='lat' dir='ltr'>SpIritui</span> <span class='ocrx_word' id='word_1_224' title='bbox 306 2033 516 2065; x_wconf 80' lang='lat' dir='ltr'>coaeternus</span> <span class='ocrx_word' id='word_1_225' title='bbox 540 2033 576 2065; x_wconf 87' lang='lat' dir='ltr'>et</span> <span class='ocrx_word' id='word_1_226' title='bbox 609 2029 914 2066; x_wconf 86' lang='lat' dir='ltr'>consubstantia-</span> 
     </span>
     <span class='ocr_line' id='line_1_41' title="bbox 129 2076 914 2120; baseline -0.001 -8"><span class='ocrx_word' id='word_1_227' title='bbox 129 2076 189 2120; x_wconf 88' lang='lat' dir='ltr'>lis,</span> <span class='ocrx_word' id='word_1_228' title='bbox 221 2076 343 2112; x_wconf 92' lang='lat' dir='ltr'>lucem</span> <span class='ocrx_word' id='word_1_229' title='bbox 383 2076 556 2112; x_wconf 86' lang='lat' dir='ltr'>habitans</span> <span class='ocrx_word' id='word_1_230' title='bbox 597 2076 914 2120; x_wconf 84' lang='lat' dir='ltr'>inaccessibilem,</span> 
     </span>
     <span class='ocr_line' id='line_1_42' title="bbox 128 2123 914 2169; baseline 0 -10"><span class='ocrx_word' id='word_1_231' title='bbox 128 2126 360 2169; x_wconf 79' lang='lat' dir='ltr'>portansque</span> <span class='ocrx_word' id='word_1_232' title='bbox 382 2123 509 2159; x_wconf 90' lang='lat' dir='ltr'>omnia</span> <span class='ocrx_word' id='word_1_233' title='bbox 526 2124 641 2159; x_wconf 86' lang='lat' dir='ltr'>verbo</span> <span class='ocrx_word' id='word_1_234' title='bbox 663 2123 812 2160; x_wconf 87' lang='lat' dir='ltr'>virtutis</span> <span class='ocrx_word' id='word_1_235' title='bbox 826 2126 914 2167; x_wconf 88' lang='lat' dir='ltr'>tuae,</span> 
     </span>
     <span class='ocr_line' id='line_1_43' title="bbox 129 2170 918 2216; baseline 0.001 -11"><span class='ocrx_word' id='word_1_236' title='bbox 129 2181 207 2205; x_wconf 89' lang='lat' dir='ltr'>non</span> <span class='ocrx_word' id='word_1_237' title='bbox 240 2170 439 2216; x_wconf 83' lang='lat' dir='ltr'>despexisti</span> <span class='ocrx_word' id='word_1_238' title='bbox 468 2170 506 2205; x_wconf 91' lang='lat' dir='ltr'>in</span> <span class='ocrx_word' id='word_1_239' title='bbox 536 2171 608 2206; x_wconf 91' lang='lat' dir='ltr'>hoc</span> <span class='ocrx_word' id='word_1_240' title='bbox 646 2175 785 2206; x_wconf 79' lang='lat' dir='ltr'>nostrae</span> <span class='ocrx_word' id='word_1_241' title='bbox 821 2181 918 2207; x_wconf 92' lang='lat' dir='ltr'>mor-</span> 
     </span>
     <span class='ocr_line' id='line_1_44' title="bbox 128 2216 914 2262; baseline 0.001 -10"><span class='ocrx_word' id='word_1_242' title='bbox 128 2216 284 2252; x_wconf 84' lang='lat' dir='ltr'>talitatis</span> <span class='ocrx_word' id='word_1_243' title='bbox 307 2217 555 2262; x_wconf 77' lang='lat' dir='ltr'>ergastulum,</span> <span class='ocrx_word' id='word_1_244' title='bbox 589 2217 827 2254; x_wconf 87' lang='lat' dir='ltr'>altitudinem</span> <span class='ocrx_word' id='word_1_245' title='bbox 858 2217 914 2253; x_wconf 90' lang='lat' dir='ltr'>in-</span> 
     </span>
     <span class='ocr_line' id='line_1_45' title="bbox 130 2263 916 2310; baseline 0.003 -12"><span class='ocrx_word' id='word_1_246' title='bbox 130 2263 273 2299; x_wconf 81' lang='lat' dir='ltr'>clinare</span> <span class='ocrx_word' id='word_1_247' title='bbox 289 2266 407 2307; x_wconf 87' lang='lat' dir='ltr'>tuam,</span> <span class='ocrx_word' id='word_1_248' title='bbox 429 2267 472 2299; x_wconf 90' lang='lat' dir='ltr'>ut</span> <span class='ocrx_word' id='word_1_249' title='bbox 498 2267 665 2300; x_wconf 86' lang='lat' dir='ltr'>nostram</span> <span class='ocrx_word' id='word_1_250' title='bbox 687 2268 723 2300; x_wconf 87' lang='lat' dir='ltr'>et</span> <span class='ocrx_word' id='word_1_251' title='bbox 743 2267 916 2310; x_wconf 82' lang='lat' dir='ltr'>gustares</span> 
     </span>
     <span class='ocr_line' id='line_1_46' title="bbox 129 2310 914 2357; baseline 0.001 -11"><span class='ocrx_word' id='word_1_252' title='bbox 129 2313 167 2346; x_wconf 91' lang='lat' dir='ltr'>et</span> <span class='ocrx_word' id='word_1_253' title='bbox 203 2311 426 2346; x_wconf 87' lang='lat' dir='ltr'>absorberes</span> <span class='ocrx_word' id='word_1_254' title='bbox 448 2310 654 2355; x_wconf 87' lang='lat' dir='ltr'>miseriam,</span> <span class='ocrx_word' id='word_1_255' title='bbox 685 2322 827 2357; x_wconf 89' lang='lat' dir='ltr'>nosque</span> <span class='ocrx_word' id='word_1_256' title='bbox 855 2322 914 2347; x_wconf 92' lang='lat' dir='ltr'>re-</span> 
     </span>
     <span class='ocr_line' id='line_1_47' title="bbox 130 2356 917 2403; baseline 0 -10"><span class='ocrx_word' id='word_1_257' title='bbox 130 2367 286 2403; x_wconf 86' lang='lat' dir='ltr'>parares</span> <span class='ocrx_word' id='word_1_258' title='bbox 306 2357 354 2392; x_wconf 93' lang='lat' dir='ltr'>ad</span> <span class='ocrx_word' id='word_1_259' title='bbox 373 2356 546 2402; x_wconf 82' lang='lat' dir='ltr'>gloriam.</span> <span class='ocrx_word' id='word_1_260' title='bbox 570 2359 720 2401; x_wconf 86' lang='lat' dir='ltr'>Parum,</span> <span class='ocrx_word' id='word_1_261' title='bbox 734 2359 831 2394; x_wconf 89' lang='lat' dir='ltr'>bone</span> <span class='ocrx_word' id='word_1_262' title='bbox 847 2359 917 2394; x_wconf 84' lang='lat' dir='ltr'>Do-</span> 
     </span>
     <span class='ocr_line' id='line_1_48' title="bbox 132 2403 913 2447; baseline 0.001 -8"><span class='ocrx_word' id='word_1_263' title='bbox 132 2403 234 2439; x_wconf 89' lang='lat' dir='ltr'>mine</span> <span class='ocrx_word' id='word_1_264' title='bbox 253 2406 355 2447; x_wconf 84' lang='lat' dir='ltr'>Jesu,</span> <span class='ocrx_word' id='word_1_265' title='bbox 385 2403 453 2439; x_wconf 88' lang='lat' dir='ltr'>fuit</span> <span class='ocrx_word' id='word_1_266' title='bbox 475 2404 647 2440; x_wconf 86' lang='lat' dir='ltr'>charitati</span> <span class='ocrx_word' id='word_1_267' title='bbox 667 2408 741 2440; x_wconf 75' lang='lat' dir='ltr'>tuae</span> <span class='ocrx_word' id='word_1_268' title='bbox 759 2405 807 2440; x_wconf 89' lang='lat' dir='ltr'>ad</span> <span class='ocrx_word' id='word_1_269' title='bbox 825 2415 913 2441; x_wconf 91' lang='lat' dir='ltr'>con-</span> 
     </span>
     <span class='ocr_line' id='line_1_49' title="bbox 135 2451 915 2496; baseline 0.001 -10"><span class='ocrx_word' id='word_1_270' title='bbox 135 2451 399 2486; x_wconf 87' lang='lat' dir='ltr'>summandum</span> <span class='ocrx_word' id='word_1_271' title='bbox 435 2461 528 2496; x_wconf 92' lang='lat' dir='ltr'>opus</span> <span class='ocrx_word' id='word_1_272' title='bbox 568 2455 706 2487; x_wconf 84' lang='lat' dir='ltr'>nostrae</span> <span class='ocrx_word' id='word_1_273' title='bbox 751 2452 883 2487; x_wconf 89' lang='lat' dir='ltr'>salutis</span> <span class='ocrx_word' id='word_1_274' title='bbox 906 2479 915 2495; x_wconf 93' lang='lat'>,</span> 
     </span>
     <span class='ocr_line' id='line_1_50' title="bbox 135 2496 916 2544; baseline 0.001 -11"><span class='ocrx_word' id='word_1_275' title='bbox 135 2497 336 2534; x_wconf 88' lang='lat' dir='ltr'>Cherubim</span> <span class='ocrx_word' id='word_1_276' title='bbox 362 2496 420 2533; x_wconf 81' lang='lat' dir='ltr'>vel</span> <span class='ocrx_word' id='word_1_277' title='bbox 455 2499 666 2544; x_wconf 80' lang='lat' dir='ltr'>Seraphim,</span> <span class='ocrx_word' id='word_1_278' title='bbox 694 2502 759 2534; x_wconf 85' lang='lat' dir='ltr'>aut</span> <span class='ocrx_word' id='word_1_279' title='bbox 800 2509 916 2534; x_wconf 89' lang='lat' dir='ltr'>unum</span> 
     </span>
     <span class='ocr_line' id='line_1_51' title="bbox 135 2544 917 2591; baseline 0.001 -11"><span class='ocrx_word' id='word_1_280' title='bbox 135 2554 179 2580; x_wconf 85' lang='lat' dir='ltr'>ex</span> <span class='ocrx_word' id='word_1_281' title='bbox 211 2544 365 2590; x_wconf 90' lang='lat' dir='ltr'>Angelis</span> <span class='ocrx_word' id='word_1_282' title='bbox 391 2544 583 2580; x_wconf 89' lang='lat' dir='ltr'>destinare</span> <span class='ocrx_word' id='word_1_283' title='bbox 612 2557 619 2580; x_wconf 74' lang='grc' dir='ltr'>ε</span> <span class='ocrx_word' id='word_1_284' title='bbox 648 2545 729 2591; x_wconf 87' lang='lat' dir='ltr'>ipse</span> <span class='ocrx_word' id='word_1_285' title='bbox 770 2545 818 2581; x_wconf 90' lang='lat' dir='ltr'>ad</span> <span class='ocrx_word' id='word_1_286' title='bbox 847 2556 917 2581; x_wconf 90' lang='lat' dir='ltr'>nos</span> 
     </span>
     <span class='ocr_line' id='line_1_52' title="bbox 133 2590 918 2637; baseline 0.001 -10"><span class='ocrx_word' id='word_1_287' title='bbox 133 2590 265 2627; x_wconf 88' lang='lat' dir='ltr'>venire</span> <span class='ocrx_word' id='word_1_288' title='bbox 302 2591 477 2637; x_wconf 88' lang='lat' dir='ltr'>dignatus</span> <span class='ocrx_word' id='word_1_289' title='bbox 519 2602 572 2635; x_wconf 80' lang='lat' dir='ltr'>eS,</span> <span class='ocrx_word' id='word_1_290' title='bbox 604 2602 672 2637; x_wconf 91' lang='lat' dir='ltr'>per</span> <span class='ocrx_word' id='word_1_291' title='bbox 699 2592 918 2628; x_wconf 87' lang='lat' dir='ltr'>mandatum</span> 
     </span>
     <span class='ocr_line' id='line_1_53' title="bbox 132 2637 918 2684; baseline 0.003 -11"><span class='ocrx_word' id='word_1_292' title='bbox 132 2637 269 2682; x_wconf 89' lang='lat' dir='ltr'>Patris,</span> <span class='ocrx_word' id='word_1_293' title='bbox 291 2639 396 2684; x_wconf 77' lang='lat' dir='ltr'>quus</span> <span class='ocrx_word' id='word_1_294' title='bbox 422 2638 578 2674; x_wconf 91' lang='lat' dir='ltr'>nimiam</span> <span class='ocrx_word' id='word_1_295' title='bbox 609 2638 831 2675; x_wconf 90' lang='lat' dir='ltr'>charitatem</span> <span class='ocrx_word' id='word_1_296' title='bbox 855 2650 918 2675; x_wconf 89' lang='lat' dir='ltr'>ex-</span> 
     </span>
    </p>

    <p class='ocr_par' dir='ltr' id='par_1_4' title="bbox 137 2684 923 2825">
     <span class='ocr_line' id='line_1_54' title="bbox 163 2684 919 2730; baseline 0.001 -10"><span class='ocrx_word' id='word_1_297' title='bbox 163 2684 233 2720; x_wconf 90' lang='lat' dir='ltr'>erti</span> <span class='ocrx_word' id='word_1_298' title='bbox 254 2695 383 2721; x_wconf 90' lang='lat' dir='ltr'>sumus</span> <span class='ocrx_word' id='word_1_299' title='bbox 404 2685 443 2720; x_wconf 88' lang='lat' dir='ltr'>in</span> <span class='ocrx_word' id='word_1_300' title='bbox 472 2688 522 2722; x_wconf 87' lang='lat' dir='ltr'>te.</span> <span class='ocrx_word' id='word_1_301' title='bbox 545 2685 689 2721; x_wconf 90' lang='lat' dir='ltr'>Venisti</span> <span class='ocrx_word' id='word_1_302' title='bbox 711 2685 825 2730; x_wconf 91' lang='lat' dir='ltr'>enim,</span> <span class='ocrx_word' id='word_1_303' title='bbox 844 2696 919 2721; x_wconf 90' lang='lat' dir='ltr'>non</span> 
     </span>
     <span class='ocr_line' id='line_1_55' title="bbox 151 2732 921 2778; baseline 0 -10"><span class='ocrx_word' id='word_1_304' title='bbox 151 2742 260 2768; x_wconf 86' lang='lat' dir='ltr'>ocum</span> <span class='ocrx_word' id='word_1_305' title='bbox 303 2732 485 2768; x_wconf 88' lang='lat' dir='ltr'>mutando</span> <span class='ocrx_word' id='word_1_306' title='bbox 509 2760 518 2777; x_wconf 94' lang='lat'>‚</span> <span class='ocrx_word' id='word_1_307' title='bbox 560 2732 625 2768; x_wconf 88' lang='lat' dir='ltr'>sed</span> <span class='ocrx_word' id='word_1_308' title='bbox 680 2732 921 2778; x_wconf 79' lang='lat' dir='ltr'>praesentiam</span> 
     </span>
     <span class='ocr_line' id='line_1_56' title="bbox 137 2779 923 2825; baseline 0.003 -12"><span class='ocrx_word' id='word_1_309' title='bbox 137 2781 241 2814; x_wconf 90' lang='lat' dir='ltr'>tuam</span> <span class='ocrx_word' id='word_1_310' title='bbox 262 2789 328 2825; x_wconf 85' lang='lat' dir='ltr'>per</span> <span class='ocrx_word' id='word_1_311' title='bbox 347 2790 499 2815; x_wconf 89' lang='lat' dir='ltr'>carnem</span> <span class='ocrx_word' id='word_1_312' title='bbox 520 2779 744 2815; x_wconf 87' lang='lat' dir='ltr'>exhibendo.</span> <span class='ocrx_word' id='word_1_313' title='bbox 765 2781 923 2815; x_wconf 89' lang='lat' dir='ltr'>Descen-</span> 
     </span>
    </p>
   </div>
   <div class='ocr_carea' id='block_1_3' title="bbox 975 245 1777 2826">
    <p class='ocr_par' dir='ltr' id='par_1_5' title="bbox 975 245 1774 1980">
     <span class='ocr_line' id='line_1_57' title="bbox 975 245 1754 294; baseline -0.006 -7"><span class='ocrx_word' id='word_1_314' title='bbox 975 250 1068 287; x_wconf 89' lang='lat' dir='ltr'>dens</span> <span class='ocrx_word' id='word_1_315' title='bbox 1094 261 1118 286; x_wconf 87' lang='lat' dir='ltr'>a</span> <span class='ocrx_word' id='word_1_316' title='bbox 1145 247 1262 294; x_wconf 84' lang='lat' dir='ltr'>regali</span> <span class='ocrx_word' id='word_1_317' title='bbox 1299 246 1392 282; x_wconf 89' lang='lat' dir='ltr'>solio</span> <span class='ocrx_word' id='word_1_318' title='bbox 1429 245 1599 282; x_wconf 85' lang='lat' dir='ltr'>sublimis</span> <span class='ocrx_word' id='word_1_319' title='bbox 1626 245 1754 293; x_wconf 57' lang='lat' dir='ltr'>glori-„u</span> 
     </span>
     <span class='ocr_line' id='line_1_58' title="bbox 975 293 1755 341; baseline -0.006 -8"><span class='ocrx_word' id='word_1_320' title='bbox 975 300 1064 341; x_wconf 86' lang='lat' dir='ltr'>tuae,</span> <span class='ocrx_word' id='word_1_321' title='bbox 1085 296 1125 332; x_wconf 92' lang='lat' dir='ltr'>in</span> <span class='ocrx_word' id='word_1_322' title='bbox 1153 294 1335 331; x_wconf 90' lang='lat' dir='ltr'>humilem</span> <span class='ocrx_word' id='word_1_323' title='bbox 1363 296 1400 329; x_wconf 91' lang='lat' dir='ltr'>et</span> <span class='ocrx_word' id='word_1_324' title='bbox 1426 293 1612 339; x_wconf 87' lang='lat' dir='ltr'>abjectam</span> <span class='ocrx_word' id='word_1_325' title='bbox 1636 293 1755 329; x_wconf 90' lang='lat' dir='ltr'>ancil-</span> 
     </span>
     <span class='ocr_line' id='line_1_59' title="bbox 976 339 1757 386; baseline -0.005 -6"><span class='ocrx_word' id='word_1_326' title='bbox 976 345 1051 380; x_wconf 90' lang='lat' dir='ltr'>lam</span> <span class='ocrx_word' id='word_1_327' title='bbox 1072 343 1109 379; x_wconf 89' lang='lat' dir='ltr'>in</span> <span class='ocrx_word' id='word_1_328' title='bbox 1128 342 1246 378; x_wconf 91' lang='lat' dir='ltr'>oculis</span> <span class='ocrx_word' id='word_1_329' title='bbox 1266 340 1343 377; x_wconf 90' lang='lat' dir='ltr'>suis</span> <span class='ocrx_word' id='word_1_330' title='bbox 1360 339 1671 386; x_wconf 79' lang='lat' dir='ltr'>puellam,pr1mo</span> <span class='ocrx_word' id='word_1_331' title='bbox 1685 339 1757 376; x_wconf 89' lang='lat' dir='ltr'>vir-</span> 
     </span>
     <span class='ocr_line' id='line_1_60' title="bbox 977 386 1755 436; baseline -0.004 -10"><span class='ocrx_word' id='word_1_332' title='bbox 977 390 1113 436; x_wconf 86' lang='lat' dir='ltr'>ginalis</span> <span class='ocrx_word' id='word_1_333' title='bbox 1151 386 1392 425; x_wconf 83' lang='lat' dir='ltr'>continentiae</span> <span class='ocrx_word' id='word_1_334' title='bbox 1419 390 1505 423; x_wconf 86' lang='lat' dir='ltr'>voto</span> <span class='ocrx_word' id='word_1_335' title='bbox 1540 386 1755 432; x_wconf 87' lang='lat' dir='ltr'>sigillatam.</span> 
     </span>
     <span class='ocr_line' id='line_1_61' title="bbox 977 433 1760 483; baseline -0.004 -10"><span class='ocrx_word' id='word_1_336' title='bbox 977 440 1019 473; x_wconf 92' lang='lat' dir='ltr'>In</span> <span class='ocrx_word' id='word_1_337' title='bbox 1039 437 1144 483; x_wconf 87' lang='lat' dir='ltr'>cujus</span> <span class='ocrx_word' id='word_1_338' title='bbox 1163 437 1402 472; x_wconf 83' lang='lat' dir='ltr'>sacrosancto</span> <span class='ocrx_word' id='word_1_339' title='bbox 1423 437 1544 477; x_wconf 89' lang='lat' dir='ltr'>utero,</span> <span class='ocrx_word' id='word_1_340' title='bbox 1567 433 1647 469; x_wconf 90' lang='lat' dir='ltr'>sola</span> <span class='ocrx_word' id='word_1_341' title='bbox 1668 435 1760 470; x_wconf 86' lang='lat' dir='ltr'>San·</span> 
     </span>
     <span class='ocr_line' id='line_1_62' title="bbox 978 479 1760 529; baseline -0.005 -9"><span class='ocrx_word' id='word_1_342' title='bbox 978 483 1026 520; x_wconf 90' lang='lat' dir='ltr'>cti</span> <span class='ocrx_word' id='word_1_343' title='bbox 1064 483 1222 529; x_wconf 88' lang='lat' dir='ltr'>Spiritus</span> <span class='ocrx_word' id='word_1_344' title='bbox 1256 480 1373 516; x_wconf 87' lang='lat' dir='ltr'>virtus</span> <span class='ocrx_word' id='word_1_345' title='bbox 1413 479 1691 525; x_wconf 87' lang='lat' dir='ltr'>inenarrabilis,</span> <span class='ocrx_word' id='word_1_346' title='bbox 1722 483 1760 517; x_wconf 85' lang='lat' dir='ltr'>et</span> 
     </span>
     <span class='ocr_line' id='line_1_63' title="bbox 979 526 1759 575; baseline -0.004 -9"><span class='ocrx_word' id='word_1_347' title='bbox 979 529 1125 575; x_wconf 86' lang='lat' dir='ltr'>concipi</span> <span class='ocrx_word' id='word_1_348' title='bbox 1152 533 1188 565; x_wconf 84' lang='lat' dir='ltr'>te</span> <span class='ocrx_word' id='word_1_349' title='bbox 1209 527 1309 572; x_wconf 86' lang='lat' dir='ltr'>fecit,</span> <span class='ocrx_word' id='word_1_350' title='bbox 1335 531 1372 563; x_wconf 88' lang='lat' dir='ltr'>et</span> <span class='ocrx_word' id='word_1_351' title='bbox 1392 526 1494 562; x_wconf 88' lang='lat' dir='ltr'>nasci</span> <span class='ocrx_word' id='word_1_352' title='bbox 1520 526 1559 562; x_wconf 92' lang='lat' dir='ltr'>in</span> <span class='ocrx_word' id='word_1_353' title='bbox 1579 538 1667 563; x_wconf 90' lang='lat' dir='ltr'>vera</span> <span class='ocrx_word' id='word_1_354' title='bbox 1689 528 1759 563; x_wconf 87' lang='lat' dir='ltr'>hu·</span> 
     </span>
     <span class='ocr_line' id='line_1_64' title="bbox 978 573 1760 620; baseline -0.004 -7"><span class='ocrx_word' id='word_1_355' title='bbox 978 575 1172 613; x_wconf 88' lang='lat' dir='ltr'>manitatis</span> <span class='ocrx_word' id='word_1_356' title='bbox 1191 579 1340 617; x_wconf 82' lang='lat' dir='ltr'>natura,</span> <span class='ocrx_word' id='word_1_357' title='bbox 1359 573 1412 609; x_wconf 85' lang='lat' dir='ltr'>ita</span> <span class='ocrx_word' id='word_1_358' title='bbox 1433 577 1472 609; x_wconf 89' lang='lat' dir='ltr'>ut</span> <span class='ocrx_word' id='word_1_359' title='bbox 1491 584 1560 609; x_wconf 89' lang='lat' dir='ltr'>nec</span> <span class='ocrx_word' id='word_1_360' title='bbox 1581 575 1760 620; x_wconf 75' lang='lat' dir='ltr'>maJesta·</span> 
     </span>
     <span class='ocr_line' id='line_1_65' title="bbox 979 619 1762 665; baseline -0.004 -6"><span class='ocrx_word' id='word_1_361' title='bbox 979 627 1055 659; x_wconf 88' lang='lat' dir='ltr'>tem</span> <span class='ocrx_word' id='word_1_362' title='bbox 1074 621 1280 659; x_wconf 86' lang='lat' dir='ltr'>divinitatis</span> <span class='ocrx_word' id='word_1_363' title='bbox 1300 620 1340 656; x_wconf 91' lang='lat' dir='ltr'>in</span> <span class='ocrx_word' id='word_1_364' title='bbox 1355 624 1486 663; x_wconf 87' lang='lat' dir='ltr'>te,nec</span> <span class='ocrx_word' id='word_1_365' title='bbox 1502 619 1762 665; x_wconf 87' lang='lat' dir='ltr'>integritatem</span> 
     </span>
     <span class='ocr_line' id='line_1_66' title="bbox 980 666 1763 716; baseline -0.004 -10"><span class='ocrx_word' id='word_1_366' title='bbox 980 669 1207 716; x_wconf 84' lang='lat' dir='ltr'>virginitatis</span> <span class='ocrx_word' id='word_1_367' title='bbox 1236 668 1275 703; x_wconf 92' lang='lat' dir='ltr'>in</span> <span class='ocrx_word' id='word_1_368' title='bbox 1303 678 1342 703; x_wconf 89' lang='lat' dir='ltr'>se</span> <span class='ocrx_word' id='word_1_369' title='bbox 1367 666 1526 702; x_wconf 88' lang='lat' dir='ltr'>violaret</span> <span class='ocrx_word' id='word_1_370' title='bbox 1547 667 1763 703; x_wconf 83' lang='lat' dir='ltr'>navivitatis</span> 
     </span>
     <span class='ocr_line' id='line_1_67' title="bbox 981 714 1760 753; baseline -0.004 0"><span class='ocrx_word' id='word_1_371' title='bbox 981 716 1141 753; x_wconf 91' lang='lat' dir='ltr'>occasio.</span> <span class='ocrx_word' id='word_1_372' title='bbox 1166 729 1182 749; x_wconf 75' lang='lat' dir='ltr'>n</span> <span class='ocrx_word' id='word_1_373' title='bbox 1209 715 1311 751; x_wconf 92' lang='lat' dir='ltr'>Idem</span> <span class='ocrx_word' id='word_1_374' title='bbox 1342 714 1389 750; x_wconf 91' lang='lat' dir='ltr'>ad</span> <span class='ocrx_word' id='word_1_375' title='bbox 1423 724 1591 749; x_wconf 90' lang='lat' dir='ltr'>sororem</span> <span class='ocrx_word' id='word_1_376' title='bbox 1624 724 1760 751; x_wconf 88' lang='lat' dir='ltr'>suam:</span> 
     </span>
     <span class='ocr_line' id='line_1_68' title="bbox 985 759 1765 807; baseline 0.001 -11"><span class='ocrx_word' id='word_1_377' title='bbox 985 779 1002 796; x_wconf 68' lang='grc' dir='ltr'>α</span> <span class='ocrx_word' id='word_1_378' title='bbox 1025 763 1208 806; x_wconf 90' lang='lat' dir='ltr'>Primum,</span> <span class='ocrx_word' id='word_1_379' title='bbox 1230 771 1314 798; x_wconf 91' lang='lat' dir='ltr'>cum</span> <span class='ocrx_word' id='word_1_380' title='bbox 1331 762 1443 797; x_wconf 86' lang='lat' dir='ltr'>beata</span> <span class='ocrx_word' id='word_1_381' title='bbox 1459 761 1577 796; x_wconf 90' lang='lat' dir='ltr'>Maria</span> <span class='ocrx_word' id='word_1_382' title='bbox 1592 759 1765 807; x_wconf 88' lang='lat' dir='ltr'>ingressa</span> 
     </span>
     <span class='ocr_line' id='line_1_69' title="bbox 983 807 1764 853; baseline -0.004 -6"><span class='ocrx_word' id='word_1_383' title='bbox 983 810 1194 847; x_wconf 88' lang='lat' dir='ltr'>cubiculum</span> <span class='ocrx_word' id='word_1_384' title='bbox 1211 837 1220 852; x_wconf 93' lang='lat'>,</span> <span class='ocrx_word' id='word_1_385' title='bbox 1262 808 1378 844; x_wconf 91' lang='lat' dir='ltr'>libros</span> <span class='ocrx_word' id='word_1_386' title='bbox 1423 807 1558 853; x_wconf 89' lang='lat' dir='ltr'>quibus</span> <span class='ocrx_word' id='word_1_387' title='bbox 1598 807 1764 853; x_wconf 87' lang='lat' dir='ltr'>Virginis</span> 
     </span>
     <span class='ocr_line' id='line_1_70' title="bbox 982 855 1763 904; baseline -0.003 -11"><span class='ocrx_word' id='word_1_388' title='bbox 982 860 1113 904; x_wconf 88' lang='lat' dir='ltr'>partus</span> <span class='ocrx_word' id='word_1_389' title='bbox 1133 861 1170 893; x_wconf 89' lang='lat' dir='ltr'>et</span> <span class='ocrx_word' id='word_1_390' title='bbox 1198 855 1333 893; x_wconf 86' lang='lat' dir='ltr'>Christi</span> <span class='ocrx_word' id='word_1_391' title='bbox 1354 855 1600 901; x_wconf 83' lang='lat' dir='ltr'>prophetatur</span> <span class='ocrx_word' id='word_1_392' title='bbox 1624 855 1763 891; x_wconf 88' lang='lat' dir='ltr'>adven-</span> 
     </span>
     <span class='ocr_line' id='line_1_71' title="bbox 983 901 1765 948; baseline -0.004 -8"><span class='ocrx_word' id='word_1_393' title='bbox 983 909 1057 948; x_wconf 89' lang='lat' dir='ltr'>tus,</span> <span class='ocrx_word' id='word_1_394' title='bbox 1077 904 1218 940; x_wconf 88' lang='lat' dir='ltr'>evolve.</span> <span class='ocrx_word' id='word_1_395' title='bbox 1238 902 1291 938; x_wconf 91' lang='lat' dir='ltr'>Ibi</span> <span class='ocrx_word' id='word_1_396' title='bbox 1308 902 1508 938; x_wconf 88' lang='lat' dir='ltr'>adventum</span> <span class='ocrx_word' id='word_1_397' title='bbox 1523 901 1657 947; x_wconf 90' lang='lat' dir='ltr'>Angeli</span> <span class='ocrx_word' id='word_1_398' title='bbox 1671 912 1765 948; x_wconf 83' lang='lat' dir='ltr'>prae-</span> 
     </span>
     <span class='ocr_line' id='line_1_72' title="bbox 986 947 1766 994; baseline -0.004 -7"><span class='ocrx_word' id='word_1_399' title='bbox 986 951 1139 994; x_wconf 88' lang='lat' dir='ltr'>stolare,</span> <span class='ocrx_word' id='word_1_400' title='bbox 1167 953 1207 986; x_wconf 87' lang='lat' dir='ltr'>ut</span> <span class='ocrx_word' id='word_1_401' title='bbox 1232 949 1360 985; x_wconf 85' lang='lat' dir='ltr'>videas</span> <span class='ocrx_word' id='word_1_402' title='bbox 1388 947 1606 992; x_wconf 90' lang='lat' dir='ltr'>intrantem,</span> <span class='ocrx_word' id='word_1_403' title='bbox 1633 948 1766 984; x_wconf 87' lang='lat' dir='ltr'>audias</span> 
     </span>
     <span class='ocr_line' id='line_1_73' title="bbox 987 994 1767 1041; baseline -0.004 -7"><span class='ocrx_word' id='word_1_404' title='bbox 987 998 1211 1035; x_wconf 88' lang='lat' dir='ltr'>salutantem</span> <span class='ocrx_word' id='word_1_405' title='bbox 1231 1009 1238 1041; x_wconf 92' lang='lat'>;</span> <span class='ocrx_word' id='word_1_406' title='bbox 1261 999 1297 1032; x_wconf 86' lang='lat' dir='ltr'>et</span> <span class='ocrx_word' id='word_1_407' title='bbox 1318 995 1370 1032; x_wconf 89' lang='lat' dir='ltr'>sic</span> <span class='ocrx_word' id='word_1_408' title='bbox 1390 994 1534 1041; x_wconf 86' lang='lat' dir='ltr'>repleta</span> <span class='ocrx_word' id='word_1_409' title='bbox 1557 998 1710 1041; x_wconf 86' lang='lat' dir='ltr'>stupore</span> <span class='ocrx_word' id='word_1_410' title='bbox 1728 999 1767 1031; x_wconf 88' lang='lat' dir='ltr'>et</span> 
     </span>
     <span class='ocr_line' id='line_1_74' title="bbox 986 1041 1766 1089; baseline -0.004 -8"><span class='ocrx_word' id='word_1_411' title='bbox 986 1044 1117 1089; x_wconf 88' lang='lat' dir='ltr'>extasi,</span> <span class='ocrx_word' id='word_1_412' title='bbox 1131 1042 1386 1080; x_wconf 88' lang='lat' dir='ltr'>dulcissimam</span> <span class='ocrx_word' id='word_1_413' title='bbox 1404 1041 1558 1078; x_wconf 86' lang='lat' dir='ltr'>Mariam</span> <span class='ocrx_word' id='word_1_414' title='bbox 1574 1042 1766 1079; x_wconf 89' lang='lat' dir='ltr'>dominam</span> 
     </span>
     <span class='ocr_line' id='line_1_75' title="bbox 986 1089 1765 1136; baseline -0.004 -8"><span class='ocrx_word' id='word_1_415' title='bbox 986 1096 1103 1136; x_wconf 90' lang='lat' dir='ltr'>tuam,</span> <span class='ocrx_word' id='word_1_416' title='bbox 1129 1102 1212 1127; x_wconf 89' lang='lat' dir='ltr'>cum</span> <span class='ocrx_word' id='word_1_417' title='bbox 1233 1090 1377 1136; x_wconf 84' lang='lat' dir='ltr'>Angelo</span> <span class='ocrx_word' id='word_1_418' title='bbox 1405 1089 1590 1125; x_wconf 88' lang='lat' dir='ltr'>salutante</span> <span class='ocrx_word' id='word_1_419' title='bbox 1611 1089 1765 1134; x_wconf 85' lang='lat' dir='ltr'>salutes,</span> 
     </span>
     <span class='ocr_line' id='line_1_76' title="bbox 987 1137 1764 1178; baseline -0.004 -3"><span class='ocrx_word' id='word_1_420' title='bbox 987 1139 1153 1175; x_wconf 86' lang='lat' dir='ltr'>clamans</span> <span class='ocrx_word' id='word_1_421' title='bbox 1173 1141 1210 1174; x_wconf 93' lang='lat' dir='ltr'>et</span> <span class='ocrx_word' id='word_1_422' title='bbox 1231 1138 1358 1173; x_wconf 91' lang='lat' dir='ltr'>dicens</span> <span class='ocrx_word' id='word_1_423' title='bbox 1380 1147 1388 1171; x_wconf 82' lang='lat' dir='ltr'>t</span> <span class='ocrx_word' id='word_1_424' title='bbox 1411 1137 1501 1178; x_wconf 82' lang='lat' dir='ltr'>Ave,</span> <span class='ocrx_word' id='word_1_425' title='bbox 1523 1138 1660 1178; x_wconf 80' lang='lat' dir='ltr'>Maria,</span> <span class='ocrx_word' id='word_1_426' title='bbox 1691 1139 1764 1173; x_wconf 86' lang='lat' dir='ltr'>etc.</span> 
     </span>
     <span class='ocr_line' id='line_1_77' title="bbox 987 1183 1767 1230; baseline -0.004 -9"><span class='ocrx_word' id='word_1_427' title='bbox 987 1187 1065 1221; x_wconf 92' lang='lat' dir='ltr'>Hoc</span> <span class='ocrx_word' id='word_1_428' title='bbox 1088 1184 1255 1221; x_wconf 87' lang='lat' dir='ltr'>crebrius</span> <span class='ocrx_word' id='word_1_429' title='bbox 1277 1186 1465 1230; x_wconf 83' lang='lat' dir='ltr'>repetenS,</span> <span class='ocrx_word' id='word_1_430' title='bbox 1503 1193 1586 1229; x_wconf 80' lang='lat' dir='ltr'>quae</span> <span class='ocrx_word' id='word_1_431' title='bbox 1618 1183 1666 1219; x_wconf 87' lang='lat' dir='ltr'>sit</span> <span class='ocrx_word' id='word_1_432' title='bbox 1685 1183 1767 1219; x_wconf 87' lang='lat' dir='ltr'>haec</span> 
     </span>
     <span class='ocr_line' id='line_1_78' title="bbox 987 1230 1767 1278; baseline -0.003 -10"><span class='ocrx_word' id='word_1_433' title='bbox 987 1231 1118 1278; x_wconf 82' lang='lat' dir='ltr'>gratiae</span> <span class='ocrx_word' id='word_1_434' title='bbox 1137 1230 1441 1277; x_wconf 88' lang='lat' dir='ltr'>plenitudino‚de</span> <span class='ocrx_word' id='word_1_435' title='bbox 1457 1240 1530 1275; x_wconf 89' lang='lat' dir='ltr'>qua</span> <span class='ocrx_word' id='word_1_436' title='bbox 1541 1233 1643 1267; x_wconf 85' lang='lat' dir='ltr'>totus</span> <span class='ocrx_word' id='word_1_437' title='bbox 1660 1240 1767 1266; x_wconf 85' lang='lat' dir='ltr'>mun-</span> 
     </span>
     <span class='ocr_line' id='line_1_79' title="bbox 988 1276 1766 1322; baseline -0.004 -7"><span class='ocrx_word' id='word_1_438' title='bbox 988 1279 1057 1315; x_wconf 92' lang='lat' dir='ltr'>dus</span> <span class='ocrx_word' id='word_1_439' title='bbox 1086 1278 1273 1314; x_wconf 89' lang='lat' dir='ltr'>mutuavit</span> <span class='ocrx_word' id='word_1_440' title='bbox 1298 1276 1472 1322; x_wconf 87' lang='lat' dir='ltr'>gratiam,</span> <span class='ocrx_word' id='word_1_441' title='bbox 1499 1277 1649 1322; x_wconf 86' lang='lat' dir='ltr'>quando</span> <span class='ocrx_word' id='word_1_442' title='bbox 1673 1278 1766 1314; x_wconf 88' lang='lat' dir='ltr'>Ver-</span> 
     </span>
     <span class='ocr_line' id='line_1_80' title="bbox 988 1323 1769 1370; baseline -0.003 -8"><span class='ocrx_word' id='word_1_443' title='bbox 988 1327 1079 1362; x_wconf 91' lang='lat' dir='ltr'>bum</span> <span class='ocrx_word' id='word_1_444' title='bbox 1097 1336 1183 1361; x_wconf 92' lang='lat' dir='ltr'>caro</span> <span class='ocrx_word' id='word_1_445' title='bbox 1204 1325 1344 1360; x_wconf 86' lang='lat' dir='ltr'>factum</span> <span class='ocrx_word' id='word_1_446' title='bbox 1362 1326 1432 1368; x_wconf 90' lang='lat' dir='ltr'>est,</span> <span class='ocrx_word' id='word_1_447' title='bbox 1454 1323 1709 1370; x_wconf 87' lang='lat' dir='ltr'>contemplare</span> <span class='ocrx_word' id='word_1_448' title='bbox 1729 1326 1769 1360; x_wconf 88' lang='lat' dir='ltr'>et</span> 
     </span>
     <span class='ocr_line' id='line_1_81' title="bbox 990 1369 1770 1416; baseline -0.003 -8"><span class='ocrx_word' id='word_1_449' title='bbox 990 1372 1178 1408; x_wconf 81' lang='lat' dir='ltr'>admirare</span> <span class='ocrx_word' id='word_1_450' title='bbox 1207 1371 1421 1415; x_wconf 90' lang='lat' dir='ltr'>Dominum,</span> <span class='ocrx_word' id='word_1_451' title='bbox 1443 1370 1506 1416; x_wconf 90' lang='lat' dir='ltr'>qui</span> <span class='ocrx_word' id='word_1_452' title='bbox 1532 1373 1674 1406; x_wconf 88' lang='lat' dir='ltr'>terram</span> <span class='ocrx_word' id='word_1_453' title='bbox 1697 1369 1770 1406; x_wconf 90' lang='lat' dir='ltr'>im-</span> 
     </span>
     <span class='ocr_line' id='line_1_82' title="bbox 987 1417 1769 1466; baseline -0.003 -11"><span class='ocrx_word' id='word_1_454' title='bbox 987 1420 1065 1466; x_wconf 91' lang='lat' dir='ltr'>plet</span> <span class='ocrx_word' id='word_1_455' title='bbox 1085 1422 1122 1455; x_wconf 85' lang='lat' dir='ltr'>et</span> <span class='ocrx_word' id='word_1_456' title='bbox 1140 1418 1290 1462; x_wconf 86' lang='lat' dir='ltr'>coelum,</span> <span class='ocrx_word' id='word_1_457' title='bbox 1316 1417 1415 1454; x_wconf 88' lang='lat' dir='ltr'>intra</span> <span class='ocrx_word' id='word_1_458' title='bbox 1434 1417 1544 1453; x_wconf 91' lang='lat' dir='ltr'>unius</span> <span class='ocrx_word' id='word_1_459' title='bbox 1562 1417 1696 1464; x_wconf 88' lang='lat' dir='ltr'>puellae</span> <span class='ocrx_word' id='word_1_460' title='bbox 1713 1417 1769 1453; x_wconf 89' lang='lat' dir='ltr'>vi-</span> 
     </span>
     <span class='ocr_line' id='line_1_83' title="bbox 989 1464 1774 1511; baseline -0.004 -8"><span class='ocrx_word' id='word_1_461' title='bbox 989 1477 1095 1503; x_wconf 87' lang='lat' dir='ltr'>scera</span> <span class='ocrx_word' id='word_1_462' title='bbox 1114 1465 1268 1509; x_wconf 86' lang='lat' dir='ltr'>claudit,</span> <span class='ocrx_word' id='word_1_463' title='bbox 1292 1475 1403 1511; x_wconf 86' lang='lat' dir='ltr'>quam</span> <span class='ocrx_word' id='word_1_464' title='bbox 1428 1466 1538 1500; x_wconf 84' lang='lat' dir='ltr'>Pater</span> <span class='ocrx_word' id='word_1_465' title='bbox 1561 1464 1774 1501; x_wconf 86' lang='lat' dir='ltr'>sanctifica·</span> 
     </span>
     <span class='ocr_line' id='line_1_84' title="bbox 988 1510 1769 1557; baseline 0 -10"><span class='ocrx_word' id='word_1_466' title='bbox 988 1513 1054 1557; x_wconf 90' lang='lat' dir='ltr'>vit,</span> <span class='ocrx_word' id='word_1_467' title='bbox 1071 1512 1184 1549; x_wconf 92' lang='lat' dir='ltr'>Filius</span> <span class='ocrx_word' id='word_1_468' title='bbox 1198 1511 1422 1555; x_wconf 85' lang='lat' dir='ltr'>fecundavit,</span> <span class='ocrx_word' id='word_1_469' title='bbox 1434 1510 1593 1557; x_wconf 87' lang='lat' dir='ltr'>Spiritus</span> <span class='ocrx_word' id='word_1_470' title='bbox 1610 1512 1769 1548; x_wconf 88' lang='lat' dir='ltr'>Sanctus</span> 
     </span>
     <span class='ocr_line' id='line_1_85' title="bbox 989 1558 1774 1604; baseline -0.001 -8"><span class='ocrx_word' id='word_1_471' title='bbox 989 1559 1239 1596; x_wconf 90' lang='lat' dir='ltr'>adumbravit.</span> <span class='ocrx_word' id='word_1_472' title='bbox 1254 1559 1281 1595; x_wconf 90' lang='lat' dir='ltr'>O</span> <span class='ocrx_word' id='word_1_473' title='bbox 1303 1558 1422 1594; x_wconf 91' lang='lat' dir='ltr'>dulcis</span> <span class='ocrx_word' id='word_1_474' title='bbox 1439 1558 1610 1603; x_wconf 89' lang='lat' dir='ltr'>Domina,</span> <span class='ocrx_word' id='word_1_475' title='bbox 1626 1561 1774 1604; x_wconf 83' lang='lat' dir='ltr'>quanta</span> 
     </span>
     <span class='ocr_line' id='line_1_86' title="bbox 988 1605 1770 1651; baseline -0.004 -8"><span class='ocrx_word' id='word_1_476' title='bbox 988 1606 1238 1643; x_wconf 86' lang='lat' dir='ltr'>inebriabaris</span> <span class='ocrx_word' id='word_1_477' title='bbox 1275 1605 1486 1648; x_wconf 87' lang='lat' dir='ltr'>dulcedine,</span> <span class='ocrx_word' id='word_1_478' title='bbox 1517 1616 1590 1651; x_wconf 90' lang='lat' dir='ltr'>quo</span> <span class='ocrx_word' id='word_1_479' title='bbox 1628 1605 1770 1641; x_wconf 90' lang='lat' dir='ltr'>amoris</span> 
     </span>
     <span class='ocr_line' id='line_1_87' title="bbox 991 1651 1769 1699; baseline -0.004 -9"><span class='ocrx_word' id='word_1_480' title='bbox 991 1655 1076 1699; x_wconf 88' lang='lat' dir='ltr'>igne</span> <span class='ocrx_word' id='word_1_481' title='bbox 1100 1652 1406 1696; x_wconf 89' lang='lat' dir='ltr'>succendebaris,</span> <span class='ocrx_word' id='word_1_482' title='bbox 1432 1662 1516 1688; x_wconf 90' lang='lat' dir='ltr'>cum</span> <span class='ocrx_word' id='word_1_483' title='bbox 1544 1651 1706 1688; x_wconf 88' lang='lat' dir='ltr'>sentires</span> <span class='ocrx_word' id='word_1_484' title='bbox 1728 1651 1769 1688; x_wconf 89' lang='lat' dir='ltr'>in</span> 
     </span>
     <span class='ocr_line' id='line_1_88' title="bbox 990 1699 1773 1745; baseline -0.003 -8"><span class='ocrx_word' id='word_1_485' title='bbox 990 1704 1117 1737; x_wconf 86' lang='lat' dir='ltr'>mente</span> <span class='ocrx_word' id='word_1_486' title='bbox 1145 1704 1181 1736; x_wconf 90' lang='lat' dir='ltr'>et</span> <span class='ocrx_word' id='word_1_487' title='bbox 1208 1699 1246 1735; x_wconf 92' lang='lat' dir='ltr'>in</span> <span class='ocrx_word' id='word_1_488' title='bbox 1270 1703 1402 1735; x_wconf 88' lang='lat' dir='ltr'>ventre</span> <span class='ocrx_word' id='word_1_489' title='bbox 1423 1702 1538 1735; x_wconf 85' lang='lat' dir='ltr'>tantae</span> <span class='ocrx_word' id='word_1_490' title='bbox 1560 1699 1773 1745; x_wconf 85' lang='lat' dir='ltr'>majestatis</span> 
     </span>
     <span class='ocr_line' id='line_1_89' title="bbox 991 1746 1770 1794; baseline -0.003 -11"><span class='ocrx_word' id='word_1_491' title='bbox 991 1747 1228 1794; x_wconf 65' lang='lat' dir='ltr'>praesentiam</span> <span class='ocrx_word' id='word_1_492' title='bbox 1242 1758 1253 1792; x_wconf 77' lang='lat'><em>3</em></span> <span class='ocrx_word' id='word_1_493' title='bbox 1277 1757 1360 1782; x_wconf 90' lang='lat' dir='ltr'>cum</span> <span class='ocrx_word' id='word_1_494' title='bbox 1393 1746 1440 1782; x_wconf 90' lang='lat' dir='ltr'>de</span> <span class='ocrx_word' id='word_1_495' title='bbox 1463 1749 1527 1781; x_wconf 90' lang='lat' dir='ltr'>tua</span> <span class='ocrx_word' id='word_1_496' title='bbox 1551 1756 1665 1782; x_wconf 88' lang='lat' dir='ltr'>carne</span> <span class='ocrx_word' id='word_1_497' title='bbox 1689 1756 1770 1782; x_wconf 88' lang='lat' dir='ltr'>car-</span> 
     </span>
     <span class='ocr_line' id='line_1_90' title="bbox 990 1792 1774 1839; baseline -0.004 -8"><span class='ocrx_word' id='word_1_498' title='bbox 990 1805 1077 1831; x_wconf 90' lang='lat' dir='ltr'>nem</span> <span class='ocrx_word' id='word_1_499' title='bbox 1110 1797 1332 1838; x_wconf 89' lang='lat' dir='ltr'>assumeret,</span> <span class='ocrx_word' id='word_1_500' title='bbox 1366 1797 1402 1828; x_wconf 87' lang='lat' dir='ltr'>et</span> <span class='ocrx_word' id='word_1_501' title='bbox 1436 1793 1607 1829; x_wconf 86' lang='lat' dir='ltr'>membra</span> <span class='ocrx_word' id='word_1_502' title='bbox 1638 1792 1774 1839; x_wconf 84' lang='lat' dir='ltr'>quihus</span> 
     </span>
     <span class='ocr_line' id='line_1_91' title="bbox 991 1839 1773 1888; baseline -0.004 -10"><span class='ocrx_word' id='word_1_503' title='bbox 991 1841 1236 1888; x_wconf 87' lang='lat' dir='ltr'>corporaliter</span> <span class='ocrx_word' id='word_1_504' title='bbox 1264 1839 1386 1876; x_wconf 88' lang='lat' dir='ltr'>omnis</span> <span class='ocrx_word' id='word_1_505' title='bbox 1412 1839 1607 1886; x_wconf 91' lang='lat' dir='ltr'>plenitudo</span> <span class='ocrx_word' id='word_1_506' title='bbox 1640 1839 1773 1876; x_wconf 91' lang='lat' dir='ltr'>divini-</span> 
     </span>
     <span class='ocr_line' id='line_1_92' title="bbox 989 1885 1774 1931; baseline -0.003 -7"><span class='ocrx_word' id='word_1_507' title='bbox 989 1888 1077 1924; x_wconf 88' lang='lat' dir='ltr'>tatis</span> <span class='ocrx_word' id='word_1_508' title='bbox 1114 1887 1345 1924; x_wconf 89' lang='lat' dir='ltr'>inhabitaret</span> <span class='ocrx_word' id='word_1_509' title='bbox 1366 1914 1375 1931; x_wconf 92' lang='lat'>‚</span> <span class='ocrx_word' id='word_1_510' title='bbox 1428 1887 1475 1922; x_wconf 92' lang='lat' dir='ltr'>de</span> <span class='ocrx_word' id='word_1_511' title='bbox 1514 1886 1591 1922; x_wconf 87' lang='lat' dir='ltr'>tuis</span> <span class='ocrx_word' id='word_1_512' title='bbox 1631 1885 1774 1922; x_wconf 85' lang='lat' dir='ltr'>sanctis</span> 
     </span>
     <span class='ocr_line' id='line_1_93' title="bbox 990 1933 1774 1980; baseline -0.003 -9"><span class='ocrx_word' id='word_1_513' title='bbox 990 1934 1170 1972; x_wconf 90' lang='lat' dir='ltr'>membris</span> <span class='ocrx_word' id='word_1_514' title='bbox 1202 1934 1364 1980; x_wconf 85' lang='lat' dir='ltr'>aptaret!</span> <span class='ocrx_word' id='word_1_515' title='bbox 1393 1946 1410 1967; x_wconf 94' lang='lat'>»</span> <span class='ocrx_word' id='word_1_516' title='bbox 1443 1934 1524 1969; x_wconf 92' lang='lat' dir='ltr'>haec</span> <span class='ocrx_word' id='word_1_517' title='bbox 1561 1933 1774 1969; x_wconf 65' lang='lat' dir='ltr'>AnseZmus.</span> 
     </span>
    </p>

    <p class='ocr_par' dir='ltr' id='par_1_6' title="bbox 989 1982 1777 2826">
     <span class='ocr_line' id='line_1_94' title="bbox 1039 1982 1775 2022; baseline -0.003 -4"><span class='ocrx_word' id='word_1_518' title='bbox 1039 1985 1082 2018; x_wconf 87' lang='lat'>28</span> <span class='ocrx_word' id='word_1_519' title='bbox 1099 1984 1219 2018; x_wconf 63' lang='lat' dir='ltr'>MAnm</span> <span class='ocrx_word' id='word_1_520' title='bbox 1245 1992 1477 2022; x_wconf 74' lang='lat' dir='ltr'>FREQUENTER</span> <span class='ocrx_word' id='word_1_521' title='bbox 1501 1982 1685 2016; x_wconf 69' lang='lat' dir='ltr'>ANGELICA</span> <span class='ocrx_word' id='word_1_522' title='bbox 1717 1992 1775 2016; x_wconf 80' lang='lat' dir='ltr'>SA-</span> 
     </span>
     <span class='ocr_line' id='line_1_95' title="bbox 990 2027 1774 2065; baseline -0.003 0"><span class='ocrx_word' id='word_1_523' title='bbox 990 2040 1188 2065; x_wconf 75' lang='lat' dir='ltr'>LL&#39;TATIONE</span> <span class='ocrx_word' id='word_1_524' title='bbox 1213 2040 1431 2064; x_wconf 63' lang='lat' dir='ltr'>sALL&#39;TANnA.</span> <span class='ocrx_word' id='word_1_525' title='bbox 1453 2048 1499 2053; x_wconf 98' lang='lat'><strong>—</strong></span> <span class='ocrx_word' id='word_1_526' title='bbox 1520 2028 1548 2064; x_wconf 92' lang='grc' dir='ltr'>Ο</span> <span class='ocrx_word' id='word_1_527' title='bbox 1575 2027 1607 2063; x_wconf 92' lang='lat' dir='ltr'>si</span> <span class='ocrx_word' id='word_1_528' title='bbox 1628 2027 1774 2064; x_wconf 89' lang='lat' dir='ltr'>valeres</span> 
     </span>
     <span class='ocr_line' id='line_1_96' title="bbox 989 2074 1773 2122; baseline -0.003 -10"><span class='ocrx_word' id='word_1_529' title='bbox 989 2076 1118 2122; x_wconf 90' lang='lat' dir='ltr'>utique</span> <span class='ocrx_word' id='word_1_530' title='bbox 1157 2075 1298 2112; x_wconf 88' lang='lat' dir='ltr'>sentire</span> <span class='ocrx_word' id='word_1_531' title='bbox 1314 2103 1323 2120; x_wconf 89' lang='lat'>,</span> <span class='ocrx_word' id='word_1_532' title='bbox 1363 2074 1474 2121; x_wconf 83' lang='lat' dir='ltr'>quale</span> <span class='ocrx_word' id='word_1_533' title='bbox 1513 2077 1773 2121; x_wconf 88' lang='lat' dir='ltr'>quantumque</span> 
     </span>
     <span class='ocr_line' id='line_1_97' title="bbox 990 2121 1776 2159; baseline -0.004 0"><span class='ocrx_word' id='word_1_534' title='bbox 990 2123 1102 2159; x_wconf 84' lang='lat' dir='ltr'>fuerit</span> <span class='ocrx_word' id='word_1_535' title='bbox 1125 2123 1217 2159; x_wconf 90' lang='lat' dir='ltr'>illud</span> <span class='ocrx_word' id='word_1_536' title='bbox 1246 2133 1266 2158; x_wconf 91' lang='lat' dir='ltr'>e</span> <span class='ocrx_word' id='word_1_537' title='bbox 1298 2122 1390 2158; x_wconf 87' lang='lat' dir='ltr'>coelo</span> <span class='ocrx_word' id='word_1_538' title='bbox 1416 2121 1627 2157; x_wconf 88' lang='lat' dir='ltr'>immissum</span> <span class='ocrx_word' id='word_1_539' title='bbox 1647 2121 1776 2157; x_wconf 87' lang='lat' dir='ltr'>incen-</span> 
     </span>
     <span class='ocr_line' id='line_1_98' title="bbox 991 2167 1771 2214; baseline -0.004 -8"><span class='ocrx_word' id='word_1_540' title='bbox 991 2169 1109 2213; x_wconf 89' lang='lat' dir='ltr'>dium,</span> <span class='ocrx_word' id='word_1_541' title='bbox 1131 2169 1310 2205; x_wconf 86' lang='lat' dir='ltr'>collatum</span> <span class='ocrx_word' id='word_1_542' title='bbox 1332 2168 1584 2214; x_wconf 78' lang='lat' dir='ltr'>refrigerium,</span> <span class='ocrx_word' id='word_1_543' title='bbox 1606 2167 1771 2203; x_wconf 86' lang='lat' dir='ltr'>infusum</span> 
     </span>
     <span class='ocr_line' id='line_1_99' title="bbox 992 2213 1774 2263; baseline -0.004 -10"><span class='ocrx_word' id='word_1_544' title='bbox 992 2217 1187 2253; x_wconf 87' lang='lat' dir='ltr'>solatium!</span> <span class='ocrx_word' id='word_1_545' title='bbox 1212 2219 1353 2263; x_wconf 87' lang='lat' dir='ltr'>quanta</span> <span class='ocrx_word' id='word_1_546' title='bbox 1373 2214 1587 2251; x_wconf 90' lang='lat' dir='ltr'>sublimatio</span> <span class='ocrx_word' id='word_1_547' title='bbox 1607 2213 1774 2260; x_wconf 89' lang='lat' dir='ltr'>Virginis</span> 
     </span>
     <span class='ocr_line' id='line_1_100' title="bbox 992 2261 1771 2309; baseline -0.005 -9"><span class='ocrx_word' id='word_1_548' title='bbox 992 2264 1124 2300; x_wconf 88' lang='lat' dir='ltr'>matris</span> <span class='ocrx_word' id='word_1_549' title='bbox 1141 2291 1150 2308; x_wconf 95' lang='lat'>,</span> <span class='ocrx_word' id='word_1_550' title='bbox 1191 2266 1330 2309; x_wconf 89' lang='lat' dir='ltr'>quanta</span> <span class='ocrx_word' id='word_1_551' title='bbox 1365 2261 1577 2298; x_wconf 87' lang='lat' dir='ltr'>nobilitatio</span> <span class='ocrx_word' id='word_1_552' title='bbox 1616 2261 1771 2297; x_wconf 88' lang='lat' dir='ltr'>humani</span> 
     </span>
     <span class='ocr_line' id='line_1_101' title="bbox 992 2307 1773 2357; baseline -0.005 -10"><span class='ocrx_word' id='word_1_553' title='bbox 992 2310 1157 2357; x_wconf 85' lang='lat' dir='ltr'>generis,</span> <span class='ocrx_word' id='word_1_554' title='bbox 1179 2313 1320 2356; x_wconf 86' lang='lat' dir='ltr'>quanta</span> <span class='ocrx_word' id='word_1_555' title='bbox 1344 2307 1613 2345; x_wconf 85' lang='lat' dir='ltr'>condescensio</span> <span class='ocrx_word' id='word_1_556' title='bbox 1635 2309 1773 2355; x_wconf 83' lang='lat' dir='ltr'>majes-</span> 
     </span>
     <span class='ocr_line' id='line_1_102' title="bbox 992 2355 1772 2403; baseline -0.004 -9"><span class='ocrx_word' id='word_1_557' title='bbox 992 2357 1080 2394; x_wconf 90' lang='lat' dir='ltr'>tatis</span> <span class='ocrx_word' id='word_1_558' title='bbox 1099 2359 1106 2393; x_wconf 87' lang='lat' dir='ltr'>l</span> <span class='ocrx_word' id='word_1_559' title='bbox 1129 2357 1165 2394; x_wconf 89' lang='lat' dir='ltr'>Si</span> <span class='ocrx_word' id='word_1_560' title='bbox 1187 2356 1372 2403; x_wconf 85' lang='lat' dir='ltr'>virginem</span> <span class='ocrx_word' id='word_1_561' title='bbox 1390 2359 1590 2392; x_wconf 87' lang='lat' dir='ltr'>canentem</span> <span class='ocrx_word' id='word_1_562' title='bbox 1609 2365 1694 2391; x_wconf 88' lang='lat' dir='ltr'>cum</span> <span class='ocrx_word' id='word_1_563' title='bbox 1710 2355 1772 2401; x_wconf 75' lang='lat' dir='ltr'>Ju-</span> 
     </span>
     <span class='ocr_line' id='line_1_103' title="bbox 991 2401 1774 2451; baseline -0.005 -10"><span class='ocrx_word' id='word_1_564' title='bbox 991 2404 1067 2441; x_wconf 88' lang='lat' dir='ltr'>bilo</span> <span class='ocrx_word' id='word_1_565' title='bbox 1106 2415 1238 2451; x_wconf 91' lang='lat' dir='ltr'>posses</span> <span class='ocrx_word' id='word_1_566' title='bbox 1279 2403 1410 2440; x_wconf 87' lang='lat' dir='ltr'>audire</span> <span class='ocrx_word' id='word_1_567' title='bbox 1430 2431 1439 2448; x_wconf 95' lang='lat'>,</span> <span class='ocrx_word' id='word_1_568' title='bbox 1478 2402 1623 2438; x_wconf 83' lang='lat' dir='ltr'>aestimo</span> <span class='ocrx_word' id='word_1_569' title='bbox 1673 2401 1774 2448; x_wconf 92' lang='lat' dir='ltr'>quod</span> 
     </span>
     <span class='ocr_line' id='line_1_104' title="bbox 993 2447 1773 2498; baseline -0.004 -11"><span class='ocrx_word' id='word_1_570' title='bbox 993 2462 1077 2488; x_wconf 91' lang='lat' dir='ltr'>cum</span> <span class='ocrx_word' id='word_1_571' title='bbox 1100 2451 1166 2487; x_wconf 90' lang='lat' dir='ltr'>illa</span> <span class='ocrx_word' id='word_1_572' title='bbox 1190 2450 1334 2498; x_wconf 90' lang='lat' dir='ltr'>pariter</span> <span class='ocrx_word' id='word_1_573' title='bbox 1361 2460 1429 2496; x_wconf 93' lang='lat' dir='ltr'>pro</span> <span class='ocrx_word' id='word_1_574' title='bbox 1454 2452 1559 2486; x_wconf 87' lang='lat' dir='ltr'>tanto</span> <span class='ocrx_word' id='word_1_575' title='bbox 1589 2447 1773 2486; x_wconf 81' lang='lat' dir='ltr'>beneficio</span> 
     </span>
     <span class='ocr_line' id='line_1_105' title="bbox 992 2497 1777 2545; baseline -0.006 -10"><span class='ocrx_word' id='word_1_576' title='bbox 992 2498 1180 2545; x_wconf 88' lang='lat' dir='ltr'>inciperes</span> <span class='ocrx_word' id='word_1_577' title='bbox 1214 2497 1392 2544; x_wconf 78' lang='lat' dir='ltr'>Jubilare,</span> <span class='ocrx_word' id='word_1_578' title='bbox 1417 2500 1455 2533; x_wconf 88' lang='lat' dir='ltr'>et</span> <span class='ocrx_word' id='word_1_579' title='bbox 1491 2507 1568 2532; x_wconf 89' lang='lat' dir='ltr'>non</span> <span class='ocrx_word' id='word_1_580' title='bbox 1607 2505 1777 2532; x_wconf 88' lang='lat' dir='ltr'>cessares</span> 
     </span>
     <span class='ocr_line' id='line_1_106' title="bbox 993 2541 1777 2591; baseline -0.005 -10"><span class='ocrx_word' id='word_1_581' title='bbox 993 2547 1070 2581; x_wconf 91' lang='lat' dir='ltr'>Deo</span> <span class='ocrx_word' id='word_1_582' title='bbox 1098 2545 1241 2591; x_wconf 87' lang='lat' dir='ltr'>gratias</span> <span class='ocrx_word' id='word_1_583' title='bbox 1269 2545 1486 2580; x_wconf 85' lang='lat' dir='ltr'>decantare.</span> <span class='ocrx_word' id='word_1_584' title='bbox 1518 2544 1562 2579; x_wconf 86' lang='lat' dir='ltr'>Ut</span> <span class='ocrx_word' id='word_1_585' title='bbox 1588 2552 1679 2588; x_wconf 87' lang='lat' dir='ltr'>ergo</span> <span class='ocrx_word' id='word_1_586' title='bbox 1705 2541 1777 2588; x_wconf 89' lang='lat' dir='ltr'>ipsi</span> 
     </span>
     <span class='ocr_line' id='line_1_107' title="bbox 992 2590 1776 2639; baseline -0.006 -11"><span class='ocrx_word' id='word_1_587' title='bbox 992 2592 1139 2639; x_wconf 88' lang='lat' dir='ltr'>Virgini</span> <span class='ocrx_word' id='word_1_588' title='bbox 1159 2595 1307 2628; x_wconf 85' lang='lat' dir='ltr'>tantum</span> <span class='ocrx_word' id='word_1_589' title='bbox 1324 2590 1506 2637; x_wconf 89' lang='lat' dir='ltr'>gaudium</span> <span class='ocrx_word' id='word_1_590' title='bbox 1525 2599 1721 2633; x_wconf 90' lang='lat' dir='ltr'>renovare,</span> <span class='ocrx_word' id='word_1_591' title='bbox 1739 2592 1776 2624; x_wconf 90' lang='lat' dir='ltr'>et</span> 
     </span>
     <span class='ocr_line' id='line_1_108' title="bbox 994 2635 1775 2679; baseline -0.005 -4"><span class='ocrx_word' id='word_1_592' title='bbox 994 2639 1042 2675; x_wconf 89' lang='lat' dir='ltr'>ad</span> <span class='ocrx_word' id='word_1_593' title='bbox 1071 2642 1238 2676; x_wconf 88' lang='lat' dir='ltr'>mentem</span> <span class='ocrx_word' id='word_1_594' title='bbox 1267 2648 1445 2674; x_wconf 86' lang='lat' dir='ltr'>revocare</span> <span class='ocrx_word' id='word_1_595' title='bbox 1481 2636 1620 2679; x_wconf 84' lang='lat' dir='ltr'>valeas,</span> <span class='ocrx_word' id='word_1_596' title='bbox 1641 2635 1775 2672; x_wconf 90' lang='lat' dir='ltr'>crebro</span> 
     </span>
     <span class='ocr_line' id='line_1_109' title="bbox 996 2682 1775 2729; baseline -0.008 -6"><span class='ocrx_word' id='word_1_597' title='bbox 996 2696 1080 2722; x_wconf 89' lang='lat' dir='ltr'>eam</span> <span class='ocrx_word' id='word_1_598' title='bbox 1103 2696 1188 2722; x_wconf 91' lang='lat' dir='ltr'>cum</span> <span class='ocrx_word' id='word_1_599' title='bbox 1212 2685 1311 2722; x_wconf 86' lang='lat' dir='ltr'>dulci</span> <span class='ocrx_word' id='word_1_600' title='bbox 1332 2695 1444 2720; x_wconf 91' lang='lat' dir='ltr'>versu</span> <span class='ocrx_word' id='word_1_601' title='bbox 1472 2682 1650 2729; x_wconf 89' lang='lat' dir='ltr'>Angelico</span> <span class='ocrx_word' id='word_1_602' title='bbox 1671 2682 1775 2718; x_wconf 86' lang='lat' dir='ltr'>salu-</span> 
     </span>
     <span class='ocr_line' id='line_1_110' title="bbox 993 2728 1773 2777; baseline -0.005 -9"><span class='ocrx_word' id='word_1_603' title='bbox 993 2737 1089 2777; x_wconf 86' lang='lat' dir='ltr'>tare,</span> <span class='ocrx_word' id='word_1_604' title='bbox 1127 2736 1165 2770; x_wconf 90' lang='lat' dir='ltr'>et</span> <span class='ocrx_word' id='word_1_605' title='bbox 1193 2733 1337 2769; x_wconf 86' lang='lat' dir='ltr'>devotae</span> <span class='ocrx_word' id='word_1_606' title='bbox 1365 2729 1599 2767; x_wconf 84' lang='lat' dir='ltr'>salutationis</span> <span class='ocrx_word' id='word_1_607' title='bbox 1631 2728 1773 2772; x_wconf 90' lang='lat' dir='ltr'>oscula,</span> 
     </span>
     <span class='ocr_line' id='line_1_111' title="bbox 997 2776 1773 2826; baseline -0.005 -11"><span class='ocrx_word' id='word_1_608' title='bbox 997 2779 1128 2815; x_wconf 82' lang='lat' dir='ltr'>saltem</span> <span class='ocrx_word' id='word_1_609' title='bbox 1149 2779 1308 2826; x_wconf 90' lang='lat' dir='ltr'>pedibus</span> <span class='ocrx_word' id='word_1_610' title='bbox 1330 2779 1412 2823; x_wconf 78' lang='lat' dir='ltr'>eius</span> <span class='ocrx_word' id='word_1_611' title='bbox 1432 2776 1590 2823; x_wconf 87' lang='lat' dir='ltr'>infigere</span> <span class='ocrx_word' id='word_1_612' title='bbox 1610 2787 1684 2812; x_wconf 88' lang='lat' dir='ltr'>non</span> <span class='ocrx_word' id='word_1_613' title='bbox 1709 2785 1773 2812; x_wconf 87' lang='lat' dir='ltr'>ne-</span> 
     </span>
    </p>
   </div>
  </div>
 </body>
</html>
