1902 3126
118 142 178 178 152
608 139 753 173 PRIMAE
787 139 942 176 PARTIS
980 141 1117 175 CAPUT
1154 140 1253 174 XVII

124 222 190 250 seu
213 209 464 252 meritorium,
486 212 527 244 ut
544 209 773 255 hypocritae3
798 221 899 256 quae-

123 261 211 296 dam
228 257 368 293 faciunt
380 257 554 301 fructum,
571 267 645 292 non
661 260 806 293 tanturn
820 259 900 294 inu-

124 306 244 348 tilem,
268 304 332 340 sed
360 303 513 346 malum,
543 307 578 339 et
597 314 839 350 venenosum,
860 308 901 341 ut

122 351 305 394 haeretici,
327 351 388 397 qui
405 350 644 396 praedicando
660 351 819 387 fructum
837 362 902 398 pa-

125 401 243 443 riunt,
264 399 329 434 sed
349 397 584 434 mortiterum
606 411 616 433 .·
635 401 670 434 et
691 398 748 434 hae
769 409 900 434 omnes

125 446 301 483 incendio
334 450 430 491 aptae
459 448 544 480 sunt
581 448 617 480 et
648 445 900 490 damnabiles3

127 493 301 539 quaedam
316 503 405 528 vero
423 492 562 527 bonurn
577 492 735 528 fructum
747 491 900 536 faciunt,

127 544 169 577 ut
195 539 285 576 boni
322 538 515 577 Catholici.
546 539 763 575 obedientes
789 539 903 574 verbo

128 587 209 624 Dei.
238 586 399 622 Radices
424 585 574 621 arboris
600 591 687 621 sunt
710 585 904 631 cogitatio-

127 645 196 670 nes
218 633 353 678 quibus
367 632 542 678 plantati,
564 634 621 668 vel
643 643 790 668 sursum
811 632 905 667 coelo

131 679 395 722 sustolluntur,
418 680 472 714 vel
499 680 545 714 ad
567 679 643 715 ima
663 679 799 715 inferni
821 679 906 714 mit-

130 730 284 770 tuntur3
301 726 357 762 vel
374 726 518 761 radices
532 729 615 761 sunt
627 726 798 761 voluntas
811 727 908 761 bona

131 776 169 811 et
188 773 300 817 mala,
327 784 366 808 ex
387 783 460 818 qua
480 772 574 808 sicut
596 783 638 808 ex
656 772 781 808 radice
802 772 910 818 prod-

133 824 224 858 eunt
243 824 434 865 tamquam
456 820 610 863 fructus,
632 820 731 855 bona
754 822 791 854 et
811 819 911 854 mala

133 868 251 904 verba
277 871 312 903 et
337 877 451 912 opera
484 877 566 911 qua}
598 866 799 901 voluntatis
826 869 912 900 sunt

133 914 362 951 testimonia.
400 913 528 958 Igitur,
550 915 591 948 ut
627 912 716 948 dicit
755 913 910 948 Ambro-

133 964 212 998 sius
253 974 305 995 z«
334 960 458 995 Faciat
492 960 653 995 fructum
690 958 752 1004 qui
790 960 914 1005 potest

137 1007 283 1053 gratim,
307 1007 366 1052 qui
390 1007 500 1041 dehet
526 1007 782 1052 poenitentiae3
805 1006 914 1042 adest

134 1054 316 1091 Dominus
332 1053 391 1098 qui
407 1053 568 1088 fructum
581 1053 762 1098 requirat,
776 1053 915 1088 foecun-

136 1101 204 1137 dos
235 1100 411 1142 vivificet,
432 1099 577 1135 steriles
605 1100 872 1146 reprehendat.
893 1112 911 1133 »

187 1150 226 1183 15
268 1148 513 1182 ELEEMosYNAE
556 1159 737 1182 FACIENDAE
777 1158 912 1182 PRAECE-

137 1206 300 1231 prun.—
316 1195 442 1229 Turbae
467 1204 555 1229 vero
582 1194 914 1230 comminationem

138 1242 323 1289 gehennae
340 1251 407 1286 pro
424 1241 601 1286 operibus
616 1241 736 1284 malis,
755 1244 791 1276 et
805 1240 916 1276 omis-

138 1289 245 1325 sione
256 1288 441 1324 bonorum
459 1287 656 1324 audientes
671 1287 789 1323 territi
807 1290 916 1322 inter-

138 1336 319 1380 roqabant
345 1346 441 1375 eum,
465 1335 605 1371 scillcet
629 1337 832 1378 Joannem,
857 1335 913 1370 di-

140 1385 255 1418 centes
278 1395 288 1417 :
310 1383 406 1425 Quz'd
429 1393 524 1425 erqo,
550 1392 596 1417 ne
623 1382 851 1425 excidamur,
879 1384 916 1417 et

139 1428 180 1465 in
200 1429 324 1474 ignem
348 1428 554 1469 mittamur,
575 1431 750 1472 faciemus
769 1432 806 1464 et
826 1439 914 1474 ope-

140 1476 335 1512 rabimur?
361 1475 471 1518 Quasi
497 1475 678 1519 dicerent,
703 1475 816 1511 vitam
849 1486 914 1510 no-

142 1526 259 1559 stram
270 1523 458 1567 corrigere
473 1522 591 1568 parati
602 1533 744 1558 sumus.
757 1525 915 1568 Respon-

141 1570 228 1605 dens
255 1574 373 1604 autem
398 1570 540 1604 dicebat
562 1571 639 1604 illis
669 1570 789 1604 turbis
814 1580 822 1604 ε
848 1569 918 1611 Qui

142 1617 349 1652 habetduas
360 1615 563 1655 tunicas,id
574 1615 917 1660 est,vestimentum

143 1664 396 1709 superfluum,
423 1663 481 1697 det
508 1663 606 1708 quod
633 1662 919 1708 superabundat

142 1721 214 1746 non
243 1710 414 1751 habemu-
438 1713 470 1744 et
500 1712 564 1754 qui
590 1710 696 1744 habet
727 1720 824 1745 escas
855 1720 917 1744 su-

143 1757 309 1839 perfluas
329 1758 500 1791 similiter
517 1758 658 1799 facim,-
681 1759 717 1792 et
737 1756 789 1792 ita
809 1755 918 1791 intel-

160 1803 338 1850 igendum
361 1809 415 1838 est
443 1804 488 1838 de
514 1803 596 1838 aliis
623 1803 735 1839 rebus
761 1803 918 1848 quibus-

144 1861 306 1895 cumque
321 1861 404 1895 quse
420 1851 671 1895 superfluunt,
682 1850 921 1885 considerata

144 1897 381 1933 convenienti
418 1897 641 1932 necessitate
680 1900 798 1932 status
835 1907 919 1942 per-

145 1954 261 1980 sonae.
285 1944 388 1979 Unde
410 1945 571 1979 Basilius
598 1957 608 1978 .·
633 1958 650 1975 «
679 1943 771 1979 Hinc
793 1947 920 1980 autem

145 1991 344 2033 docemur,
385 1990 474 2036 quia
515 2001 557 2026 ex
594 1990 695 2026 omni
734 2001 778 2026 eo
820 1990 920 2035 quod

145 2037 268 2074 affluit
283 2048 397 2083 supra
418 2037 558 2083 proprii
579 2037 699 2073 victus
717 2036 920 2073 necessita-

145 2087 236 2130 tem,
257 2087 433 2119 tenemur
464 2095 620 2130 erogare
659 2084 711 2119 illi
746 2084 810 2130 qui
845 2094 921 2119 non

145 2131 274 2172 habet,
285 2135 438 2176 propter
451 2132 581 2173 Deum,
594 2131 656 2176 qui
671 2141 922 2177 quaecumque

144 2177 382 2224 possidemus
420 2178 576 2223 largitus
611 2181 679 2213 est.
710 2191 726 2212 »
755 2178 858 2213 Unde
885 2180 922 2213 et

147 2225 341 2268 Greqorzus
359 2237 368 2258 :
394 2239 411 2257 «
432 2225 524 2267 Quia
541 2224 639 2260 enim
662 2225 700 2260 in
721 2226 816 2271 Lege
834 2223 923 2260 scri—

146 2274 253 2317 ptum
290 2274 346 2306 est
374 2282 381 2305 :
407 2273 544 2314 Dclzyes
578 2273 787 2316 proximum
819 2275 921 2306 tuum

145 2319 417 2370 sicut-teipsum,
430 2318 554 2353 minus
568 2318 777 2363 proximum
793 2329 920 2355 amare

146 2364 465 2409 convincitur,qui
483 2376 557 2399 non
573 2375 658 2400 cum
673 2376 716 2400 eo
735 2365 774 2400 in
795 2376 922 2401 neces-

147 2411 258 2447 sitate
283 2411 384 2446 illius
411 2415 521 2446 etiam
548 2422 592 2447 ea
625 2422 708 2456 quae
739 2412 807 2448 sibi
836 2415 921 2447 sunt

147 2458 359 2494 necessaria
384 2458 556 2504 partitur.
578 2472 596 2490 »
621 2459 688 2494 Ubi
712 2458 918 2504 sciendum,

146 2505 248 2551 quod
274 2506 368 2541 duas
395 2505 542 2540 tunicas
567 2506 720 2548 habere,
744 2509 799 2540 est
821 2506 920 2541 ultra

145 2552 409 2588 necessitatem
433 2551 575 2598 aliquid
602 2553 831 2597 superfluum
857 2553 921 2588 ha-

146 2599 256 2643 bere3
270 2610 345 2634 non
361 2600 503 2635 babens
516 2601 656 2639 autem,
671 2602 793 2644 potest
809 2599 919 2634 intel-

147 2644 212 2692 ligi
238 2645 401 2682 existens
428 2646 465 2681 in
492 2645 713 2682 necessitate
741 2648 919 2690 extrema,

146 2692 206 2728 vel
237 2692 331 2728 citra
367 2693 651 2737 necessitatem,
690 2702 774 2738 quae
812 2692 921 2727 aliter

146 2740 290 2785 absque
322 2740 489 2786 periculo
520 2743 644 2786 potest
676 2738 920 2785 probabiliter

972 211 1145 247 transire.
1160 213 1262 247 Tune
1278 209 1477 246 dicendum
1488 208 1589 255 quod
1603 208 1750 245 habens

974 258 1026 295 sic
1038 259 1243 305 superflua,
1254 257 1355 303 quod
1366 257 1464 293 ultra
1484 255 1745 292 necessitatem

974 305 1030 341 sui
1050 309 1086 341 et
1105 315 1272 348 suorum,
1288 315 1445 350 quorum
1466 314 1555 339 cura
1575 305 1610 338 et
1628 312 1745 338 nexus

974 353 1095 398 major
1120 363 1161 388 ex
1188 352 1368 387 charitate
1391 350 1459 387 sibi
1483 348 1678 393 incumbit,
1699 359 1746 385 ea

974 400 1101 443 habet,
1124 402 1160 434 et
1177 399 1319 444 absque
1337 398 1410 433 illis
1427 400 1550 444 potest
1569 395 1745 440 transire,

975 456 1017 481 ex
1053 449 1239 491 praecepto
1277 448 1426 480 tenetur
1466 455 1539 480 non
1577 441 1746 488 habenti,

977 492 1147 527 existenti
1168 492 1205 528 in
1225 495 1390 528 extrema
1403 490 1625 527 necessitate
1635 489 1745 533 dare3

976 538 1085 574 aliter
1102 538 1171 574 sibi
1194 549 1301 574 suum
1320 538 1452 582 aufert,
1467 541 1504 574 et
1521 538 1649 581 vitam,
1662 545 1749 572 cum

976 585 1015 621 in
1050 585 1115 621 tali
1142 585 1364 620 necessitate
1390 584 1442 619 sic
1471 585 1664 629 superflua
1694 581 1749 618 illi

978 632 1052 667 sint
1065 635 1257 677 tamquam
1272 631 1397 666 debita
1409 641 1490 672 sua,
1503 633 1687 675 quantum
1700 628 1750 665 ad

978 678 1095 724 ipsius
1118 678 1380 714 necessitatem
1400 677 1574 723 pertinet.
1597 676 1635 713 Si
1658 686 1749 712 vero

979 736 1055 761 non
1072 726 1216 762 habens
1230 725 1277 760 sit
1293 724 1386 760 citra
1403 727 1606 760 extremam
1625 732 1754 759 neces-

981 772 1143 816 sitatem,
1181 776 1269 807 tunc
1307 772 1396 807 dare
1436 782 1510 806 non
1547 769 1646 806 cadit
1683 769 1754 805 sub

980 824 1166 865 praecepto
1183 819 1247 854 sed
1262 819 1329 855 sub
1352 817 1518 854 consilio.
1538 816 1603 853 Hic
1618 816 1754 863 proba-

982 871 1044 903 tur
1064 868 1191 907 homo,
1215 869 1251 901 et
1277 868 1433 911 apparet
1458 864 1497 899 in
1521 874 1635 910 parvo
1665 862 1757 908 quid

982 915 1148 950 facturus
1174 916 1273 949 esset
1294 912 1333 948 in
1359 922 1510 957 magno.
1531 910 1634 946 Unde
1652 909 1755 945 idem

984 961 1177 1004 Greqorius
1197 973 1207 995 ε
1232 974 1249 992 α
1270 959 1337 1003 Qui
1358 957 1642 1004 tranquillitatis
1664 959 1758 992 tem·

983 1018 1074 1054 pore
1088 1018 1165 1043 non
1186 1007 1249 1042 dat
1266 1017 1333 1052 pro
1352 1007 1427 1041 Deo
1448 1004 1614 1041 tunicam
1631 1013 1754 1047 suam,

985 1054 1173 1100 quomodo
1186 1053 1223 1089 in
1235 1052 1497 1099 persecutione
1511 1052 1667 1087 daturus
1685 1048 1764 1102 erit.

984 1101 1148 1137 animam
1162 1102 1292 1136 suam?
1307 1100 1433 1136 Virtus
1444 1110 1532 1144 ergo
1547 1098 1754 1141 charitatls,

984 1152 1026 1184 ut
1046 1148 1185 1184 invicta
1205 1147 1251 1183 sit
1271 1147 1309 1182 in
1329 1145 1625 1193 perturbatione,
1640 1142 1763 1180 nutri--

985 1198 1069 1231 atur
1088 1205 1155 1241 per
1174 1193 1469 1230 misericordiam
1487 1193 1525 1228 in
1544 1189 1756 1236 tranquilli-

984 1245 1085 1285 tate3
1114 1244 1299 1287 quatenus
1326 1238 1573 1285 omnipotenti
1598 1236 1759 1274 Domino

984 1289 1148 1335 primum
1175 1288 1292 1323 discat
1312 1298 1379 1323 sua
1402 1286 1632 1332 impendere,
1652 1286 1758 1330 post-

985 1336 1139 1372 modum
1166 1346 1218 1371 se.
1241 1349 1260 1367 »
1289 1335 1392 1370 Unde
1424 1337 1461 1369 et
1491 1333 1721 1377 Auqustinus
1745 1343 1760 1365 .-

988 1397 1006 1416 ‹<
1034 1382 1217 1426 Charitas,
1244 1385 1284 1417 ut
1309 1380 1542 1427 perficiatur,
1572 1377 1755 1421 nascitur3

987 1440 1069 1465 cum
1096 1429 1209 1464 suerit
1232 1431 1333 1472 nata,
1361 1427 1545 1470 nutritur;
1571 1435 1657 1462 cum
1682 1424 1760 1461 fue-

985 1477 1034 1512 rit
1071 1475 1224 1519 nutrita,
1263 1476 1463 1511 roboratur
1476 1486 1487 1519 3
1526 1483 1612 1509 cum
1646 1470 1761 1507 fuerit

986 1524 1176 1567 roborata,
1208 1522 1419 1568 perficitur;
1447 1531 1530 1556 cum
1557 1520 1605 1556 ad
1635 1518 1760 1565 perfe-

988 1569 1150 1606 ctionem
1181 1569 1337 1613 venerit,
1365 1568 1454 1614 quid
1480 1566 1641 1603 dicitur?
1666 1566 1767 1601 Mihi

987 1619 1106 1652 vivere
1132 1617 1295 1653 Christus
1321 1619 1385 1656 est,
1412 1618 1445 1650 et
1478 1615 1570 1649 mori
1606 1614 1758 1653 lucrum,

989 1664 1211 1699 desiderium
1229 1663 1362 1697 habens
1376 1663 1529 1697 dissolvi
1545 1663 1578 1695 et
1595 1670 1668 1695 esse
1682 1669 1764 1694 cum

991 1712 1143 1747 Christo.
1169 1709 1301 1755 Incipit
1323 1709 1395 1744 ista
1413 1707 1589 1751 charitas,
1611 1707 1762 1749 fratres,

989 1760 1030 1792 ut
1056 1757 1101 1793 de
1130 1756 1206 1792 suis
1236 1755 1434 1802 superfluis
1460 1754 1599 1790 tribuat
1622 1751 1762 1799 egenti,

989 1804 1027 1839 in
1040 1803 1222 1849 angustiis
1232 1802 1418 1848 aliquibus
1430 1801 1632 1838 constituto
1644 1811 1652 1844 3
1666 1800 1767 1835 hanc

990 1850 1042 1886 ita
1061 1853 1235 1896 coeptam,
1261 1850 1291 1885 si
1313 1850 1425 1884 verbo
1443 1848 1506 1884 Dei
1526 1852 1561 1883 et
1582 1843 1646 1893 spe
1666 1846 1765 1882 futu-

990 1908 1041 1932 rae
1059 1897 1143 1932 vitre
1171 1896 1360 1940 nutrieris,
1383 1894 1579 1941 pervenies
1599 1893 1647 1930 ad
1663 1893 1769 1929 illam

991 1943 1272 1990 perfectionem,
1292 1946 1330 1978 ut
1352 1946 1505 1988 paratus
1527 1941 1577 1976 sis
1603 1940 1769 1976 animam

992 1994 1093 2026 tuam
1109 2001 1250 2036 ponere
1265 2001 1332 2036 pro
1347 1989 1528 2025 fratribus
1540 1987 1613 2024 tuis
1628 1999 1636 2023 :
1649 2000 1667 2020 >›
1687 1987 1774 2022 haee

991 2038 1235 2082 Auyustinus.
1262 2038 1343 2072 Non
1370 2047 1459 2081 ergo
1484 2035 1608 2081 pigeat
1634 2032 1773 2070 divites

993 2084 1192 2120 subvenire
1211 2083 1457 2129 pauperibus;
1482 2082 1569 2127 quia
1591 2088 1656 2127 pro
1677 2079 1769 2116 divi-

992 2135 1071 2166 tum
1095 2131 1255 2166 utilitate
1278 2140 1463 2176 pauperes
1487 2131 1584 2164 Deus
1605 2127 1704 2170 fecit,
1726 2129 1768 2162 ut

991 2189 1058 2224 per
1077 2178 1148 2213 hoc
1166 2177 1265 2223 quod
1285 2187 1414 2213 eorum
1437 2175 1676 2218 miserentur,
1693 2171 1765 2218 ipsi

992 2224 1289 2261 misericordiam
1306 2225 1639 2268 consequerentur.
1658 2219 1768 2257 Unde

993 2273 1266 2318 chrysostomus
1285 2284 1295 2306 ε
1322 2284 1339 2303 «
1361 2271 1412 2305 Ne
1434 2272 1556 2316 putes,
1579 2268 1665 2314 quia
1680 2277 1767 2313 pro·

991 2322 1074 2365 pter
1088 2318 1286 2354 utilitatem
1301 2327 1506 2363 pauperum
1522 2317 1616 2351 Deus
1631 2313 1768 2351 divites

991 2365 1203 2411 fecit,quos
1234 2368 1270 2401 et
1303 2364 1382 2400 sine
1411 2363 1586 2399 divitibus
1617 2363 1767 2407 poterat

992 2416 1203 2448 sustentare
1222 2423 1230 2456 ;
1269 2411 1335 2447 sed
1372 2412 1526 2457 propter
1566 2408 1768 2444 utilitatem·

992 2459 1149 2495 divitum
1180 2469 1361 2505 pauperes
1390 2458 1490 2501 fecit,
1524 2455 1611 2502 quia
1644 2454 1770 2506 ἰιειΐῐᾞῑΔ

992 2506 1109 2542 ctuosi
1147 2509 1183 2542 et
1217 2505 1363 2541 steriles
1395 2507 1503 2540 erant
1537 2500 1666 2545 futuri,
1692 2510 1765 2536 ms¹

992 2563 1176 2599 pauperes
1196 2552 1281 2588 facti
1304 2551 1460 2587 fuissent
1485 2562 1492 2585 :
1514 2563 1533 2582 »
1555 2549 1635 2584 haec
1655 2547 1766 2599 §hry-

992 2604 1179 2635 sostomus.
1207 2601 1375 2635 Joannes
1412 2598 1536 2642 itaque
1570 2594 1691 2646 turbis
1728 2595 1767 2628 et

992 2646 1147 2682 rudibus
1173 2646 1339 2682 nondum
1366 2643 1532 2680 difficilia
1549 2669 1558 2686 ,
1586 2640 1728 2676 scillcet
1755 2650 1769 2674 :·

993 2693 1152 2738 vigilias,
1170 2691 1327 2738 jejunia,
1347 2695 1383 2727 et
1404 2687 1618 2736 hujusmodi
1641 2686 1766 2732 impo-

992 2739 1065 2784 nit;
1084 2740 1148 2776 sed
1166 2750 1281 2786 opera
1291 2735 1559 2774 misericordiae
1570 2734 1619 2771 ad
1632 2733 1772 2780 dignos
