1943 3141
184 181 223 215 06

183 244 452 284 abundantiam
490 242 752 280 tentationum.
792 244 848 280 Ad
888 243 959 280 ista

183 293 369 340 praecipue
393 301 461 326 nos
491 300 680 336 paremus,
714 301 761 327 ne
786 291 959 337 imparati

185 339 414 376 deficiamus.
435 337 506 373 Sed
526 337 726 383 aliquando
746 343 961 384 peccatores

184 388 221 422 iu
236 388 305 422 hac
325 386 413 429 vita,
426 388 490 420 aut
511 395 598 425 non.
615 388 678 420 aut
700 388 822 421 minus
836 386 961 431 flagel-

182 436 319 478 lantur,
345 433 431 478 quia
459 432 538 478 jam
568 432 766 478 desperata
796 436 852 468 est
878 443 959 467 cor-

181 480 297 517 rectio
334 488 478 515 eorum.
503 480 549 514 At
586 489 674 514 vero
714 479 788 514 illis
827 480 961 524 quibus

181 531 336 574 paratur
362 525 435 562 vita
462 525 703 571 sempiterna,
727 536 879 561 necesse
905 529 958 560 est

185 579 224 611 ut
256 575 316 610 hic
353 573 622 617 flagellentur:
668 572 760 616 Quia
797 573 961 617 slzzqellat

182 632 319 658 omnem
344 622 460 666 filium
495 631 598 665 quem
632 622 775 665 recipit,
814 619 849 654 id
889 623 959 661 est,

183 679 294 714 quem
315 671 534 713 recepturus
553 670 609 702 est
633 668 671 702 in
701 666 961 702 haereditatem

184 719 378 751 aeternam.
404 714 513 750 Addit
547 725 709 756 omnem,
739 715 851 749 etiam
879 712 963 749 Uni-

183 773 267 798 cum
290 762 351 808 qui
381 761 460 797 sine
482 761 582 796 omni
618 764 768 806 peccato
802 763 870 795 est.
894 759 961 802 Qui

183 820 272 854 ergo
316 809 481 854 flagellat
508 807 662 843 Unicum
689 807 768 843 sine
795 811 962 852 peccato,

185 856 372 901 relinquet
383 854 686 900 adoptatum,qui
701 857 756 889 est
778 864 861 889 cum
882 863 964 899 pec-

185 906 266 938 cato
282 903 299 937 ’ἲ
334 902 469 938 Unicus
496 901 575 937 sinc
600 904 765 947 peccato,
799 912 875 936 non
912 905 965 936 ta-

185 960 271 985 men
299 949 379 984 sine
418 948 581 994 flagello,
615 948 825 993 exemplum
855 947 964 983 nobis

186 996 381 1042 proposuit
410 995 447 1030 in
484 995 721 1041 passionibus
757 995 849 1030 suis.
884 995 964 1029 Non

189 1054 278 1089 ergo
311 1043 527 1079 conturbari
553 1043 747 1086 debemus,
775 1052 858 1077 cum
893 1041 963 1077 ali·
998 1057 1002 1083 ·,

704 173 848 207 PRIMAE
885 174 1042 209 PARTIS
1080 173 1216 207 CAPUT
1255 174 1301 206 lx

1037 243 1119 289 quis
1140 246 1290 280 sanctus
1310 243 1439 289 gravia
1458 246 1493 279 et
1507 243 1663 289 indigna
1683 254 1818 291 perpe-

1036 291 1148 334 titur3
1171 290 1276 326 obliti
1299 301 1373 326 non
1394 300 1521 326 sumus
1548 301 1630 336 quae
1660 291 1813 337 pertulit

1035 340 1164 374 Justus
1182 338 1387 383 justorum,
1411 338 1642 383 sanctusque
1667 341 1812 374 sancto-

1037 396 1134 420 rum.
1161 384 1295 420 Omnia
1315 384 1414 419 enim
1436 388 1587 420 terrena
1608 386 1707 421 bona
1727 395 1814 420 con-

1036 431 1200 477 tempsit,
1221 434 1259 466 ut
1279 441 1323 466 ea
1336 432 1612 467 contemnenda
1626 435 1814 467 monstra-

1037 481 1112 521 ret;
1133 482 1169 513 et
1189 477 1316 513 omnia
1336 480 1487 513 terrena
1507 479 1606 514 mala
1627 477 1817 522 sustinuit,

1038 535 1120 570 quae
1142 523 1360 560 sustinenda
1390 524 1630 570 praecipiebat
1653 537 1660 561 ε
1681 529 1721 561 ut
1746 535 1815 561 nec

1038 573 1074 606 iu
1099 571 1172 606 illis
1187 574 1377 616 quaeretur
1397 571 1570 616 felicitas,
1585 583 1654 607 nec
1676 573 1713 607 in
1732 571 1819 608 istis

1037 618 1235 653 timeretur
1255 617 1452 653 infelicitas
1472 630 1479 653 z
1500 632 1518 649 »
1538 620 1618 654 haec
1634 620 1814 662 Auqusci-

1037 676 1119 700 nus.
1136 664 1290 710 Expedit
1307 663 1421 709 igitur
1438 664 1547 701 nobis
1567 665 1739 701 tribulari
1757 664 1821 701 hie

1039 715 1076 747 et
1098 710 1230 757 affligi,
1253 714 1290 746 et
1311 711 1393 746 ideo
1416 722 1490 747 non
1508 712 1690 747 debemus
1704 712 1744 747 in
1760 711 1819 747 his

1039 759 1160 804 frangi
1189 758 1247 794 vel
1276 757 1518 804 impatientes
1544 769 1647 802 esse3
1671 759 1736 795 sed
1756 768 1820 805 po-

1040 805 1113 841 tius
1146 806 1226 841 haec
1256 805 1433 841 affectare
1460 808 1497 841 et
1532 805 1702 852 diligere,
1733 804 1820 852 quia

1042 863 1141 898 sche
1172 863 1193 888 a
1227 852 1326 888 malo
1362 863 1432 888 nos
1462 853 1673 896 retrahunt,
1702 856 1740 888 et
1771 852 1820 888 ad

1041 901 1180 935 bonum
1201 898 1394 935 inducunt.
1419 899 1617 935 Contraria
1637 910 1724 935 vero
1750 909 1819 945 pro

1040 946 1267 982 adversariis
1308 947 1447 982 habere
1486 946 1665 982 debemus
1699 949 1735 982 et
1763 945 1822 981 fu-

1040 1004 1128 1039 gere
1153 1021 1161 1037 ,
1203 993 1290 1038 quia
1329 994 1519 1029 contraria
1556 992 1746 1039 praedictis
1780 991 1820 1028 in

1041 1041 1150 1077 nobis
1169 1040 1351 1077 efficiunt.

921 1158 1090 1194 ORATIO

236 1252 394 1288 Domine
414 1253 504 1288 Jesu
524 1250 682 1295 Christe,
717 1250 780 1295 qui
807 1261 847 1286 es
869 1249 1169 1296 inexpugnabilis
1193 1260 1322 1285 murus
1345 1250 1512 1286 omnium
1532 1251 1569 1287 in
1595 1254 1632 1288 te
1668 1263 1825 1298 speran-

195 1300 301 1343 tium,
325 1302 404 1335 csto
425 1299 463 1334 in
490 1298 733 1334 tribulatione
757 1308 879 1333 meum
919 1297 1127 1343 ret'ugium;
1163 1296 1247 1332 vide
1287 1296 1548 1334 tribulationes
1575 1302 1611 1334 et
1630 1299 1827 1345 angustias

193 1357 316 1389 meas;
346 1350 381 1382 et
401 1345 474 1381 mei
502 1345 695 1389 miserere,
723 1348 759 1380 et
784 1355 851 1390 per
869 1355 999 1380 omnes
1024 1343 1285 1380 miserationes
1306 1346 1389 1379 tuas
1410 1344 1501 1379 mihi
1522 1356 1709 1382 succurre.
1732 1346 1826 1383 Vide

194 1393 453 1430 infirmitatem
475 1403 611 1436 meam,
634 1396 670 1427 et
689 1396 847 1438 paterna
868 1391 1108 1427 miseratione
1129 1401 1187 1426 me
1208 1394 1377 1436 protege,
1400 1393 1440 1426 ut
1460 1394 1523 1428 tua
1541 1392 1714 1429 suffultus
1733 1396 1824 1439 pro-

195 1440 375 1484 videntia,
397 1450 602 1486 numquam
623 1442 686 1475 tua
707 1439 889 1474 destituar
909 1439 1164 1474 consolatione
1188 1444 1223 1474 et
1241 1437 1513 1475 misericordia.
1534 1441 1733 1484 Memento,
1753 1442 1827 1476 Do-

197 1487 313 1532 mine,
332 1492 513 1523 creaturae
534 1490 621 1530 tuae,
645 1490 681 1521 et
700 1485 924 1521 insidiantes
950 1486 1041 1520 milii
1065 1486 1192 1521 hostes
1217 1495 1238 1521 a
1260 1495 1319 1520 me
1340 1485 1480 1530 repelle
1500 1498 1508 1530 ;
1531 1490 1571 1523 ut
1593 1490 1658 1523 tua
1677 1486 1826 1523 miseri-

201 1534 328 1570 cordia
365 1534 531 1570 munitus
557 1532 735 1569 bonitatis
770 1536 843 1568 tuae
884 1532 1120 1568 dulcedinem
1158 1532 1196 1567 in
1234 1542 1294 1568 me
1331 1542 1571 1580 cognoscam,
1599 1537 1635 1570 et
1675 1534 1825 1580 dignam

200 1581 459 1628 poeuitentiam
479 1591 546 1628 pro
573 1579 736 1626 peccatis
758 1579 851 1616 meis
871 1579 1073 1615 exsolvam.
1097 1580 1228 1615 Amen.

885 1786 1065 1832 CAPUT
1089 1786 1148 1832 IX

713 1932 761 1960 DE
787 1932 1028 1961 NATIVITATE
1051 1932 1292 1961 SALVATORIS
1300 1951 1308 1960 .

890 2053 996 2089 Lucae
1012 2062 1093 2099 cap.
1114 2053 1159 2088 11.

259 2215 270 2236 1
294 2201 449 2235 Enicrmi
467 2200 624 2236 Ges-iius
643 2201 814 2236 Acecsri.
833 2219 879 2227 —
898 2203 984 2237 Fac-

207 2251 282 2282 tum
304 2251 355 2283 est
372 2251 490 2282 autem
512 2249 551 2282 in
585 2248 710 2282 diebus
728 2249 818 2288 illis,
842 2247 983 2283 scilicet

207 2293 324 2330 Maria
341 2294 462 2330 adhuc
478 2297 710 2340 praegnante,
724 2297 817 2331 exiit
827 2295 982 2330 edictum

207 2353 229 2377 a
249 2342 385 2378 Caesare
402 2343 582 2384 Augus-to,
601 2345 641 2376 ut
659 2342 932 2383 describeretur,
947 2342 982 2377 id

208 2391 265 2424 est
290 2388 329 2423 in
365 2388 501 2434 scripto
522 2388 768 2433 redigeretur,
795 2391 983 2424 universus

206 2436 318 2476 orbis,
337 2435 479 2471 scilicet
504 2435 659 2480 quilibet
676 2435 715 2470 in
736 2435 883 2472 civitate
901 2447 981 2479 sua,

207 2483 275 2519 sub
301 2493 418 2518 censu
450 2481 622 2518 videlicet
650 2483 911 2528 persolvendo,
944 2488 985 2519 ut

206 2529 259 2566 ait
289 2529 483 2573 Greqorius
509 2542 519 2564 :
546 2543 564 2562 «
586 2529 779 2565 Nascituro
807 2530 981 2573 Domino,

208 2576 310 2613 orbis
339 2576 580 2621 describitur3
610 2576 697 2622 quia
726 2577 788 2613 ille
810 2577 984 2612 veniebat

207 2623 248 2659 in
270 2634 396 2667 carne,
424 2623 486 2669 qui
508 2623 646 2659 electos
671 2634 757 2659 suos
778 2624 982 2660 ascriberet

207 2670 247 2706 in
266 2670 486 2706 aeternitate.
500 2684 518 2702 »
533 2671 694 2715 Utinam,
707 2671 862 2707 Domine
876 2672 980 2713 Jesu,

209 2718 255 2753 de
274 2717 401 2754 electis
420 2717 494 2753 tuis
514 2727 573 2753 me
594 2717 772 2754 miserum
794 2717 921 2761 facias,
943 2722 983 2754 ut

209 2776 269 2801 me
312 2765 351 2801 iu
390 2764 597 2802 aeternjtate
641 2764 831 2802 adscribas
848 2765 855 2801 l
892 2764 983 2801 Huic

1057 2199 1150 2247 Regi
1182 2202 1325 2240 nostro,
1354 2199 1535 2236 debemus
1564 2210 1716 2236 censum
1746 2200 1835 2238 fidei

1058 2250 1095 2282 et
1121 2246 1276 2293 J'ustitiae
1305 2246 1486 2292 profiteri,
1518 2247 1645 2291 corde,
1685 2258 1763 2293 ore,
1798 2251 1835 2284 et

1059 2305 1185 2340 opere.
1215 2293 1307 2329 Huic
1342 2294 1521 2330 debemus
1552 2294 1764 2339 denarium,
1795 2294 1835 2331 id
1894 2333 1898 2337 ,

1059 2345 1128 2385 est,
1150 2340 1315 2377 animam
1338 2340 1479 2377 lumine
1501 2342 1623 2378 vultus
1648 2342 1728 2388 eJ'us
1749 2341 1837 2378 insi-

1058 2389 1217 2434 gnitam,
1239 2389 1296 2424 vel
1315 2388 1535 2434 decalogum
1563 2389 1683 2435 Legis,
1706 2388 1744 2424 in
1762 2399 1836 2435 quo

1058 2437 1202 2472 vultum
1223 2435 1334 2482 Regis
1354 2435 1488 2480 nostri,
1512 2436 1550 2472 id
1575 2439 1644 2480 est,
1666 2436 1836 2472 volunta-

1058 2486 1134 2519 tem
1173 2483 1253 2529 ejus
1276 2510 1284 2527 ,
1322 2482 1546 2519 invenimus,
1586 2483 1689 2519 Sicut
1734 2482 1834 2518 enim

1058 2529 1383 2566 nullusadenario
1395 2529 1659 2576 excipiebatur,
1676 2529 1728 2565 sic
1746 2529 1836 2565 nul-

1058 2576 1115 2612 lus
1135 2578 1181 2613 ab
1202 2577 1441 2613 observantia
1457 2577 1723 2613 mandatorum
1741 2575 1838 2612 exci-

1058 2623 1170 2669 pitur.
1206 2624 1274 2661 Ubi
1306 2624 1512 2660 notandum
1551 2623 1650 2669 quod
1690 2622 1834 2669 primus

1057 2671 1264 2716 imperator
1303 2672 1573 2714 Romanorum,
1610 2669 1679 2706 fuit
1713 2669 1834 2706 Julius

1058 2719 1197 2762 Caesar,
1221 2717 1284 2764 qui
1311 2717 1515 2754 secundum
1532 2717 1725 2759 Isidorum,
1747 2717 1832 2753 ideo

1059 2765 1184 2801 Caesar
1204 2765 1414 2812 appellatus
1433 2767 1502 2810 est,
1518 2763 1605 2811 quia
1625 2774 1722 2800 caeso
1738 2774 1834 2800 mor-
