1897 3167
225 199 275 230 lli}
315 197 481 230 SALUTE
519 194 709 228 GENERIS
749 194 936 233 lltlitANl,

58 266 214 302 ruitura.
255 263 499 300 Transierunt
550 262 665 298 multa
706 261 845 304 secula,

57 317 95 349 et
105 311 358 349 damnationis
372 310 488 356 ipsius
505 309 720 345 immanitas
735 319 848 355 super

57 370 190 396 omnes
221 358 319 394 filios
355 357 550 392 hominum
582 359 639 392 est
672 357 707 392 in
744 356 846 391 (lete-

58 406 134 442 rius
166 406 356 441 roborata.
389 405 460 440 Nec
493 403 592 440 enim
624 403 759 439 summi
788 414 847 439 sa-

56 452 197 500 pientia
217 451 281 488 Dei
304 452 419 488 ullam
442 451 479 487 in
502 461 626 486 massa
646 450 848 486 creationis

59 502 230 536 humanae
253 498 350 535 viam
382 497 538 542 invenit,
564 508 631 544 per
660 507 787 543 quam,
810 501 849 533 ut

56 546 306 592 disposuerat,
329 546 366 581 in
388 546 566 582 mundum
589 544 745 581 veniens
772 549 848 580 tam

58 594 238 630 luctuosae
255 592 458 639 perditioni
478 592 708 635 subveniret,
731 592 850 628 donec

58 640 106 677 ad
132 640 257 684 istam,
275 640 321 676 de
337 651 410 686 qua
437 639 638 685 loquimur,
658 639 849 685 Virginem

59 690 211 724 ventum
244 691 356 723 esset.
399 687 470 723 Sed
509 688 587 722 haec
623 697 706 722 mox
743 690 782 722 ut
811 686 849 722 in

60 734 240 771 mundum
269 734 382 778 venit,
404 745 471 780 per
494 734 667 770 humanae
692 743 850 780 genera-

60 781 174 818 tionis
191 781 343 825 lineam,
357 786 461 817 tanta
475 781 597 817 omnis
611 781 699 817 boni
716 781 852 816 virtute

59 832 174 875 atque
192 829 403 865 constantia
421 829 586 875 perfecta
604 827 850 874 resplenduit,

60 880 99 913 ut
113 886 196 912 eam
212 875 293 922 ipsa
313 875 497 922 sapientia
512 875 574 911 Dei
591 886 677 912 vere
699 875 853 922 dignam

0 934 1 940 ¹
58 923 260 970 judicaret,
282 933 350 970 per
375 934 487 969 quam
514 923 551 958 in
574 922 764 958 hominem
789 933 854 958 ve-

61 971 183 1014 niens,
213 982 288 1006 non
322 970 582 1007 tantummodo
608 974 755 1006 reatum
782 969 856 1016 pri-

62 1028 208 1054 morum
225 1017 433 1059 hominum,
451 1018 515 1053 sed
536 1021 571 1053 et
590 1017 704 1053 totins
725 1016 855 1053 mundi

60 1069 216 1112 peccata
243 1065 399 1108 deleret,
431 1068 545 1111 atque
577 1064 769 1101 diabolum
799 1064 855 1100 sui

60 1111 186 1160 operis
217 1112 426 1156 inimicum,
453 1122 537 1148 cnm
568 1111 645 1148 suis
685 1111 855 1155 elideret,

61 1170 130 1196 nec
151 1170 227 1196 non
256 1159 397 1195 damna
427 1159 558 1206 patriae
589 1158 767 1202 coelestis,
788 1159 856 1194 ho-

64 1206 203 1243 minem
228 1206 315 1243 illuc
337 1207 565 1246 reducendo,
590 1206 856 1251 reintegraret.

61 1254 150 1298 Quis
176 1253 292 1300 igitur
317 1254 388 1290 ista
415 1254 650 1300 perpendens
671 1254 859 1289 aestimare

62 1305 188 1348 queat,
211 1312 285 1347 qua
314 1302 423 1337 lande
446 1301 559 1348 digna
588 1301 649 1345 sit,
670 1312 752 1346 qua»,
777 1304 859 1336 tan-

63 1353 187 1385 torum
204 1349 391 1385 honorum
413 1348 492 1384 sola
514 1358 591 1394 pra)
615 1348 757 1384 rnnrtis
782 1358 859 1383 me-

64 1395 201 1432 diatrix
216 1395 313 1432 eflici
337 1395 500 1431 meruit?
518 1410 534 1426 »
554 1396 633 1430 lia-c
651 1397 857 1431 Anselmus.

111 1447 132 1479 6
155 1444 448 1479 PRAEDEsTixATio
483 1444 523 1478 B.
563 1443 605 1478 V.
639 1444 779 1478 Metuis..
814 1461 861 1468 —

64 1492 137 1527 Nec
161 1490 229 1527 suit
251 1490 321 1526 ista
351 1490 462 1535 Virgo
490 1489 612 1525 subito
634 1493 669 1524 et
690 1500 778 1525 casu
802 1489 859 1524 in—

63 1542 189 1581 venta,
218 1537 282 1573 sed
311 1538 358 1573 ab
397 1541 538 1573 aeterno
575 1536 857 1582 1)ra}desti11ata.

64 1585 170 1622 Unde
197 1587 441 1620 Damascemts
466 1597 476 1619 .·
505 1598 522 1616 «
548 1585 629 1630 Ipsa
657 1584 721 1619 Dei
747 1583 859 1620 Geni-

63 1632 148 1676 trix,
175 1633 222 1668 ab
251 1636 406 1675 aeterno,
435 1631 548 1667 etiam
580 1631 738 1677 przeviso
770 1635 861 1667 tem-

63 1689 168 1726 pore,
209 1679 273 1715 Dei
307 1678 477 1722 consilio,
514 1678 859 1725 przedeterminata,

63 1731 99 1763 et
123 1726 282 1763 diversis
309 1726 640 1772 imaginationibus
662 1729 699 1762 et
722 1726 859 1762 sancti-

62 1774 304 1810 ficationibus
318 1775 591 1819 Prophetarum
603 1784 668 1820 per
680 1774 859 1820 Spiritum

64 1823 243 1859 Sanctum
273 1821 559 1868 praeiinaginata
592 1825 627 1857 et
657 1821 861 1867 prardicata

64 1869 145 1906 suit.
169 1883 188 1902 »
209 1870 460 1914 Exsurgamus
479 1879 567 1914 ergo
591 1868 629 1904 in
652 1869 860 1914 gratiarum

65 1916 248 1961 actiones,
276 1920 313 1952 et
338 1926 405 1962 pro
438 1919 545 1952 tanta
572 1916 636 1952 Dei
667 1916 766 1952 circa
792 1927 861 1952 nos

65 1963 285 2010 dignatione
329 1963 460 1999 laudes
516 1964 724 1999 reseramus
778 1975 860 2000 cnm

65 2013 251 2052 Anselmo,
282 2011 449 2047 dicentes
485 2022 493 2046 :
531 2025 548 2043 «
575 2011 786 2047 Adoramus
810 2016 860 2055 te,

65 2058 212 2096 Christe
230 2060 304 2095 Rex
326 2059 455 2102 Israel,
475 2058 534 2094 lux
550 2058 739 2100 Gentium,
761 2058 864 2094 Prin-

66 2117 155 2153 ceps
182 2117 313 2152 regum
342 2109 466 2149 terra»,
496 2105 654 2142 Domine
682 2107 861 2150 Sabaoth,

66 2154 193 2190 Virtus
219 2153 284 2190 Dei
307 2153 691 2199 omnipotentissima.
721 2154 863 2190 Adora-

65 2211 150 2238 mus
193 2205 243 2246 te,
285 2200 490 2247 pretiosum
533 2205 670 2236 nostra·
717 2202 863 2237 redem-

62 2247 204 2296 ptionis
240 2247 416 2295 pretium,
455 2247 617 2285 hostiam
654 2249 863 2295 pacificam,

65 2307 149 2343 quae
171 2296 252 2332 sola
273 2296 401 2332 odoris
422 2295 472 2331 tui
496 2295 749 2332 ina‘stimaliili
778 2307 862 2332 sua-

67 2343 181 2380 vitate
200 2344 365 2386 Patrem,
389 2345 453 2388 qui
472 2345 509 2379 in
532 2345 619 2379 altis
639 2345 796 2385 habitat,
815 2345 863 2380 ad

68 2389 344 2437 respiciendum
384 2390 539 2426 humilia
578 2390 788 2435 inclinasti3
827 2396 863 2428 et

67 2438 158 2475 filiis
182 2437 248 2474 irae
270 2437 490 2484 placabilem
516 2438 726 2474 reddidisti.
751 2441 861 2483 Tuas,

44 2485 228 2530 Christe,
280 2484 543 2521 miserationes
599 2486 860 2532 przrdicamns,

65 2537 139 2570 tuae
159 2531 355 2570 suavitatis
385 2532 604 2568 memoriam
635 2544 717 2569 cnm
742 2535 860 2569 aliun-

67 2579 199 2617 dantia
214 2583 448 2623 eructanms;
474 2580 553 2624 tibi,
572 2580 730 2623 Christe,
752 2582 863 2617 sarri-

69 2627 195 2664 ficium
217 2627 338 2664 laudis
358 2627 612 2671 immolamus,
638 2639 704 2674 pro
735 2629 861 2664 multi-

69 2675 199 2713 tudine
222 2674 397 2711 bonitatis
420 2679 505 2718 tnw,
530 2686 641 2721 qnam
668 2676 863 2712 ostendisti

70 2722 178 2760 nobis
198 2721 330 2758 semini
352 2734 527 2768 nequam,
551 2722 637 2758 liliis
657 2723 862 2769 sceleratis,

71 2773 109 2806 et
127 2769 296 2816 perditis.
320 2773 409 2806 Cum
434 2770 533 2805 enim
554 2770 675 2806 adhuc.
696 2782 864 2808 essemus

71 2815 213 2853 inimici
235 2816 302 2862 tui,
330 2817 500 2865 Domine,
526 2818 737 2865 etantiqua
765 2829 865 2855 mors

976 196 1024 228 ΕΤ
1061 196 1312 231 Ntl'lvlltt'l't:
1354 200 1526 232 MAlllli.
1674 203 1706 231 1¹.)

914 262 952 298 in
973 273 1124 299 omnem
1147 275 1296 301 carnem
1325 265 1492 313 iniquum
1519 274 1705 303 exerceret

913 309 1136 352 dominium,
1153 311 1208 347 cui
1227 323 1337 347 omne
1352 324 1478 349 semen
1494 315 1610 350 ,main
1629 315 1710 359 leg-re

914 356 1170 403 primordialis
1210 359 1326 404 cnlpa—
1367 361 1566 396 olmoxinm
1613 367 1709 405 erat,

914 404 1133 440 recordatus
1154 415 1194 441 es
1216 406 1415 442 uberi-imm
1442 408 1709 444 misericordia·

915 456 1001 495 tuae,
1023 455 1059 487 et
1079 451 1302 498 prospexisti
1324 454 1370 489 de
1393 455 1540 490 sublimi
1565 456 1710 492 hahita-

914 498 1016 535 tione
1044 503 1120 543 tua,
1144 498 1181 534 in
1207 500 1303 535 hane
1330 501 1464 537 vallem
1491 502 1711 547 plorationis

914 550 950 581 ct
970 545 1145 581 miserim.
1171 546 1316 592 Vidisti,
1339 549 1509 591 Domine,
1539 551 1710 585 al'llirtio-

916 603 999 629 nem
1022 593 1146 639 populi
1170 593 1239 638 tui,
1261 598 1297 630 et
1323 598 1442 631 tactus
1467 596 1597 631 dolore
1625 599 1712 633 rha-

915 640 1035 676 ritatis
1058 640 1283 677 intrinsecus
1311 642 1517 689 apposuisti
1547 644 1712 687 rogitare

915 699 1028 733 super
1046 698 1113 723 nos
1131 688 1380 733 ‹uigitationes
1399 690 1501 736 pacis·
1520 695 1554 725 ct
1571 692 1715 726 redem—

915 734 1054 781 ptionis
1077 747 1085 770 t
1111 750 1127 767 o
1152 736 1229 771 hirc
1249 737 1457 773 Anselnms.

964 798 982 829 7
1006 784 1093 818 Ents-
1116 795 1233 818 srmrs
1256 796 1296 819 1·:·r
1325 796 1516 821 1›.x111·:x·ri:s.
1544 808 1589 813 —
1610 787 1716 822 Taci-

915 829 962 865 tis
1003 833 1127 865 autem
1163 830 1251 875 illis,
1285 842 1366 877 qnae
1387 833 1434 868 al>
1463 833 1568 869 initio
1596 834 1718 870 omnis

917 880 1098 913 creatura²
1121 888 1237 923 usqne
1259 879 1305 914 ad
1328 879 1446 915 sancti
1472 881 1550 916 Filii
1574 881 1628 917 sui
1651 882 1717 917 azl-

918 928 1085 967 x‘entum,
1124 925 1168 961 de
1197 927 1265 961 hac
1302 927 1411 963 beata
1449 928 1601 974 Virgine
1637 939 1720 975 pro-

918 972 1072 1017 phetata
1098 977 1199 1017 sunt,
1231 977 1307 1009 tam
1339 985 1405 1020 per
1438 986 1503 1010 eos
1537 976 1598 1022 qni
1633 980 1720 1011 ante

923 1020 1070 1064 Legem,
1097 1030 1209 1065 qnam
1243 1031 1310 1067 per
1339 1033 1403 1057 eos
1434 1023 1494 1068 qni
1529 1024 1596 1059 sul)
1626 1025 1721 1069 Lege

916 1066 1009 1112 justi
1048 1068 1219 1109 snernnt;
1275 1069 1320 1104 ‹le
1365 1069 1558 1106 nativitate
1604 1071 1722 1116 ipsius

921 1124 1034 1160 quam
1074 1114 1224 1160 quidem
1257 1126 1299 1151 ex
1337 1116 1436 1152 linea
1466 1117 1722 1163 generationis

922 1162 1095 1197 humanm
1113 1162 1352 1199 descendisse
1365 1164 1516 1207 scimus,
1535 1171 1566 1201 et
1586 1177 1721 1211 magna

923 1209 1095 1254 quiedam
1142 1212 1254 1254 atque
1302 1211 1476 1248 miranda
1527 1213 1721 1257 signorum

923 1255 1059 1291 indicia
1093 1257 1336 1302 prwrurrisse
1362 1259 1564 1302 credimus,
1591 1271 1723 1296 conse-

922 1307 1081 1349 quenter
1096 1303 1222 1349 aliqua
1240 1304 1447 1342 videamus.
1471 1307 1580 1350 vim«)
1597 1308 1723 1353 itaque

923 1350 1088 1395 gloriosa
1122 1362 1164 1386 ex
1198 1363 1271 1396 qna
1300 1354 1514 1390 Incarnatio
1546 1355 1623 1390 Filii
1658 1355 1723 1390 Dei

923 1401 979 1433 est
1001 1398 1111 1441 sacta,
1134 1398 1179 1433 de
1202 1399 1301 1435 tribu
1323 1400 1433 1443 Jmla,
1455 1406 1491 1437 et
1514 1403 1629 1448 stirpe
1653 1404 1723 1438 Da-

924 1445 984 1479 vid
1006 1448 1062 1480 est
1083 1449 1177 1480 orta.
1207 1447 1313 1490 Nam,
1339 1452 1377 1483 nt
1398 1449 1449 1483 ait
1477 1451 1722 1491 „teignis-tinus.

924 1491 1078 1537 dignum
1101 1496 1213 1538 atque
1229 1495 1459 1531 conveniens
1479 1502 1558 1531 erat
1582 1496 1723 1533 coelesti

925 1538 1118 1585 mysterio,
1140 1543 1179 1575 ut
1197 1541 1329 1576 cadem
1352 1543 1483 1586 Maria,
1500 1554 1583 1589 (pm).
1606 1548 1726 1580 mater

926 1586 989 1622 Dei
1027 1587 1233 1622 secundum
1270 1599 1421 1625 carnem
1454 1602 1536 1626 ess(
1573 1591 1724 1633 meruit,

924 1637 960 1670 et
981 1645 1023 1670 ex
1050 1634 1167 1679 regali
1195 1646 1347 1681 genere,
1371 1641 1407 1672 et
1434 1649 1476 1674 ex·
1499 1638 1726 1675 sacerdotali

924 1681 1070 1734 origine
1094 1686 1325 1727 nasceretur,
1349 1684 1394 1720 de
1417 1696 1489 1731 qua
1510 1686 1624 1722 Filius
1644 1687 1724 1730 Dei,

924 1740 985 1774 qm
1018 1731 1096 1765 Rem
1121 1733 1174 1765 est
1203 1734 1239 1765 et
1268 1732 1443 1768 Sacerdos
1476 1736 1512 1769 ιή
1536 1738 1721 1776 wternwn,

923 1786 1059 1822 corpus
1107 1777 1282 1813 humana·
1330 1780 1454 1816 carnis
1503 1782 1722 1828 assumpsit.

924 1825 1028 1859 Anno
1056 1828 1183 1860 autem
1211 1825 1359 1871 imperii
1384 1829 1540 1873 Augusti
1575 1829 1726 1865 circiter

924 1883 1035 1915 xxvii,
1058 1875 1146 1907 nata
1177 1876 1233 1908 est
1258 1874 1423 1919 gloriosa
1448 1875 1557 1921 Virgo
1591 1877 1724 1920 Maria,

924 1930 966 1954 ex
993 1922 1100 1965 patre
1123 1920 1293 1956 Joachim
1326 1922 1373 1958 de
1400 1924 1601 1968 Nazareth,
1625 1929 1661 1961 et
1682 1936 1725 1960 ex

925 1970 1044 2002 matre
1083 1969 1192 2003 Anna
1230 1968 1276 2004 de
1315 1971 1474 2016 Sephor,
1503 1973 1640 2018 oppido
1668 1973 1724 2007 di-

924 2017 1045 2050 stante
1063 2014 1109 2049 ad
1128 2014 1221 2051 duas
1234 2015 1359 2053 leucas
1374 2018 1420 2054 de
1433 2020 1631 2065 Nazareth,
1650 2031 1726 2056 am-

926 2062 1044 2097 hobus
1060 2061 1171 2107 justis
1187 2067 1273 2099 ante
1290 2065 1419 2100 Deum.
1434 2067 1500 2109 Oni
1523 2078 1588 2113 per
1605 2079 1726 2103 annos

927 2108 1054 2155 viginti
1086 2109 1189 2155 prole
1224 2116 1408 2156 carentes,
1445 2125 1513 2160 pro
1550 2116 1723 2152 habenda

926 2157 1055 2192 sobole
1094 2163 1312 2203 oraverunt,
1341 2165 1518 2197 voventes
1554 2174 1592 2198 se
1622 2163 1724 2199 illam

928 2203 1086 2240 Domino
1107 2205 1314 2242 oblaturos.
1332 2208 1421 2244 Cum
1440 2214 1565 2245 antem
1581 2211 1724 2247 videret

926 2252 1099 2304 Issachar
1115 2253 1306 2297 sacerdos,
1327 2256 1496 2292 Joachim
1520 2257 1617 2294 inter
1636 2270 1725 2294 con-

925 2310 1149 2352 civeslsuos
1183 2312 1265 2337 curn
1302 2303 1491 2340 oblatione
1532 2306 1724 2350 assistere,

924 2350 1065 2393 sprevit
1104 2347 1210 2384 illum
1248 2349 1511 2397 improperans
1547 2353 1723 2390 sterilita-

924 2398 1014 2430 tem.
1050 2395 1119 2438 Qui
1150 2395 1367 2443 improperii
1406 2400 1547 2445 pudore
1575 2402 1621 2437 ad
1658 2412 1722 2447 pa-

924 2446 1045 2495 stores
1075 2453 1253 2489 pecorum
1291 2456 1443 2482 suornm
1478 2458 1516 2483 se
1545 2449 1720 2487 contulit:

924 2490 1050 2535 mique
1086 2492 1256 2537 apparuit
1297 2492 1330 2528 ei
1371 2494 1534 2539 Angelus
1574 2496 1719 2531 nomini

923 2538 1140 2573 confortans
1172 2550 1272 2583 enin,
1307 2544 1341 2575 ct
1369 2541 1497 2577 dicens
1530 2543 1721 2578 orationes

923 2585 1004 2628 ejus
1025 2585 1233 2631 exauditas,
1256 2592 1289 2622 et
1317 2588 1576 2635 eleemosynas
1595 2601 1721 2625 ascen-

924 2632 1024 2668 disse
1046 2632 1082 2667 in
1105 2639 1306 2680 conspectu
1332 2635 1408 2671 nei.
1433 2637 1596 2672 'svn-tium
1621 2637 1721 2672 enim

924 2683 1069 2725 partem
1097 2682 1317 2717 substantia·
1344 2695 1420 2717 snn·
1445 2684 1555 2719 <latuit
1580 2696 1721 2730 panpe-

927 2727 1042 2770 rilms,
1061 2731 1096 2763 et
1117 2729 1265 2765 tertiam
1289 2731 1427 2776 templo
1451 2736 1482 2765 et
1510 2732 1633 2777 templi
1660 2732 1723 2767 mi-

927 2774 1072 2819 nist1·is;
1111 2775 1156 2811 sle
1196 2776 1268 2812 alia
1307 2778 1414 2813 tertia
1450 2778 1720 2822 xix·‹·l·.·1t,··nm

926 2822 1038 2857 domo
1071 2833 1150 2859 sua.
1189 2825 1229 2859 Εἰ
1257 2824 1309 2861 ait
1341 2824 1372 2861 ci
1402 2827 1567 2871 Angelus
1593 2838 1601 2862 ;
1633 2828 1723 2862 liri-c
