1897 3167
529 184 579 217 DE
618 184 919 217 CthtIEP'l'lONE
957 185 1238 220 SALVAToltls.
1666 194 1697 226 :11

921 265 943 290 a
962 254 1120 291 rationis
1133 256 1275 293 honore
1293 259 1422 295 mutati
1445 264 1545 305 sunt,
1565 262 1706 308 pecori-

924 312 1009 337 nam
1022 305 1194 355 naturam
1205 311 1454 351 assumentes,
1466 311 1501 343 ct
1512 311 1701 355 tamquam

922 350 1104 433 filsssonttogz
1125 353 1222 386 inter
1246 352 1418 389 homines
1442 355 1644 393 rationales
1665 368 1704 391 se

950 407 970 432 a
1000 407 1045 432 en
1089 425 1118 432 „.

62 254 164 288 Inter
201 252 451 299 proprietates
489 253 625 299 quippe
665 253 844 298 hominis,

64 310 139 335 una
163 304 220 336 est
240 299 483 336 verecundari
521 300 557 335 in
581 300 680 347 turpi
710 311 843 347 perpe·

62 349 174 383 trato.
202 348 358 392 Propter
394 346 494 392 quod
524 347 764 384 inverecundi
788 347 844 384 di-

63 397 197 430 cuntur
213 393 526 440 inemendabiles,
548 395 636 441 quia
656 395 696 432 in
716 395 844 442 aliquo

800 513 970 550 ORATIO

113 607 248 644 Sancte
268 608 448 648 loannes,
472 610 524 650 tu,
546 607 679 643 eodem
697 607 838 653 Angelo
860 618 932 653 quo
954 608 1123 644 Christus
1142 609 1404 655 denuntiante,
1429 618 1644 659 conceptus,
1666 621 1703 651 et

65 654 170 700 prius
190 654 237 690 ab
258 653 339 700 ipso
355 654 498 700 Angelo
515 654 702 698 laudatus,
715 664 826 699 quam
841 665 862 690 a
877 658 982 701 patre
997 655 1164 700 genitus3
1179 660 1216 693 tu
1232 657 1276 693 de
1295 669 1368 703 quo
1387 658 1476 693 dixit
1500 661 1702 697 Dominus:

64 704 163 737 Inter
182 705 286 737 natos
308 703 498 736 mullei-mn
518 712 588 737 non
608 704 770 737 surremit
790 703 908 745 major
929 716 939 738 .·
967 703 1014 739 ad
1044 708 1093 747 te,
1116 704 1283 748 domine,
1312 709 1386 741 tam
1415 710 1603 750 sanetum,
1627 712 1701 744 tam

68 749 231 792 beatum,
254 752 329 784 tam
352 759 529 794 magnum
547 748 736 794 confugio,
762 749 897 785 dubins
919 750 964 786 de
986 751 1105 786 salute
1126 761 1222 794 mea,
1245 752 1332 797 quia
1359 756 1482 788 certus
1500 754 1545 790 de
1567 765 1702 801 magna

66 806 150 832 mea
171 795 292 842 culpa,
324 795 390 831 sed
417 806 572 842 sperans
598 796 644 831 de
674 797 807 841 maiori
831 800 894 832 tua
913 797 1046 844 gratia.
1073 798 1159 833 Dele
1181 809 1269 844 ergo
1297 800 1396 845 apud
1421 801 1536 836 Deum
1561 802 1702 838 scelera

64 853 162 887 mea,
177 843 264 889 quia
285 843 430 888 majora
451 847 539 879 suut
559 843 658 889 apud
680 854 765 879 eum
788 844 922 880 merita
939 848 1014 881 tua.
1035 847 1170 890 Magna
1191 847 1291 882 enim
1313 850 1413 891 suut,
1436 858 1569 893 magne
1590 850 1698 885 Joanl

65 901 148 934 nes,
171 890 305 926 merita
330 895 407 933 tua,
430 893 470 926 ut
496 890 670 926 sut'ticere
695 890 839 936 possint
874 891 938 927 tibi
972 896 1008 927 et
1038 892 1143 936 mihi,
1176 897 1211 929 et
1239 893 1268 929 si
1296 894 1441 939 prosint
1473 895 1577 939 mihi,
1608 896 1702 932 nihi-

64 937 283 974 minuentur
304 937 392 981 tibi;
415 937 586 984 suppleat
609 948 699 983 ergo
724 941 788 973 tua
817 939 1049 975 abundantia
1075 951 1197 976 meam
1217 941 1399 987 inopiam,
1429 945 1467 977 ut
1488 943 1534 978 de
1560 946 1594 979 te
1622 954 1699 979 me-

63 983 222 1021 ditatum
243 989 279 1021 et
299 985 483 1021 salvatum
504 985 542 1020 in
569 988 750 1021 {eternum
769 986 972 1031 gaudeam.
995 988 1126 1023 Amen.

750 1194 932 1242 CAPUT
981 1198 1020 1242 V

565 1341 615 1369 DE
644 1340 911 1370 CONCEPTIONE
942 1341 1195 1371 SALVATORIS.

749 1468 856 1503 Lucae
884 1476 965 1513 cap.
989 1468 1015 1502 Ι.

114 1622 125 1643 ι
166 1607 341 1641 Μιττιτυῐι
396 1614 440 1638 ,m
481 1603 659 1637 Vmomm
698 1603 843 1638 Mamm
920 1601 1699 1649 interveniente,etVirgineconsentiente.

62 1655 222 1691 &imum
258 1661 527 1688 meumst-:Lus
551 1670 597 1675 —
636 1651 676 1684 ln
715 1660 845 1685 mense

60 1706 186 1739 autem
207 1703 309 1737 sexto
327 1709 349 1735 a
369 1696 615 1743 conceptione
637 1697 847 1733 Praecurso-

62 1750 129 1794 ris,
157 1751 357 1796 postquam
391 1744 493 1781 venit
521 1743 714 1790 plenitudo
746 1744 845 1780 illius

64 1794 310 1833 sacratissimi
343 1796 380 1829 et
403 1791 611 1828 felicissimi
648 1791 843 1838 temporis,

63 1843 204 1881 scilicet
232 1839 457 1889 principium
478 1842 590 1875 sextae
611 1838 746 1882 aetatis,
771 1849 843 1885 quo

61 1901 210 1928 summa
235 1888 400 1926 Trinitas
427 1885 557 1932 generi
584 1886 751 1922 humano
778 1897 845 1932 per

61 1937 362 1975 Incarnationem
388 1933 499 1970 Verbi
531 1932 728 1980 providere
756 1938 844 1969 ante

62 1991 236 2033 tempora
274 1983 533 2024 ordinaverat3
573 1991 712 2016 vocans
746 1982 844 2017 Deus

61 2035 302 2080 omnipotens
323 2028 535 2067 Gabrielem
559 2028 841 2073 archangelum,

61 2091 177 2118 unum
193 2080 239 2116 de
254 2077 385 2126 primis
399 2075 629 2122 principibus
645 2074 750 2120 regni
772 2075 841 2119 sui,

60 2128 162 2164 misit
188 2137 274 2164 eum
306 2125 343 2161 in
376 2123 563 2160 civitatem
587 2122 764 2166 Gahloeae,
787 2122 842 2158 di-

57 2179 157 2212 ctam
176 2173 374 2217 Nazareth,
398 2170 445 2207 ad
467 2170 659 2215 Virginem
687 2169 842 2205 Mariam

58 2225 325 2270 desponsatam
353 2218 492 2264 Joseph
515 2218 595 2253 viro
621 2217 667 2252 de
691 2228 756 2252 suo
779 2228 842 2263 ge-

59 2281 151 2308 nere
166 2282 173 2306 :
186 2271 273 2316 quia
282 2268 392 2305 ambo
406 2268 513 2301 erant
526 2266 572 2300 de
586 2264 698 2300 domo
712 2264 841 2308 David,

57 2319 105 2354 de
138 2316 280 2353 familia
309 2312 441 2360 regali,
463 2313 509 2348 de
541 2311 641 2347 tribu
671 2315 707 2347 et
728 2311 843 2364 stirpe

61 2364 193 2408 nobili,
214 2367 251 2400 et
269 2373 347 2409 prae
371 2359 505 2397 ceteris
531 2358 722 2405 religiosa,
748 2363 842 2394 sicut

59 2413 150 2449 dicit
179 2410 401 2448 Bet-nardus.
438 2406 582 2443 Placuit
613 2408 687 2442 Deo
710 2406 841 2442 eodem

57 2459 190 2496 ordine
215 2486 223 2502 ,
264 2461 302 2493 et
337 2455 469 2493 eodem
502 2453 614 2489 modo
650 2453 840 2489 hominem

57 2505 320 2548 reconciliare,
352 2514 425 2549 quo
455 2504 611 2537 noverat
648 2500 839 2537 cecidisse.

54 2554 255 2592 Ceciderat
293 2554 417 2588 autem
456 2549 599 2591 homo,
637 2549 841 2584 secundum

50 2603 207 2642 Beatam,
233 2598 384 2636 diabolo
415 2596 641 2639 destinante,
670 2598 841 2641 serpente

52 2652 266 2695 exequente
296 2675 304 2691 ,
337 2644 486 2689 dialogo
535 2642 839 2687 interveniente,

50 2697 218 2734 muliere
242 2692 514 2731 consentiente.
539 2691 748 2736 Reparatus
786 2694 842 2726 est

49 2756 94 2782 eo
107 2745 193 2781 dem
223 2742 355 2779 ordine
382 2751 402 2776 e
429 2737 633 2781 contrario,
674 2739 749 2773 lleo
782 2738 841 2773 de·

53 2792 126 2830 stin
139 2795 243 2835 ante,
263 2787 408 2834 Angelo
441 2788 666 2832 exequente,
693 2784 842 2831 dialogo

922 1649 1043 1686 Verba
1078 1654 1203 1686 autem
1243 1650 1303 1686 hie
1348 1651 1469 1697 posita
1515 1653 1702 1698 mysteriis

921 1700 1005 1733 sunt
1040 1697 1164 1744 plena,
1195 1700 1231 1734 et
1257 1697 1357 1743 ideo,
1385 1702 1424 1734 ut
1463 1698 1550 1734 dicit
1589 1700 1700 1741 Beria,

920 1744 1140 1780 solemniter
1185 1749 1270 1781 sunt
1309 1746 1488 1789 notanda,
1521 1749 1701 1793 tantoque

920 1791 1137 1838 diligentius
1166 1792 1269 1828 cordi
1312 1793 1527 1838 inserenda,
1561 1798 1701 1840 quanto

921 1839 1154 1876 manifestius
1190 1844 1359 1886 apparet,
1399 1842 1499 1886 quod
1538 1841 1576 1876 in
1611 1841 1702 1887 ipsis

919 1890 997 1922 tota
1013 1887 1282 1933 redemptionis
1297 1891 1433 1923 nostrae
1451 1899 1597 1924 summa
1613 1900 1702 1924 con-

918 1933 1026 1969 sistit.
1046 1934 1223 1970 Libenter
1250 1934 1351 1970 enim
1377 1936 1559 1972 debemus
1577 1947 1701 1972 reeor-

918 1981 999 2017 dari
1038 1982 1084 2017 de
1128 1982 1323 2028 principiis
1370 1986 1509 2018 nostrae
1556 1983 1698 2019 salutis.

919 2029 1131 2065 Notandum
1150 2040 1240 2075 ergo
1262 2030 1362 2075 quod
1385 2041 1564 2066 iiuinerus
1589 2041 1700 2066 sena-

918 2075 995 2111 rius
1039 2087 1114 2112 non
1160 2079 1265 2112 vacat
1311 2087 1333 2112 a
1369 2077 1561 2123 mysterio.
1596 2078 1702 2113 Unde

916 2122 1087 2159 Christus
1119 2127 1321 2170 conceptus
1349 2128 1403 2160 est
1441 2129 1545 2160 sexta
1575 2129 1700 2168 zetzlte,

917 2170 1004 2216 quia
1023 2181 1088 2217 per
1108 2170 1230 2217 ipsum
1251 2171 1437 2208 debebant
1460 2171 1589 2208 omnia
1613 2183 1696 2218 per-

916 2217 991 2261 fici,
1016 2229 1194 2254 numerus
1221 2222 1346 2254 autem
1378 2219 1548 2255 senarius
1578 2220 1701 2265 perse-

915 2268 995 2301 ctus
1019 2269 1093 2309 est,
1123 2265 1211 2301 item
1234 2269 1336 2301 sexta
1356 2266 1540 2311 chylimle,
1564 2266 1601 2303 id
1629 2270 1698 2310 est,

916 2313 1156 2357 millenario,
1198 2312 1260 2359 qui
1300 2317 1357 2349 est
1396 2314 1503 2350 limes
1532 2314 1698 2350 omnium

916 2370 1172 2404 numerorum,
1197 2365 1234 2396 ut
1268 2360 1437 2397 Christus
1458 2365 1515 2397 est
1535 2361 1643 2397 limes
1664 2366 1697 2397 et

914 2407 1000 2443 finis
1040 2408 1207 2443 omnium
1247 2408 1411 2453 entium3
1456 2408 1544 2444 item
1597 2412 1698 2445 sexto

914 2465 1058 2499 mense,
1099 2455 1186 2501 quia
1222 2455 1286 2490 illo
1327 2466 1456 2491 mense
1495 2456 1613 2491 sactus
1644 2460 1701 2491 est

913 2503 1086 2546 mundus,
1112 2503 1175 2549 qui
1203 2513 1271 2549 per
1294 2502 1417 2548 ipsum
1455 2503 1556 2539 refici
1585 2503 1697 2538 debe-

913 2550 989 2593 bat,
1025 2550 1120 2586 sient
1151 2561 1217 2596 per
1249 2549 1371 2596 ipsum
1402 2552 1520 2586 sactus
1554 2550 1694 2590 suerat;

912 2596 1002 2633 item
1031 2600 1133 2633 sexta
1159 2597 1265 2641 seria,
1295 2597 1383 2643 quia
1404 2597 1467 2633 illa
1494 2597 1555 2633 die
1584 2598 1695 2631 homo

911 2648 964 2680 est
984 2649 1146 2689 creatus,
1163 2648 1199 2681 et
1220 2655 1287 2690 per
1304 2645 1426 2690 ipsum
1449 2643 1609 2680 recreari
1632 2644 1695 2679 de-

911 2692 1023 2727 bebat
1039 2693 1118 2738 ‚jam
1141 2692 1321 2739 perditus.
1348 2693 1388 2726 Et
1417 2692 1498 2726 ideo
1521 2690 1695 2726 similiter

910 2738 1694 2783 eademwtate,eodemmillenario,eodem

912 2797 1056 2834 mense,
1087 2791 1123 2823 et
1158 2787 1291 2823 eadem
1329 2785 1422 2822 seria
1456 2796 1590 2832 passus
1626 2789 1695 2825 est,
