1902 3126
426 127 538 166 QUOD
576 125 690 158 PUER
729 124 859 159 JESUS
899 126 1115 160 INVENTL'S
1154 129 1231 162 EST
1269 127 1309 160 IN
1349 128 1533 162 TEMPLO.
1750 127 1805 162 133

169 198 280 234 serre.
300 198 395 233 Nota
416 195 527 231 etiam
539 192 746 237 moraliter,
762 193 860 238 quod
880 204 948 240 per

166 246 235 281 hoc
269 244 367 290 quod
394 241 564 280 Christus
585 239 871 285 interrogationi
892 251 948 276 re-

164 291 328 338 spondit,
365 288 471 336 quasi
525 287 747 332 corrigendo
790 287 946 323 verbum

164 338 305 382 Matris,
334 347 417 383 quas
441 336 563 381 ipsum
591 343 674 369 cum
696 333 826 370 dolore
847 333 947 371 inter

162 389 343 432 cognatos
363 387 400 419 et
415 386 524 418 notos
545 380 760 427 quaesierat‚
774 381 945 417 omissio-

163 443 248 469 nem
292 430 526 466 vinculorum
575 427 769 474 sanguinis
815 432 945 475 aperte

161 478 344 525 suggerit,
380 476 584 513 ostendens
614 476 716 521 quod
745 486 821 511 non
855 486 944 512 con-

162 525 272 572 tingit
304 528 442 561 metam
478 522 722 570 perfectionis
760 523 945 570 attingere

162 583 261 617 eum,
291 572 351 618 qui
379 572 501 608 adhuc
528 574 686 617 vagatur
714 570 752 606 in
780 571 838 606 his
862 582 944 617 quae

161 619 308 666 corpori
320 619 584 662 conseruntur;
601 621 638 654 et
650 618 749 663 quod
761 618 873 654 homo
884 618 946 654 de-

160 666 238 704 ficit
269 677 291 704 a
319 665 563 713 periet-tione,
583 668 738 712 propter
763 666 938 701 affectum

160 719 420 761 cognatorum.
431 715 473 749 Et
485 714 555 749 hoc
568 712 693 748 innuit
707 723 775 758 per
785 712 944 758 primam

159 761 380 805 clausulam,
418 771 502 797 cum
529 760 612 796 ait:
641 760 737 802 Quid
767 764 818 795 est
848 760 945 806 quod

158 820 214 846 me
248 810 494 856 quaerebacc's?
521 807 662 843 scilicet
683 807 782 843 inter
806 818 943 853 cogna-

158 860 231 902 tos,
247 861 284 894 et
303 855 506 893 carnaliter
518 854 764 902 propinquos.
783 856 854 890 Per
874 856 944 891 hoc

159 915 249 941 vero
267 904 367 951 quod
385 902 490 939 addit
506 913 514 937 :
538 904 776 945 Nesciebatesss,
802 904 891 947 quia
905 904 944 938 in

161 953 232 996 his,
255 955 341 996 etc.,
364 951 472 987 docet
494 960 576 994 nos,
608 959 685 985 non
711 949 849 985 debere
878 960 945 996 per

161 999 292 1035 infima
309 998 430 1046 gradi,
451 997 516 1034 sed
531 998 578 1033 ad
594 996 791 1042 superiora
805 997 944 1033 debere

160 1047 298 1083 mentis
316 1046 443 1082 oculos
465 1045 649 1081 attollere.
668 1044 860 1080 Moraliter
878 1055 946 1091 per

159 1095 229 1130 hoe
244 1093 342 1140 quod
359 1092 527 1130 Christus
541 1103 623 1128 cum
637 1095 832 1138 correptus
847 1095 946 1128 esset

158 1141 220 1177 hic
245 1151 265 1177 a
298 1142 432 1184 Matre,
456 1150 496 1176 se
518 1138 677 1175 dulciter
699 1143 736 1174 et
754 1139 946 1175 humiliter

162 1188 364 1232 excusavit,
384 1187 473 1224 alibi
493 1191 635 1232 autem,
658 1186 801 1222 scilieet
819 1186 859 1222 in
880 1198 946 1223 nu-

159 1236 248 1282 ptiis
268 1246 351 1272 cum
370 1235 551 1271 invitatus
563 1238 632 1278 est,
656 1234 702 1269 ad
721 1233 944 1270 miraculum

160 1283 252 1320 dure
264 1281 585 1329 respondit,dedit
608 1281 716 1317 nobis
733 1282 944 1327 exemplum

160 1334 197 1367 et
234 1331 394 1367 sormam
433 1328 666 1374 humilitatis,
690 1332 730 1364 ut
769 1329 944 1365 malimus

161 1378 298 1425 corripi
321 1388 435 1423 quam
457 1376 616 1412 laudari.

217 1429 256 1462 ιδ
279 1426 419 1461 Primum
445 1436 586 1460 venam
608 1425 753 1460 Cnmsri
774 1435 944 1460 semrrcu

162 1485 219 1509 me
251 1484 426 1509 HABEML’S.
461 1492 504 1497 -—
540 1473 582 1507 Et
617 1475 705 1507 nota
725 1472 824 1517 quod
846 1471 945 1507 istud

160 1520 229 1557 fuit
268 1520 430 1567 primum
468 1519 626 1555 verbum
661 1519 761 1564 quod
799 1520 845 1555 ab
880 1529 945 1554 ore

163 1567 367 1604 Salvatoris
396 1566 588 1613 prolatum
623 1576 705 1602 esse
734 1566 883 1611 legitur,
908 1565 945 1601 in

161 1625 236 1662 quo
272 1624 379 1651 suam
414 1613 654 1650 divinitatem
681 1613 876 1660 expressit.
902 1613 946 1648 Et

159 1662 283 1709 ipsum
309 1662 464 1698 verbum
490 1664 604 1697 tantae
627 1660 698 1696 fuit
720 1659 943 1705 altitudinis,

161 1710 262 1756 quod
282 1709 401 1746 Maria
421 1712 457 1745 et
478 1709 617 1755 Joseph
638 1708 762 1755 ipsum
789 1719 865 1744 non
886 1708 943 1743 in-

158 1757 396 1794 tellexerunt.
408 1758 451 1792 Et
469 1757 542 1792 hoc
556 1759 612 1792 est
628 1756 727 1802 quod
743 1755 918 1793 subditur
934 1768 942 1791 ε

160 1807 207 1841 Et
226 1807 301 1852 ipsi
320 1816 389 1840 non
405 1805 664 1840 intellexerunt
683 1804 830 1839 verbum
848 1805 946 1849 quod

165 1854 303 1889 locutus
334 1855 386 1887 cst
411 1852 460 1887 ad
486 1862 555 1891 eos,
591 1850 733 1887 scilieet
765 1852 866 1896 quod
900 1853 946 1888 de

167 1901 277 1936 Patre
312 1899 468 1942 dixerat,
494 1902 530 1935 et
559 1898 648 1945 quid
680 1909 748 1944 per
768 1898 839 1934 hoc
863 1909 945 1935 ver-

166 1948 255 1984 bum
276 1946 432 1982 innuere
452 1946 576 1982 vellet.
596 1946 753 1982 Volebat
769 1945 870 1981 enim
891 1946 946 1983 eis

165 1995 340 2038 innuere,
362 1994 462 2040 quod
496 1993 589 2029 sicut
621 1993 667 2029 ad
702 1994 865 2037 Patrem,
896 1994 947 2030 ita

167 2042 214 2078 ad
244 2042 365 2088 ipsum
395 2040 600 2087 pertineret
631 2050 723 2076 eura
746 2041 888 2086 templi,
911 2045 949 2077 et

165 2089 419 2136 spiritualium
452 2092 488 2124 et
508 2087 676 2124 omnium
709 2098 791 2133 qum
828 2088 947 2125 Patris

164 2141 253 2174 sunt
274 2135 519 2182 gubernati03
543 2135 632 2182 quia
653 2136 851 2170 amborum
873 2146 947 2172 una

165 2188 223 2220 est
257 2184 449 2230 majestas,
470 2183 605 2229 gloria,
629 2186 665 2218 et
698 2182 881 2228 operatio,
904 2194 947 2219 ac

165 2242 241 2268 una
280 2232 402 2276 sedes,
443 2235 480 2267 et
518 2231 673 2274 domus,
712 2240 787 2265 non
823 2230 944 2266 solum

166 2278 386 2322 materialis,
424 2279 489 2314 sed
530 2282 564 2314 et
603 2276 820 2324 spiritualis.
854 2279 944 2314 Cum

166 2326 284 2362 Maria
308 2330 343 2361 et
377 2326 516 2372 Joseph
551 2327 678 2361 Jesum
708 2325 771 2361 Dei
813 2325 944 2361 Filium

165 2373 375 2416 crederent,
399 2384 471 2408 non
491 2377 618 2409 tamen
640 2373 946 2416 animadvertunt

164 2421 253 2467 quid
279 2420 391 2463 dicat,
421 2431 488 2456 nec
517 2420 651 2456 divium
680 2424 823 2456 naturae
845 2431 946 2457 area-

166 2479 255 2503 num
279 2467 508 2513 intelligunt,
532 2467 619 2513 quia
640 2467 729 2503 talia
752 2469 798 2504 al)
820 2479 863 2504 eo
884 2479 946 2505 au—

164 2515 244 2551 dire
267 2516 390 2551 adliuc
427 2515 564 2551 assueti
596 2526 669 2552 non
699 2519 819 2557 erant,
842 2516 946 2552 etde

165 2562 360 2599 divinitate
376 2574 443 2599 sua
464 2563 630 2599 nondum
650 2563 696 2599 ad
713 2573 777 2599 eos
795 2564 946 2609 loquen-

165 2614 239 2647 tem
253 2610 449 2646 audierant
466 2622 473 2653 3
498 2611 553 2646 vel
571 2610 835 2647 intellexerunt
857 2611 945 2657 quid

166 2657 272 2703 dixit,
297 2658 361 2694 sed
391 2669 465 2693 non
487 2657 537 2693 ita
566 2658 688 2704 plene,
714 2662 754 2694 ut
780 2663 945 2705 postmo-

165 2705 267 2742 dum.
288 2707 369 2752 lpse
390 2717 478 2741 vero
505 2706 551 2741 ad
574 2706 703 2742 Matris
730 2706 945 2752 requisitio-

165 2763 251 2789 nem
273 2757 310 2790 et
331 2753 562 2790 voluntatem
580 2753 691 2791 rediit
710 2758 743 2790 et
762 2755 946 2791 descendit

1026 207 1104 231 cum
1129 198 1179 230 eis
1205 200 1238 232 et
1264 200 1360 233 venit
1380 199 1578 242 Nazareth,
1603 198 1649 235 ad
1671 209 1805 236 eorum

1026 242 1338 288 consolationem,
1359 245 1421 281 ubi
1444 250 1524 281 erat
1546 250 1748 292 conceptus
1769 248 1807 283 et

1025 289 1221 332 educatus,
1274 292 1372 327 unde
1414 298 1450 328 et
1496 295 1710 330 Nazarenus
1748 297 1806 330 est

1023 339 1188 371 vocatus.
1214 338 1304 372 Nam
1328 338 1415 388 quia
1432 341 1529 375 licus
1548 346 1581 377 et
1599 342 1712 377 homo
1733 344 1804 386 est,

1023 386 1225 429 utramque
1261 394 1367 420 suam
1405 390 1575 423 naturam
1610 388 1717 424 nobis
1744 387 1806 424 hic

1023 430 1277 474 commendat,
1296 434 1332 466 et
1350 442 1448 467 nune
1469 436 1614 471 excelsa
1636 435 1802 480 deitatis,

1022 488 1121 513 nunc
1166 476 1318 513 infirma
1358 479 1534 516 humanm
1591 482 1806 528 fragilitatis

1021 525 1186 571 pras-fert.
1235 526 1363 571 ltaque
1404 528 1508 571 quasi
1550 529 1677 573 homo,
1720 539 1805 566 cum

1022 571 1245 618 parentibus
1279 573 1489 608 Jerusalem
1526 577 1708 620 ascendit,
1739 576 1806 613 sed

1022 620 1130 665 quasi
1172 620 1283 665 Deus,
1325 619 1399 655 illis
1449 621 1718 666 nescientibus,
1768 623 1805 659 in

1022 666 1162 712 templo
1177 667 1357 703 remansit
1370 679 1377 710 ;
1389 667 1493 713 quasi
1507 669 1619 704 homo
1636 670 1806 705 seniores

1020 713 1292 760 interrogabat,
1314 715 1379 750 sed
1401 715 1503 761 quasi
1524 717 1622 751 Deus
1641 727 1723 762 quae
1747 727 1804 752 se-

1020 761 1147 798 niores
1166 762 1395 798 mirarentur
1410 763 1683 808 respondebat;
1699 763 1805 809 quasi

1020 808 1087 845 Dei
1103 808 1216 844 Filius
1231 809 1268 844 in
1283 809 1422 855 templo
1440 810 1561 845 Patris
1577 814 1612 845 et
1626 821 1692 846 suo
1708 820 1808 846 com·

1020 859 1203 900 moratur,
1218 856 1283 892 sed
1302 856 1408 903 quasi
1428 857 1527 893 filius
1539 857 1703 893 hominis
1719 867 1807 894 cum

1020 903 1240 950 parentibus
1262 914 1336 950 quo
1353 905 1488 950 Jubent
1515 905 1731 941 revertitur.

1072 955 1111 994 14
1142 952 1194 987 DE
1228 952 1371 987 Cmusn
1409 963 1639 987 sumnssmxr:
1677 964 1712 988 m
1749 963 1808 988 PA-

1020 1010 1168 1034 RENTES.
1194 1019 1233 1025 -—
1258 1001 1306 1034 Et
1339 1002 1417 1034 erat
1438 1000 1607 1035 subditus
1637 1001 1729 1041 illis,
1758 999 1807 1035 ad

1021 1049 1192 1082 nostram
1230 1045 1513 1082 instructionem
1551 1049 1589 1082 et
1618 1046 1806 1093 superbiae

1021 1097 1160 1129 nostrae
1195 1093 1470 1137 confusionem,
1497 1094 1558 1139 qui
1587 1094 1807 1140 frequenter

1020 1141 1217 1177 renuimus
1234 1140 1363 1186 subjici
1378 1141 1635 1187 superioribus
1650 1140 1803 1178 nostris.

1021 1190 1108 1224 Erat
1129 1189 1266 1234 quippe
1289 1187 1461 1224 subditus
1489 1188 1576 1232 illis,
1603 1188 1747 1225 scilicet
1766 1188 1806 1224 in

1022 1246 1066 1271 ea
1084 1239 1219 1271 natura
1239 1245 1313 1281 qua
1331 1236 1441 1271 Patre
1464 1235 1586 1271 minor
1605 1239 1673 1272 est.
1697 1235 1804 1281 Quia,

1021 1286 1061 1319 ut
1091 1282 1181 1318 dicit
1206 1284 1451 1327 Augyustinus,
1487 1283 1694 1319 secundum
1728 1284 1807 1319 sor-

1021 1341 1122 1366 mam
1144 1331 1240 1366 servi
1268 1340 1361 1376 puer
1387 1329 1555 1366 Cliristus
1576 1330 1699 1366 minor
1726 1333 1808 1366 erat

1022 1377 1136 1414 etiam
1168 1377 1389 1424 parentibus
1428 1377 1517 1413 suis.
1561 1379 1604 1413 Et
1641 1382 1681 1413 tu
1715 1388 1805 1424 ergo

1022 1425 1194 1462 subditus
1221 1428 1301 1461 esto
1338 1428 1492 1470 propter
1527 1424 1647 1469 illum,
1689 1428 1729 1460 ut
1759 1424 1808 1461 ad

1021 1483 1107 1508 eum
1124 1483 1192 1518 per
1213 1471 1446 1508 obediendia*
1465 1472 1634 1507 laborem
1656 1472 1805 1518 redeas,

1021 1531 1043 1555 a
1067 1531 1141 1566 quo
1165 1530 1232 1565 per
1252 1518 1518 1555 inobedientiae
1541 1519 1725 1555 desidiam
1746 1530 1808 1556 re-

1022 1577 1204 1603 cesseras.
1230 1566 1295 1602 Ilie
1314 1567 1414 1601 enim
1434 1566 1659 1611 exemplum,
1682 1570 1717 1602 et
1736 1566 1807 1602 for·

1021 1625 1123 1650 mam
1144 1613 1370 1650 obedientiae
1393 1617 1428 1649 et
1449 1613 1672 1650 humilitatis
1697 1613 1808 1650 Chri-

1022 1665 1102 1698 stus
1129 1661 1238 1697 nobis
1264 1660 1425 1708 praebuit
1451 1664 1486 1697 et
1518 1660 1696 1705 ostendit,
1717 1661 1808 1698 dum

1020 1709 1101 1756 ipse
1121 1709 1328 1756 imperator
1350 1708 1496 1752 mundi,
1513 1712 1550 1744 et
1567 1708 1625 1744 cui
1644 1708 1807 1745 mundus

1021 1758 1215 1803 subJ'eetus
1255 1760 1311 1793 est
1337 1784 1346 1801 ,
1382 1756 1604 1802 parentibus
1651 1755 1730 1792 suis
1771 1758 1808 1792 et

1021 1815 1152 1841 eorum
1179 1803 1338 1851 imperio
1366 1803 1560 1839 humiliter
1590 1804 1700 1839 subdi
1738 1814 1808 1839 vo-

1021 1852 1103 1888 luit.
1135 1851 1299 1888 Audiant
1335 1861 1424 1897 ergo
1452 1852 1532 1887 haec
1565 1850 1735 1895 subditi,
1772 1854 1809 1887 et.

1023 1899 1162 1936 subditi
1189 1910 1272 1935 esse
1300 1901 1374 1935 non
1401 1898 1668 1945 dedignentur,
1689 1898 1808 1944 siqui-

1022 1947 1108 1983 dem
1131 1946 1309 1983 omnibus
1336 1945 1502 1992 praelatis
1534 1945 1704 1982 subditus
1725 1945 1809 1982 fieri

1022 2005 1098 2030 non
1129 1997 1186 2030 est
1218 1993 1458 2039 dedignatus.
1481 1993 1630 2028 Praelati
1658 2003 1808 2039 quoque

1021 2053 1099 2078 non
1121 2040 1356 2087 superbiant,
1375 2044 1411 2076 et
1429 2040 1466 2075 in
1482 2041 1621 2086 Joseph
1634 2040 1807 2086 praelatQ

1021 2093 1058 2125 et
1079 2088 1117 2124 in
1138 2088 1285 2125 Christo
1308 2087 1456 2124 subdito
1484 2087 1697 2133 intelligant
1718 2087 1808 2134 quia

1022 2147 1120 2182 saepe
1144 2136 1187 2171 fit
1217 2139 1257 2171 ut
1282 2134 1437 2181 maJ'oris
1469 2135 1592 2171 meriti
1615 2135 1690 2171 sint
1716 2135 1804 2171 sub-

1021 2184 1088 2220 diti
1108 2194 1221 2230 quam
1246 2182 1404 2229 praelati.
1427 2183 1533 2226 Quod
1554 2182 1584 2218 si
1608 2181 1804 2218 intellexe-

1020 2231 1082 2275 rit,
1103 2242 1179 2267 non
1213 2230 1423 2267 elevabitur
1450 2229 1639 2276 superbia,
1663 2229 1726 2275 qui
1748 2232 1804 2266 est

1020 2278 1218 2315 sublimior
1237 2277 1435 2323 dignitate,
1461 2278 1584 2314 sciens
1608 2277 1806 2313 meliorem

1019 2326 1089 2363 sibi
1111 2326 1321 2372 subjectum
1338 2336 1432 2361 esse.
1457 2327 1500 2361 Et
1515 2325 1668 2361 adverte
1687 2335 1806 2371 quan—

1020 2377 1059 2410 ta
1074 2373 1141 2410 fuit
1156 2373 1320 2420 dignitas
1332 2373 1452 2409 beatae
1469 2372 1647 2419 Virginis,
1662 2372 1762 2418 quod
1773 2371 1807 2408 ei

1020 2421 1082 2458 ille
1104 2422 1296 2468 subiectus
1314 2425 1384 2465 est,
1406 2420 1464 2456 cui
1487 2420 1608 2456 omnis
1633 2423 1808 2456 creatura

1021 2468 1230 2515 subjicitur.
1260 2469 1366 2505 Undc
1389 2470 1619 2513 Auqzcsttnas
1645 2480 1655 2502 .·
1692 2481 1709 2499 «
1731 2468 1809 2502 Hoc

1022 2516 1215 2562 singulare
1247 2515 1488 2563 privilegium
1521 2513 1650 2551 babuit
1676 2513 1806 2560 Virgo,

1021 2567 1062 2601 ut
1082 2565 1242 2600 haberet
1262 2563 1331 2599 sibi
1354 2564 1580 2609 subjectum,
1598 2571 1708 2606 quem
1731 2571 1806 2597 non

1020 2612 1141 2648 solum
1163 2612 1331 2647 humana
1345 2614 1671 2653 ereatura,ve1·um
1693 2607 1808 2644 etiam

1021 2659 1202 2706 Angelica
1217 2661 1469 2702 reveretur-,et
1490 2657 1620 2693 adorat
1640 2655 1807 2691 multitu-

1022 2707 1083 2744 do.
1111 2721 1128 2739 »
1151 2707 1254 2743 Unde
1276 2709 1311 2742 et
1328 2705 1549 2744 Rei-nardus,
1571 2707 1807 2749 pertractans

1022 2755 1095 2791 hoc
1128 2754 1227 2790 idem
1246 2754 1426 2790 verbum:
1456 2754 1499 2787 Et
1527 2754 1608 2787 erat
1633 2750 1806 2788 subditus
